1685 2954
161 101 358 136 chxvm
683 140 688 146 ,
766 102 825 134 DE*-
852 102 997 136 sacms

161 202 312 255 aliquod
337 201 500 242 animalis
526 200 690 240 sacrificii
713 201 824 242 fuisse
849 204 1108 256 interpretatur
1132 213 1245 256 poeta
1271 207 1409 245 u.732.
1447 207 1489 245 ln
1506 206 1605 247 hunc

162 265 312 303 modum
329 261 577 302 emendandus
602 269 658 301 est
681 264 781 303 locus
801 273 948 304 metam.
969 271 1030 315 11,
1044 270 1116 304 22:
1143 267 1349 306 Maenades
1363 267 1495 318 orphei
1513 273 1605 314 titu-

160 326 238 365 lum
261 337 416 375 rapuere
439 323 632 374 triumphi:
658 338 741 364 nam
761 327 859 377 quod
877 328 1029 378 legitur:
1059 328 1207 377 theatri,
1231 330 1395 379 ineptum
1413 336 1489 368 est:
1514 331 1602 369 Pla-

162 388 279 426 nudes
305 399 433 425 uerum
457 386 569 437 legit,
601 387 730 426 eadem
761 390 963 440 scripturae
988 389 1176 428 diversitas
1204 398 1304 428 extat
1334 391 1419 428 fast.
1451 392 1488 437 5,
1512 393 1603 430 189:

161 449 210 487 de
235 448 346 485 titulis
372 448 545 498 triumphi
570 449 651 499 lege
676 451 769 488 trist.
785 454 824 499 4,
837 455 876 500 2,
890 454 954 489 20.
997 452 1291 502 Quinquatruum
1313 464 1460 503 quoque
1485 453 1604 504 publi-

160 522 244 547 cum
269 522 411 547 sacrum
439 511 578 547 nullum
613 519 872 549 commemorat
896 518 1030 562 poeta,
1064 515 1226 563 priuatas
1253 516 1465 552 cerimonias
1491 516 1606 565 pluri-

161 584 264 621 mas,
297 572 346 610 de
371 572 503 623 quibus
530 573 693 608 certatim
719 579 986 610 annotauerunt
1014 575 1250 625 interpretes:
1286 576 1332 613 ad
1359 588 1502 613 uersum
1528 578 1604 614 833

158 634 297 672 referes
321 635 473 671 Festum
499 646 538 683 p.
557 635 645 680 333,
667 635 714 670 19
733 633 802 671 sin.
853 633 910 670 De
936 634 971 669 T
976 634 1162 673 ubilustrio
1189 651 1224 674 u.
1244 639 1318 674 849
1344 639 1455 687 paulo
1483 639 1604 688 plura,

158 708 270 747 quam
302 695 481 743 Ouidius,
517 695 706 731 annotauit
739 694 889 730 Verrius
925 696 962 731 in
998 696 1122 732 tabula
1153 696 1414 747 Praenestina,
1449 712 1604 749 quorum

157 758 347 796 fructuosa
380 762 436 795 est
469 755 721 805 interpretatio
747 754 937 804 Fogginii,
970 769 1077 806 quem
1109 757 1223 794 adibis
1249 759 1381 796 collato
1409 759 1604 798 Clausenio

157 831 198 870 p.
212 821 312 856 1240
328 831 410 869 sqq.
449 817 507 854 De
533 816 678 866 reliquis
698 817 830 853 mensis
848 816 971 853 Martii
997 818 1106 854 sacris
1132 819 1275 855 remitto
1296 825 1333 855 te
1353 820 1400 856 ad
1425 832 1481 868 ea,
1510 832 1605 871 quae

156 882 255 919 dicta
279 887 365 917 sunt
389 891 501 929 supra
526 891 565 928 p.
579 889 691 926 x1.11,
709 889 837 914 xmn.
879 878 1057 916 Kalendis
1077 879 1274 928 Aprilibus,
1301 886 1342 917 ut
1367 894 1479 931 supra
1505 882 1604 919 dice-

157 944 256 991 bam,
283 942 372 979 nihil
398 941 532 991 publici
558 940 651 977 sacri
671 939 833 988 agnoscit
851 939 1018 977 Verrius:
1045 946 1083 977 at
1106 947 1217 990 poeta
1234 953 1330 990 quae
1348 943 1387 990 4,
1406 943 1603 981 135-138

156 1005 205 1043 de
230 1005 416 1042 lauatione
429 1003 582 1040 Veneris
604 1001 730 1049 habet,
759 1002 818 1038 ubi
839 1001 886 1038 de
901 1001 1121 1039 redimiculis
1139 1001 1288 1039 euolues
1302 1003 1450 1040 Festum
1463 1017 1501 1055 p.
1514 1007 1604 1053 273,

157 1070 207 1103 12
222 1066 290 1102 sin.
323 1071 361 1102 et
391 1064 483 1111 265,
504 1067 527 1101 3
550 1064 632 1111 sin.,
667 1063 715 1100 ad
749 1075 824 1100 rem
859 1062 1018 1099 diuinam
1053 1063 1196 1112 publice
1231 1065 1268 1101 in
1306 1066 1444 1116 templo
1481 1067 1602 1116 aliquo

154 1128 291 1166 factam
316 1124 512 1163 referenda
536 1126 614 1161 sine
639 1123 749 1161 dubio
775 1130 874 1163 sunt.
916 1124 1001 1161 Non
1029 1124 1159 1170 habeo,
1186 1126 1368 1174 quomodo
1395 1139 1475 1163 eam
1497 1127 1603 1164 diffe-

154 1190 310 1228 rentiam
335 1189 571 1237 interpreter,
607 1186 675 1222 nisi
700 1186 796 1223 sorte
823 1186 1024 1237 putandum
1052 1192 1108 1222 est
1134 1185 1179 1222 ad
1206 1186 1330 1222 tanum
1357 1189 1476 1224 nescio
1503 1188 1602 1238 quod

154 1251 309 1290 Veneris
335 1261 382 1286 ex
408 1260 535 1284 eornm
561 1259 734 1294 numero,
763 1249 801 1285 in
827 1247 955 1296 qulbus
980 1247 1237 1285 lectisternium
1261 1249 1433 1285 „autorem
1458 1253 1601 1298 partem

153 1315 245 1352 anni
268 1311 348 1361 fieri
372 1310 517 1347 solitum
543 1307 654 1346 tradit
674 1309 797 1346 Liuius
817 1312 880 1357 36,
902 1313 921 1345 1
951 1309 1013 1345 illo
1040 1309 1098 1345 die
1123 1309 1336 1358 frequenter
1357 1309 1503 1346 affuisse
1521 1322 1601 1346 mu-

151 1377 259 1414 lieres
284 1375 491 1420 Romanas,
526 1378 564 1408 et
588 1370 806 1407 lectisternia
833 1384 914 1408 cum
941 1371 1124 1407 lauatione
1151 1371 1343 1407 coniuncta
1368 1369 1490 1407 fuisse.
1544 1371 1600 1408 Ad

151 1438 314 1489 priuatas
340 1436 417 1473 eius
444 1433 513 1470 diei
541 1433 751 1469 cerimonias
778 1432 873 1469 adde
907 1432 1005 1482 quod
1041 1431 1139 1482 apud
1167 1431 1240 1468 Ou.
1263 1438 1332 1469 art.
1353 1444 1424 1469 am.
1453 1436 1490 1479 1,
1509 1432 1599 1478 405,

151 1500 228 1536 406
259 1498 348 1547 legis
381 1496 428 1533 de
461 1495 648 1544 utrisque,
680 1493 817 1530 Martiis
850 1498 887 1529 et
922 1495 1127 1544 Aprilibus,
1161 1492 1351 1530 Kalendis.
1416 1493 1454 1529 ln
1488 1495 1598 1531 sacris

150 1561 309 1611 Magnae
335 1557 458 1595 matris
487 1557 601 1594 multa
627 1556 793 1592 cautione
820 1568 911 1604 opus
938 1563 1014 1604 est,
1051 1568 1096 1592 ne
1123 1554 1294 1592 Ouidium
1321 1556 1600 1605 interpretemur

150 1622 198 1661 ad
233 1621 475 1673 posteriorum
507 1619 726 1668 scriptorum
758 1617 977 1656 testimonia.
1030 1617 1149 1654 Locus
1178 1617 1375 1653 Herodiani
1411 1621 1448 1664 1,
1473 1620 1535 1664 10,
1557 1617 1598 1664 5,

149 1696 260 1735 quem
281 1683 367 1733 quia
384 1681 559 1731 Neapolis
580 1680 716 1730 primus
739 1678 918 1727 adhibuit,
945 1678 1082 1716 uidebis
1109 1678 1208 1728 apud
1234 1679 1366 1729 ipsum,
1393 1678 1599 1716 Macrobius

148 1751 219 1783 sat.
247 1749 285 1793 1,
310 1748 376 1791 21,
404 1755 441 1792 p.
460 1743 536 1777 210
561 1741 608 1777 de
636 1741 779 1777 Hilariis
806 1753 841 1777 a.
868 1740 905 1777 d.
933 1741 1016 1777 VllI
1041 1740 1103 1777 ΚΡ
1130 1742 1237 1790 Apr.,
1270 1753 1364 1790 quae
1396 1740 1443 1777 ad
1469 1741 1597 1790 Mega-

147 1806 264 1845 lensia
290 1806 367 1843 sine
393 1803 503 1840 dubio
528 1802 736 1852 pertinent,
769 1802 989 1850 Augustinus
1016 1813 1047 1837 c.
1074 1800 1110 1837 d.
1138 1806 1178 1849 2,
1204 1804 1249 1839 4:
1285 1802 1438 1840 Caelesti
1463 1804 1598 1851 uiryini

147 1873 184 1905 et
211 1866 445 1913 Berecyntiae
477 1866 590 1901 matri
623 1863 768 1901 deorum
795 1865 954 1901 omnium
980 1867 1065 1900 ante
1090 1864 1167 1900 eius
1193 1862 1354 1900 lecticam
1381 1864 1437 1901 die
1459 1864 1597 1902 solenni

147 1930 350 1968 lauationis
373 1929 451 1964 eius
476 1925 571 1964 talia
596 1937 659 1976 per
683 1924 863 1975 publicum
888 1924 1162 1962 cantitabantur
1182 1937 1207 1962 a
1228 1927 1456 1974 nequissimis
1479 1928 1596 1963 sceni-

147 1993 200 2030 cis
232 2013 299 2039 -‚
331 1988 581 2026 Tertullianus
617 1986 701 2024 adu.
734 1994 833 2035 gent.
862 1999 893 2023 c.
921 1988 989 2023 24:
1026 1989 1087 2023 Μ.
1112 1986 1263 2024 Aurelio
1295 1986 1393 2036 apud
1421 1989 1596 2025 Sinnium

145 2055 236 2103 reip.
263 2055 428 2102 exempto
463 2049 519 2086 die
543 2050 643 2086 XVI
666 2048 730 2085 Kl’
758 2049 878 2099 April.
916 2047 1139 2097 archigallus
1172 2048 1233 2085 ille
1263 2052 1514 2090 sanctissimus
1538 2049 1595 2086 die

145 2117 209 2153 IX
232 2113 324 2152 Kal.
351 2111 569 2163 earundem,
604 2122 673 2159 quo
707 2112 922 2158 sanquinem
952 2112 1133 2160 impurum
1169 2110 1324 2148 lacertos
1358 2123 1495 2160 quoque
1525 2123 1593 2148 ca-

144 2175 300 2214 stramdo
326 2174 487 2221 libabat,
512 2185 579 2222 pro
604 2171 723 2209 salute
746 2174 978 2221 imperatoris
1002 2174 1129 2210 Marci
1154 2174 1230 2209 iam
1255 2174 1456 2221 interempti
1479 2171 1590 2209 solita

145 2250 256 2287 aeque
281 2239 434 2287 imperia
457 2233 669 2277 mandauit,
704 2233 829 2282 Lydus
856 2233 902 2270 de
928 2245 1041 2270 mens.
1070 2235 1110 2280 4,
1137 2235 1200 2280 41,
1227 2246 1265 2282 p.
1280 2235 1378 2270 206:
1418 2232 1481 2284 Τῇ
1511 2228 1587 2282 πρὸ

144 2297 341 2346 δεκαμιᾶς
366 2295 567 2334 καλενδῶν
584 2290 799 2345 Ἀπριλίων
833 2291 998 2344 δένδρον
1026 2292 1143 2338 πίτυς
1177 2291 1286 2342 παρὰ
1315 2295 1394 2331 τῶν
1424 2292 1590 2344 δενδρο-

143 2355 284 2411 φόρων
310 2355 472 2409 ἐφέρετο
501 2355 543 2395 ἐν
568 2356 627 2409 τῷ
653 2353 855 2408 ποιλατίῳγ
877 2358 1020 2407 quicum
1048 2357 1308 2394 conserendum
1335 2363 1425 2406 puto
1449 2358 1587 2394 Arnob.

141 2423 180 2468 5,
206 2425 231 2460 7
249 2421 359 2466 med.,
390 2423 450 2470 16,
477 2421 634 2470 denique
659 2420 774 2456 multa
799 2431 893 2468 quae
918 2420 1014 2457 idem
1040 2420 1219 2456 Arnobius
1242 2419 1281 2467 5,
1304 2419 1351 2454 16
1377 2424 1413 2454 et
1439 2420 1489 2454 42
1515 2423 1589 2455 tra-

141 2484 214 2522 dit:
247 2484 358 2531 haec,
392 2484 560 2532 inquam,
587 2481 708 2518 omnia
733 2480 984 2519 demonstrare
1010 2481 1202 2529 uidentur,
1230 2480 1328 2531 quod
1359 2480 1436 2529 ipse
1462 2479 1588 2528 Lydus

140 2544 320 2593 affirmat,
353 2545 612 2594 imperatorum
646 2550 810 2593 tempore
843 2550 950 2580 aucta
981 2550 1020 2581 et
1052 2551 1192 2580 mutata
1231 2543 1320 2579 haec
1351 2553 1455 2578 sacra
1490 2553 1584 2580 esse.

140 2606 268 2650 Quare
293 2618 390 2643 nunc
416 2604 523 2643 ualde
549 2605 692 2653 dubito,
719 2617 804 2641 num
831 2617 853 2641 a
878 2606 1060 2642 lauatione
1085 2604 1271 2643 exordium
1297 2605 1461 2653 ceperint
1486 2615 1522 2641 a.
1545 2603 1584 2640 d.

138 2668 190 2706 Vl
212 2667 300 2708 Kal.
326 2669 414 2718 Apr.
446 2667 570 2705 Ouidii
603 2678 719 2716 aeuo,
761 2666 859 2716 quod
892 2668 1057 2705 certatim
1090 2666 1223 2704 docent
1255 2667 1471 2715 interpretes
1507 2668 1602 2707 Ab.

1676 143 1685 229 ..ι-ω
1681 87 1685 126 ,r-

1675 355 1685 475 -Ὰηψ
1676 257 1685 335 414—-1
