1685 2954
100 1446 105 1449 ⁴
174 1424 248 1456 tres
273 1419 358 1456 Aul.
377 1421 484 1468 prim.
521 1419 588 1456 sol.
616 1431 735 1454 comes
763 1431 854 1454 unus
883 1426 987 1455 natus
1013 1421 1059 1455 ab
1086 1418 1146 1455 ida
1172 1422 1221 1455 D.
1261 1419 1401 1468 phrigia
1425 1420 1471 1454 G.
1511 1418 1616 1466 frigia

103 1727 107 1744 ³
176 1725 232 1759 D:
263 1722 404 1758 iteratio
431 1721 595 1757 dolentis.
715 1723 776 1756 82.
813 1720 864 1755 Mi
896 1723 972 1756 inis.
1003 1723 1051 1756 D.
1101 1719 1205 1755 scith.
1239 1717 1329 1756 ΘΓ.
1375 1720 1497 1759 scitico
1524 1720 1615 1755 DE.
1647 1711 1658 1753 s

174 46 253 90 154
652 46 657 52 ’
728 61 1048 92 FAs‘ronvM

281 159 429 201 Attulit
457 162 627 203 Aeneas
653 161 693 203 in
722 163 813 204 loca
841 170 979 204 nostra
1008 163 1120 204 deos.

227 228 360 268 Huius
391 236 479 269 erat
509 229 700 283 Solymus
730 231 910 284 Phrygia
941 244 1080 271 comes
1109 243 1212 270 unus
1243 231 1293 270 ab
1323 231 1408 284 ida,

283 297 322 334 A
353 308 430 348 quo
460 297 666 338 Sulmonis
695 299 854 338 moenia
882 312 1028 338 nomen
1059 300 1228 338 habent:
1559 307 1612 342 80

229 363 434 403 Sulmonis
463 365 600 417 gelidi,
629 367 795 418 patriae,
826 366 1087 419 Germanice,
1117 371 1294 406 nostrae.

283 432 354 470 Me
379 432 583 484 miserum,
609 433 808 486 Scythico
837 446 958 487 quam
985 435 1124 486 procul
1155 434 1220 473 ina
1251 433 1338 473 solo
1368 436 1456 474 est!

227 499 338 552 Ergo
367 511 460 551 age,
491 506 573 539 tam
603 500 750 553 longas
775 501 851 540 sed
880 503 1099 554 supprime,
1128 503 1264 553 Musa,
1294 502 1499 553 querelas:

283 567 379 607 Non
406 565 480 606 tibi
510 572 607 606 sunt
633 574 795 608 maesta
823 581 941 609 sacra
970 569 1154 609 canenda
1182 569 1282 627 lyra.

229 631 319 684 Quo
348 646 427 673 non
455 633 556 672 liuor
581 631 697 674 adit?
725 636 833 674 Sunt
859 636 926 687 qui
955 634 1027 675 tibi
1056 636 1211 676 mensis
1239 637 1434 677 honorem
1561 640 1612 676 85

282 701 493 753 Eripuisse
523 701 651 740 uelint
679 700 982 754 inuideantque‚
1011 702 1169 741 Venus.

227 768 335 809 Nam
364 769 458 820 quia
486 780 558 807 uer
588 768 719 820 aperit
747 774 846 808 tuno
875 769 1020 820 omnia,
1051 769 1262 821 densaque
1291 767 1402 809 cedit

283 835 464 889 Frigoris
493 834 706 887 asperitas,
736 837 902 889 fetaque
932 843 1040 877 terra
1068 842 1195 888 patet,

228 903 407 955 Aprilem
435 909 658 943 memorant
689 904 740 944 ab
770 911 910 956 aperto
939 910 1122 957 tempore
1153 902 1319 944 dictum.

284 969 416 1020 Quem
444 971 589 1009 Venus
616 970 767 1011 iniecta
795 971 986 1011 uendicat
1015 973 1121 1012 alma
1147 984 1280 1012 manu.
1489 973 1491 975 ’
1561 975 1615 1010 90
1654 935 1666 1021 1

228 1037 300 1077 Illa
327 1036 488 1089 quidem
517 1042 648 1076 totum
676 1038 917 1091 dignissima
946 1046 1147 1092 temperat
1176 1039 1327 1091 orbem,
1662 1030 1666 1051 ¹

284 1106 354 1145 ma
379 1110 495 1146 tenet
521 1105 629 1144 nullo
657 1118 787 1159 regna
814 1107 966 1147 minora
993 1107 1084 1160 deo,

222 1269 284 1305 78.
310 1266 447 1304 Adtulit
466 1278 499 1303 r.
537 1267 618 1303 loca
638 1272 716 1303 tuta
739 1267 800 1303 26.
840 1267 926 1303 deas
946 1267 995 1305 A.
1097 1269 1158 1305 79.
1187 1268 1298 1304 Cuius
1316 1273 1393 1305 erat
1404 1267 1466 1312 'm;
1497 1267 1615 1304 Guar.

173 1331 246 1357 scr.
286 1324 365 1355 erat
391 1329 460 1355 om.
479 1320 514 1354 E
523 1329 659 1366 mmpr.
699 1317 845 1353 solimus
866 1320 901 1354 D
917 1320 963 1355 G.
1003 1318 1137 1354 solmus
1164 1316 1204 1354 Γ
1213 1330 1355 1367 ηιαφν.
1393 1318 1554 1355 solumus
1580 1314 1620 1353 Γ

173 1381 328 1407 mmsec.
377 1368 532 1404 solemus
558 1365 1461 1417 ABGEFOEAPHWATbmma.sec.prst
1488 1370 1618 1415 uiginti
1664 1383 1665 1386 ¹

175 1468 320 1506 ΕΦΓ.
372 1481 463 1505 unus
489 1481 559 1505 om.
586 1471 622 1504 7.
683 1481 802 1505 coines
838 1469 920 1505 exul
955 1469 1000 1505 ab
1037 1471 1078 1505 F.
1189 1471 1250 1506 80.
1287 1470 1316 1504 A
1342 1470 1479 1505 soiemo
1509 1467 1615 1504 sulm.
1668 1476 1671 1491 ¹

179 1522 209 1558 G
230 1531 416 1570 suprascr.
443 1519 541 1567 ωηιξη.
567 1531 633 1567 pro
660 1531 739 1555 uur.
755 1531 826 1559 scr.
874 1519 929 1555 Ex
962 1532 1033 1569 quo
1059 1522 1104 1556 P.
1152 1520 1184 1555 E
1217 1532 1289 1568 quo
1321 1531 1358 1554 m
1370 1531 1442 1555 ma.
1460 1530 1517 1566 pr.
1669 1517 1671 1522 ’

227 1575 287 1607 81.
316 1573 436 1607 omiss.
455 1570 537 1606 olim
561 1569 612 1605 (D.
654 1569 797 1605 Maenia
817 1571 987 1606 suhnonis
1005 1577 1100 1619 patr.
1121 1566 1327 1605 Iliumsec.
1350 1573 1518 1617 quatuor.
1554 1578 1617 1616 ge-

176 1621 248 1658 lida
264 1622 312 1657 A.
353 1620 494 1670 gelidae
515 1617 1225 1669 GFM²FAf9111‹1.7›r.mma.sec.rs
1245 1624 1334 1655 octo.
1373 1620 1513 1668 patriae
1531 1630 1618 1654 con-

176 1673 328 1708 termina
358 1679 502 1706 nostrae
518 1668 564 1706 Σ.
604 1672 743 1719 patriae
762 1672 957 1718 gramatice
977 1683 1007 1706 r.
1049 1683 1160 1718 germ.
1185 1670 1273 1704 tirae
1291 1668 1310 1704 b
1325 1681 1463 1718 ηιαφν.
1495 1668 1616 1706 Gloss.
1664 1703 1667 1706 ,

176 1772 292 1822 scyth.
321 1771 417 1821 quod
445 1783 545 1820 proc.
571 1768 683 1808 AM
696 1769 746 1807 Ψ.
792 1783 893 1819 proc.
922 1771 981 1807 ille
1006 1770 1038 1806 b.
1080 1777 1134 1806 est
1159 1769 1229 1806 abi.
1259 1771 1308 1806 N.
1349 1769 1540 1807 Gloss.D.·
1565 1768 1618 1805 his
1669 1796 1676 1808 ,

177 1824 342 1860 uersibus
369 1822 596 1870 cognoscitur
621 1822 656 1857 in
684 1821 790 1857 exilio
817 1821 886 1856 hoc
912 1834 1003 1869 opus
1028 1821 1222 1869 scripsisse.
1325 1822 1388 1857 83.
1421 1820 1526 1868 Euge
1551 1830 1618 1869 age

179 1872 240 1911 B?
277 1874 376 1922 Ergo
403 1884 471 1920 ego
497 1879 569 1907 tam
598 1869 700 1918 Z(·?)
712 1874 774 1907 20.
823 1879 894 1907 tam
922 1871 1030 1919 longe
1055 1872 1118 1908 sed
1147 1874 1237 1907 Zm.
1275 1871 1401 1919 longas
1427 1877 1464 1907 et
1489 1882 1616 1919 suppr.
1658 1872 1664 1914 ξ

177 1927 254 1962 s33
281 1928 450 1973 quatuor.
496 1923 622 1969 longas
646 1923 715 1958 iarn
742 1934 868 1971 suppr.
896 1921 915 1957 b
934 1924 980 1957 17
991 1924 1052 1958 26.
1099 1922 1282 1971 subprime
1308 1919 1384 1957 Pr.
1431 1933 1534 1956 musa
1559 1921 1618 1957 lo-
1647 1927 1676 1966 ss,

177 1976 303 2024 queias
322 1977 385 2010 20.
417 1972 537 2009 Gloss.
552 1975 619 2008 2οε
647 1971 728 2020 ego]
751 1973 822 2008 ibo.
843 1972 995 2008 subaudi
1013 1973 1048 2008 in
1068 1973 1184 2008 exilio.
1288 1972 1510 2008 84.'1naesta
1526 1970 1618 2008 festa
1656 1974 1676 2017 {j

176 2025 322 2074 aliquis.
369 2024 435 2060 lira
462 2026 541 2059 mei.
644 2025 704 2058 85.
733 2023 842 2066 Quod
872 2035 944 2058 non
971 2020 1019 2059 Γ.
1066 2022 1175 2065 Quae
1202 2035 1272 2059 non
1304 2020 1364 2069 (123
1396 2019 1616 2059 vamum-r.
1655 2012 1677 2067 f*

174 2077 269 2113 liuor
295 2075 369 2111 abit
384 2073 432 2111 A
444 2072 660 2111 OZmfi20
671 2076 720 2109 22
730 2075 835 2109 4041
855 2078 927 2110 tres
952 2077 986 2109 et
1007 2071 1086 2119 flor.
1104 2073 1222 2110 Berol.
1270 2074 1333 2109 tibi
1354 2073 1500 2108 nomina
1516 2082 1617 2108 men-
1656 2083 1658 2085 ’

176 2128 223 2165 sis
249 2131 422 2176 quatuor;
450 2127 498 2161 M
511 2136 590 2160 uur.
603 2136 674 2161 scr.
796 2126 859 2161 86.
896 2124 1005 2160 uelint
1031 2125 1256 2173 eripiantque
1281 2134 1481 2171 manuscr.
1525 2119 1615 2157 inui-

177 2177 360 2225 deantque
385 2175 450 2211 tibi
475 2172 581 2211 ΛΣ.
693 2176 755 2210 87.
791 2175 874 2224 quia
899 2186 995 2210 nunc
1021 2175 1137 2223 aperit
1171 2187 1234 2210 uer
1267 2186 1363 2210 omn.
1389 2171 1452 2210 A.
1500 2169 1616 2220 aperit

177 2240 274 2264 nunc
299 2225 346 2263 Γ.
385 2227 504 2262 omnia
531 2226 686 2274 denique
713 2225 806 2261 cedit
833 2227 875 2261 F.
978 2227 1039 2260 88.
1068 2236 1186 2274 asper.
1213 2225 1378 2273 festaque
1403 2225 1465 2260 44.
1497 2220 1615 2256 faeta·
1663 2250 1671 2256 .

176 2291 247 2328 que
274 2281 324 2315 D.
371 2288 489 2324 asper.
519 2283 687 2324 terraque
712 2276 810 2312 saeta
837 2272 1000 2322 FOAt‘
1022 2275 1126 2312 alius.
1178 2282 1274 2311 terra
1301 2279 1403 2324 paret
1428 2268 1474 2308 Γ.
1518 2277 1615 2307 terra

177 2329 274 2378 parit
307 2326 368 2375 ²153
394 2325 665 2364 11Aucmscr.
769 2328 829 2362 89.
858 2327 1006 2376 Aprilim
1034 2328 1069 2362 6.
1112 2338 1219 2362 mem.
1247 2326 1314 2361 sub
1339 2329 1463 2373 aperto
1490 2319 1523 2357 b.
1569 2321 1616 2379 ab

176 2380 299 2427 aprico
324 2378 414 2425 fort.
436 2390 464 2418 ,α
487 2390 561 2413 vna.
595 2389 638 2413 ir.
665 2379 701 2413 ὶη
728 2376 897 2413 schedula
923 2375 1195 2413 membranacea
1215 2373 1344 2413 Frzedl.
1447 2373 1508 2407 90.
1541 2372 1614 2415 Sic,

178 2428 304 2476 uend.,
333 2390 744 2474 BGDEGIJAbfh
759 2439 778 2463 r
795 2439 814 2463 s
830 2430 879 2462 40
894 2430 960 2474 413
987 2439 1010 2475 p
1025 2439 1108 2463 παν.
1122 2439 1192 2463 scr.
1240 2424 1336 2460 uind.
1363 2419 1517 2459 caeteri?
1684 2425 1685 2441 *

202 2477 288 2515 '91.
323 2486 436 2515 totam
469 2478 505 2515 h.
557 2479 641 2525 Sic,
668 2479 816 2525 orbem,
843 2470 1616 2520 ABGDEFAIUNIFP'ETZybm
1684 2482 1685 2486 ¹

179 2532 230 2566 20
240 2532 286 2566 33
300 2530 465 2565 404143
491 2531 621 2577 uiytnti
644 2528 732 2574 du03
761 2528 780 2564 b
800 2540 881 2565 παν.
897 2540 968 2566 scr.
1015 2532 1191 2576 temperat
1216 2536 1349 2561 aunum
1375 2523 1516 2571 reliqui.
1639 2556 1642 2558 ,

228 2581 291 2616 92.
319 2579 418 2615 nulla
443 2577 649 2617 vum-scr.
691 2579 778 2615 null.
806 2580 968 2616 membra
991 2589 1102 2622 ωιιιες
1125 2587 1319 2626 quat-‚scin
1359 2574 1448 2611 null.
1468 2571 1613 2624 templa,

178 2636 274 2668 terra
298 2629 443 2679 singuli.
482 2629 550 2666 dea
582 2627 798 2667 ³1‘uar.scr.
