1685 2954
127 86 185 131 88
694 100 1010 131 rnsronvm

247 200 454 254 Concipit,
483 206 527 242 et
555 213 683 243 caeco
711 208 851 255 raptus
880 213 1016 242 amore
1047 202 1152 243 furit.
1500 208 1582 245 760

191 269 340 310 Forma
366 269 517 322 placet,
551 268 777 323 niueusque
806 270 930 322 color,
959 269 1137 323 flauique
1167 268 1316 322 capilli,

247 335 409 389 Quique
435 336 577 377 aderat
604 338 711 377 nulla
739 338 874 378 factus
905 337 955 377 ab
988 343 1075 378 arte
1101 338 1239 378 decor.

191 403 333 445 Verba
361 403 528 456 placent
556 409 601 444 et
627 417 723 458 uox,
754 411 798 445 et
826 405 936 458 quod
966 418 1222 458 corrumpere
1247 417 1327 444 non
1357 409 1444 445 est:

250 470 425 524 Quoque
454 470 580 511 minor
607 484 707 525 spes
735 478 817 524 est,
846 473 927 512 hoc
955 474 1091 527 magis
1115 473 1183 512 ille
1214 472 1338 525 cupit.

190 539 276 579 Iam
306 538 473 578 dederat
503 545 651 580 cantus
677 541 783 580 lucis
812 540 1076 591 praenuntius
1104 541 1207 593 ales,
1499 540 1580 578 765

251 605 358 646 Cum
388 605 568 646 referunt
594 607 767 647 iuuenes
796 605 838 646 in
868 618 945 646 sua
972 612 1111 646 castra
1137 606 1298 659 pedem.

198 673 391 726 Carpitur
419 672 615 714 attonitos
645 673 830 715 absentis
860 670 1039 725 imagine
1067 685 1218 714 sensus

254 741 339 781 Ille.
377 740 609 781 recordanti
637 742 752 793 plura
779 738 995 793 magisque
1015 740 1192 791 placent.

199 807 273 849 Sic
305 807 424 848 sedit.
462 809 525 848 sic
555 809 666 848 culta
694 807 780 847 fuit.
820 807 882 846 sic
909 807 1085 847 stamina
1114 807 1246 847 neuit:

254 876 493 928 Neglectae
523 876 626 917 collo
655 875 718 915 sic
745 874 910 916 iacuere
937 886 1095 914 comae.
1511 878 1593 914 770

199 943 290 983 Hos
317 942 460 982 habuit
486 943 635 983 uoltus.
673 942 779 982 haec
807 943 863 982 illi
892 941 1020 982 uerba
1048 942 1230 982 fuerunt:

255 1009 338 1049 Hic
363 1010 487 1062 color,
518 1010 623 1050 haec
652 1009 796 1062 facies,
825 1010 894 1050 hic
922 1008 1046 1050 decor
1076 1011 1160 1051 oris
1189 1015 1290 1051 erat.

199 1075 261 1118 Vt
288 1077 396 1117 solet
425 1089 450 1117 a
477 1089 627 1131 magno
656 1076 808 1116 fluctus
834 1077 1107 1129 languescere
1137 1077 1250 1132 flatu,

256 1142 345 1184 Sed
372 1149 511 1184 tamen
546 1156 572 1184 a
598 1148 722 1184 uento
753 1143 822 1197 qui
849 1143 948 1197 fuit,
984 1144 1092 1184 unda
1128 1150 1283 1186 tumet:

205 1211 279 1253 Sic
307 1211 494 1266 quamuis
524 1211 664 1252 aberat
690 1211 871 1266 placitae
899 1210 1133 1266 praesentia
1158 1213 1325 1266 formae,
1514 1215 1594 1253 775

199 1359 287 1394 760.
313 1357 451 1406 Regius
473 1363 511 1395 et
535 1361 577 1396 Τ.
618 1364 655 1395 et
675 1370 786 1395 saeuo
806 1357 890 1395 duo.
932 1369 1040 1395 caeco
1068 1364 1196 1407 captus
1219 1353 1383 1396 GOPA
1395 1356 1464 1394 Ta
1492 1358 1600 1406 quin-

148 1420 227 1457 que.
280 1419 403 1444 amore
435 1407 504 1445 suit
528 1407 574 1445 N
582 1406 634 1445 Π
641 1407 677 1445 Σ
696 1411 746 1444 40
762 1410 808 1444 41
832 1414 921 1446 octo.
1034 1410 1119 1446 761.
1157 1409 1277 1458 placet
1312 1410 1510 1458 uiuensque
1535 1411 1597 1444 34.

149 1459 251 1495 color
279 1459 446 1508 niueique
477 1461 523 1497 D.
575 1461 674 1496 color
701 1460 865 1508 nigrique
892 1471 996 1496 unus.
1104 1461 1191 1495 762.
1226 1459 1377 1495 aderant
1401 1459 1451 1495 A.
1500 1458 1600 1494 nulla

150 1514 279 1558 captus
298 1507 345 1546 Γ.
386 1516 465 1546 arte
492 1511 592 1546 color
621 1507 800 1546 ΦΓΣΤ
822 1515 907 1546 tres.
1011 1511 1097 1546 763.
1124 1522 1195 1545 uox
1222 1521 1329 1558 quam
1356 1509 1412 1545 sas
1438 1521 1530 1544 corr.
1567 1507 1598 1544 0

151 1571 310 1596 ma.sec.
352 1572 423 1596 uox
450 1572 558 1608 quain
586 1567 660 1596 tum
689 1572 782 1596 corr.
803 1563 1005 1598 Fuci-‚scin
1049 1572 1119 1595 uox
1146 1572 1252 1606 quam
1281 1566 1317 1595 et
1341 1572 1434 1595 corr.
1459 1558 1493 1594 b.
1528 1569 1602 1593 uox

149 1610 210 1645 uel
237 1621 345 1657 quam
373 1623 466 1647 corr.
495 1608 543 1646 Γ.
593 1617 630 1647 et
656 1622 765 1659 quam
800 1623 892 1647 corr.
919 1606 1427 1657 ABEGOIFPAETy
1443 1620 1516 1645 ma.
1531 1619 1599 1645 sec.

150 1671 205 1709 pr
221 1663 268 1695 12
295 1672 434 1697 nouem.
473 1668 510 1698 et
536 1673 629 1710 quae
657 1664 691 1697 P
716 1660 797 1698 duo.
839 1668 876 1697 et
902 1673 974 1709 quo
1002 1663 1037 1697 E
1054 1671 1135 1697 aar.
1152 1672 1225 1698 scr.
1268 1666 1304 1697 et
1330 1672 1437 1708 quem
1464 1659 1488 1696 lt
1514 1662 1602 1697 uett.

153 1709 209 1747 ed.
249 1716 286 1746 et
314 1722 386 1759 qua
406 1715 490 1747 tres.
531 1719 568 1748 et
594 1711 657 1760 qui
682 1723 790 1747 unus.
831 1718 867 1747 et
893 1711 954 1746 fax
975 1723 1067 1746 corr.
1089 1710 1197 1746 alius.
1302 1711 1390 1746 764.
1419 1709 1604 1758 Quodque

156 1761 244 1796 Ven.
267 1761 377 1797 1484.
417 1762 532 1798 minus
558 1764 654 1798 710.
696 1769 752 1797 est
778 1773 847 1798 om.
869 1773 901 1797 s.
944 1762 1060 1796 minus
1086 1767 1209 1809 sperat
1235 1759 1304 1796 hoc
1328 1765 1414 1796 tres.
1453 1767 1508 1796 est
1528 1768 1603 1796 tam

152 1810 267 1859 magis
296 1822 320 1858 9
348 1816 514 1859 quatuor.
571 1812 681 1861 magis
714 1812 792 1861 ipse
823 1809 965 1857 cDMf;
993 1823 1017 1859 p
1034 1823 1116 1847 ναν.
1133 1823 1203 1848 scr.
1260 1812 1320 1846 ille
1346 1811 1432 1847 furit
1459 1813 1494 1848 E
1517 1815 1603 1847 tres.
1667 1814 1673 1822 ¹

154 1861 256 1909 cupit
281 1864 431 1898 euanuit
457 1864 493 1899 in
519 1862 590 1908 lif.
700 1864 789 1897 765.
827 1868 970 1897 cantum
1001 1858 1449 1898 FGAMNPEbrsss
1476 1860 1604 1897 deam.

152 1922 352 1961 praenuuc.
379 1911 552 1958 11f.DE.
654 1914 741 1949 766.
770 1913 869 1947 Tum
902 1912 948 1949 0.
988 1911 1099 1960 pedes
1119 1909 1410 1958 Hths4041
1437 1923 1577 1949 montem.

204 1962 294 1997 767.
329 1962 440 2011 Carp.
470 1963 681 2012 absumptus
707 1974 813 1999 uatus.
861 1962 1031 1998 attonitus
1060 1960 1445 2011 ORTA29p841
1471 1960 1609 1999 duodo-

157 2011 243 2056 cim3
282 2009 424 2052 (Detur.
441 2025 511 2050 scr.
558 2014 667 2062 imag.
705 2015 800 2049 uisus
834 2024 942 2049 υηιιε.
992 2011 1173 2049 Gloss.b:
1206 2014 1393 2058 attonitos]
1426 2024 1505 2062 per.

208 2062 295 2099 768.
325 2063 389 2098 llla
406 2066 568 2112 quinque.
610 2064 759 2112 Iamque
786 2063 928 2099 record.
949 2065 998 2099 D.
1039 2065 1158 2112 Atque
1183 2063 1324 2100 record.
1351 2068 1512 2111 yptres.
1549 2072 1606 2098 re-

160 2111 265 2148 cord.
287 2113 437 2162 pulchra
466 2115 649 2162 magisque
669 2126 774 2150 unus.
813 2114 932 2162 placet
957 2118 1076 2150 sires.
1180 2116 1267 2150 770.
1293 2116 1368 2157 Ita,
1391 2113 1512 2162 Negl„
1537 2109 1606 2156 Ilf.

159 2164 478 2211 BDZyma.sec.
496 2164 657 2200 hm812
669 2167 716 2199 22
733 2167 780 2198 23
793 2165 901 2199 2425
928 2163 1089 2200 undecim
1115 2169 1149 2200 et
1173 2163 1227 2200 ed.
1257 2166 1344 2200 Ven.
1374 2165 1489 2208 1475;
1520 2160 1606 2208 Gfp

157 2223 242 2249 aar.
263 2225 333 2250 scr.
371 2215 528 2250 Inlectae
554 2215 602 2251 A.
648 2215 815 2250 lnnectae
841 2216 887 2251 P.
932 2214 1090 2250 lnnexae
1116 2218 1151 2252 6.
1198 2215 1355 2263 Inpexae
1385 2216 1428 2252 0.
1466 2213 1606 2248 lns'ecte

158 2260 192 2298 b.
243 2263 423 2300 Disiectae
449 2277 468 2301 s
493 2264 576 2302 duo.
628 2265 763 2300 lniecto
789 2275 896 2299 unus.
950 2264 1108 2302 Iniectae
1132 2264 1260 2314 reliqui
1286 2276 1417 2302 onmes.
1466 2263 1515 2299 sic
1541 2260 1607 2297 de-

157 2323 266 2348 cuere
293 2326 419 2351 comae
444 2318 493 2350 23
519 2320 553 2351 et
578 2317 633 2351 Io.
654 2313 798 2351 Sarisb.
826 2314 993 2363 vitetaloy.
1022 2317 1058 2359 4,
1081 2318 1138 2352 10.
1257 2317 1344 2351 771.
1381 2313 1499 2349 uultus
1525 2310 1607 2348 libri

156 2368 304 2411 excepto
329 2365 377 2400 A.
423 2365 506 2400 hab.
537 2366 653 2401 cultus
680 2362 851 2410 PATf.
902 2365 1004 2401 suere
1035 2363 1206 2412 ΕΝ(Σῖ
1218 2363 1312 2412 f?)9
1338 2368 1504 2412 quatuor.

207 2414 297 2450 772.
326 2415 428 2451 calor
452 2418 497 2452 P.
538 2417 604 2451 Hic
631 2416 741 2451 decor
770 2415 805 2451 11.
831 2415 856 2450 f.
886 2415 942 2451 hic
969 2416 1070 2452 color
1095 2418 1165 2452 oris
1189 2415 1312 2462 Ilfeld.
1330 2416 1508 2450 3111812
1524 2423 1607 2458 sex3

163 2462 377 2501 Gaianscr.
429 2466 530 2502 color
564 2466 620 2501 hic
645 2466 717 2502 sac.
745 2466 794 2503 A.
913 2468 999 2502 773.
1035 2479 1056 2502 a
1090 2467 1177 2502 flatu
1210 2477 1340 2509 magno
1373 2464 1608 2512 languescere

157 2511 268 2548 fluctu
291 2517 375 2550 tres.
414 2516 511 2564 lang.
539 2516 649 2552 fluctu
671 2516 719 2552 A.
826 2517 913 2552 774.
945 2523 1054 2552 uento
1081 2527 1174 2564 quae
1199 2513 1322 2561 Ilseld.
1341 2513 1405 2550 sub
1425 2526 1518 2561 ras„
1535 2513 1609 2550 nisi

157 2565 295 2600 erraui-
343 2572 452 2601 uento
481 2578 553 2613 quo
579 2566 657 2602 fluit
684 2565 781 2602 unda
807 2568 903 2603 829.
946 2568 1006 2615 qui
1032 2566 1119 2602 furit
1142 2577 1248 2601 umus.
1288 2565 1355 2600 suit
1384 2571 1467 2600 ante
1493 2567 1608 2601 tumet
1629 2566 1631 2570 “

157 2608 195 2648 E
204 2609 274 2648 Hb
299 2619 448 2662 septem-3
473 2628 526 2663 ps
544 2628 625 2652 aar.
642 2628 712 2653 sor.
815 2617 902 2653 775.
935 2616 1010 2652 Sed
1037 2627 1182 2665 quamu.
1209 2615 1245 2651 A
1262 2615 1325 2652 43.
1372 2615 1528 2664 quanuis
1554 2615 1606 2651 D.

158 2663 311 2701 aberant
329 2664 361 2702 b.
397 2665 563 2715 placidae
577 2668 611 2703 E
619 2665 694 2704 ΕΓ
699 2664 804 2705 ΜΝ
809 2664 888 2703 ΡΣ
898 2665 959 2702 Tb
967 2666 992 2713 f
994 2677 1038 2704 rs
1054 2664 1263 2714 quindecim.
1299 2665 1356 2703 ab.
1374 2666 1504 2703 tacitae
1521 2669 1606 2703 tres.
