1685 2954
116 115 279 145 ccxxv!
749 115 806 144 m:
834 116 932 146 Dms

114 215 193 254 ther
216 227 249 253 c.
268 215 330 263 16,
355 223 470 262 supra
493 212 614 262 ipsum
640 212 776 252 caelum
796 219 916 255 c.28:
943 219 1039 256 luno
1063 230 1129 256 aer
1154 230 1187 258 c.
1203 219 1269 256 162
1297 219 1418 257 anima
1434 221 1560 261 mundi

114 276 261 328 quaazdo
291 278 330 314 in
355 279 491 311 terram
514 279 705 324 permanat
727 275 812 315 iacit
838 278 943 317 deam
969 279 1146 317 Tellurem
1173 293 1205 318 c.
1223 283 1292 317 23:
1320 281 1414 329 quod
1437 287 1559 320 autem

114 338 197 377 inde
222 340 413 388 permanat
435 337 473 373 in
498 347 600 373 mare
631 341 738 386 atque
765 351 947 386 oceanum,
974 341 1077 378 deum
1102 344 1311 391 Neptunum
1339 355 1371 380 c.
1392 346 1465 381 23:
1500 344 1561 382 di-

114 405 199 438 eunt
228 400 342 436 animi
368 397 543 435 mundani
567 403 707 447 partem
731 412 810 438 cum
833 407 994 450 permeat
1019 407 1139 440 terrae
1160 408 1299 452 partem
1323 407 1560 453 superiorem,

114 463 235 499 Ditem
258 465 400 511 patrem
427 459 552 506 facere
576 460 693 508 deum,
720 474 799 499 cum
817 475 904 500 uero
930 463 1148 511 inferiorem,
1176 467 1438 515 Proserpinam
1455 465 1560 503 deam

113 536 146 560 c.
165 525 235 571 23,
271 521 436 559 conseres
462 534 494 558 c.
516 523 578 558 28.
630 521 688 560 De
719 524 886 562 Vulcano
920 526 1053 563 haereo
1089 527 1290 576 paululum.
1353 525 1559 565 Varronem

112 596 194 620 cum
219 584 369 621 Zenone
394 583 514 632 ignem
545 584 670 620 mundi
705 586 860 621 animam
891 586 1021 623 secisse
1055 593 1208 624 testatur
1233 589 1484 625 Tertullianus
1510 589 1559 625 ad

111 651 188 683 nat.
216 649 291 693 2,2
268 645 386 682 2sub
412 645 474 681 fin.
528 646 692 682 Animam
719 645 845 682 mundi
873 658 938 695 per
962 648 1080 697 ipsum
1106 653 1283 697 tanquam
1307 650 1377 686 mel
1401 662 1465 699 per
1489 650 1558 697 fa-

113 718 182 744 uos
207 708 379 744 transisse
405 707 508 743 Zeno
534 706 642 755 dixit,
671 707 828 743 Tertull.
855 707 940 744 ibid.
968 712 1006 756 2,
1027 711 1076 757 4,
1103 710 1186 758 sed,
1215 716 1254 747 ut
1277 718 1388 761 puto,
1416 706 1474 748 δι’
1502 701 1558 748 ὧν

113 765 189 818 μὲν
213 768 391 817 μᾶλλον,
419 762 478 805 δι’
510 765 564 805 ὡν
591 764 636 805 δὲ
661 757 802 817 ἧττον,
828 774 870 804 ut
894 780 1005 818 supra
1031 770 1158 820 legisti.
1210 772 1321 815 Quod
1347 774 1558 810 testimoniis

109 831 268 880 probare
294 842 457 880 nequeo,
483 829 553 866 hoc
579 836 654 879 est,
683 830 798 880 ipsum
825 831 957 879 ignem,
985 830 1071 867 dum
1098 844 1179 868 sese
1204 833 1364 869 infundit
1390 839 1557 882 naturae,

109 891 189 928 fieri
223 904 269 928 ex
300 891 491 941 purissimo
527 893 699 942 pinguem
733 898 770 928 et
807 892 1026 939 uiolentam,
1065 893 1185 941 ignem
1218 894 1343 931 mundi
1368 894 1558 944 leniorem,

108 964 206 1002 quae
231 958 286 989 est
303 952 430 1001 Vesta,
455 953 548 1002 Aug.
568 956 607 1000 7,
629 955 688 997 16,
714 951 871 989 medium
892 964 971 989 esse
994 953 1090 990 inter
1108 953 1257 991 aethera
1277 961 1315 992 et
1334 954 1558 1005 vulcanum,

107 1013 155 1051 de
189 1026 262 1064 quo
295 1020 443 1063 praeter
471 1016 562 1063 Aug.
589 1016 628 1062 7,
650 1016 697 1051 16
722 1021 759 1051 et
782 1016 832 1050 29
859 1014 933 1050 uid.
962 1015 1079 1051 Varro
1106 1015 1153 1052 de
1178 1018 1203 1053 l.
1231 1016 1256 1053 1.
1284 1017 1324 1064 5,
1345 1019 1407 1053 70.
1460 1018 1557 1055 Fieri

106 1080 252 1126 potest,
285 1081 326 1112 ut
361 1088 433 1112 uno
459 1076 494 1112 in
522 1077 603 1112 loco
630 1076 680 1112 ita
707 1074 948 1126 disputauerit
974 1077 1115 1125 Varro,
1153 1078 1217 1127 qui
1250 1079 1285 1114 in
1315 1079 1384 1115 alio
1412 1079 1483 1115 alia
1508 1079 1558 1116 de

108 1137 230 1173 anima
255 1136 380 1174 mundi
406 1137 573 1174 docuisse
599 1135 756 1173 uidetur.
808 1136 903 1174 Nam
933 1139 1078 1175 remotis
1104 1138 1156 1174 his
1182 1139 1277 1184 deis,
1305 1140 1366 1189 qui
1392 1139 1437 1176 ad
1463 1152 1557 1190 par-

105 1203 160 1235 tes
180 1197 306 1236 mundi
330 1205 394 1236 aut
418 1199 590 1237 elementa
612 1198 877 1235 accommodari
898 1206 1083 1249 poterant,
1109 1206 1246 1237 restant
1262 1199 1418 1248 Genius,
1445 1202 1556 1239 Liber

103 1253 212 1311 pater
238 1266 276 1297 et
301 1260 425 1297 Ceres.
478 1262 560 1297 Huc
592 1261 701 1310 igitur
725 1261 909 1310 pertinere
933 1267 1024 1310 puto
1056 1261 1174 1298 locum
1202 1262 1376 1298 Varronis
1406 1263 1452 1298 ab
1480 1265 1554 1298 Au-

103 1322 246 1371 gustino
267 1329 452 1359 seruatum
473 1324 510 1370 7,
528 1325 595 1360 23:
625 1325 674 1359 Et
700 1326 790 1359 certe
814 1321 907 1358 idem
938 1325 1059 1359 Varro
1084 1324 1124 1359 in
1149 1322 1270 1359 eodem
1296 1322 1389 1359 libro
1416 1323 1459 1360 de
1483 1323 1555 1360 diis

102 1383 241 1420 selectis
274 1388 349 1420 tres
380 1396 456 1421 esse
489 1382 658 1430 affirmat
684 1385 830 1420 animae
852 1383 994 1431 yradus
1027 1385 1065 1420 in
1092 1386 1190 1420 omni
1216 1385 1458 1433 unitnersaqne
1480 1396 1555 1422 na-

101 1449 202 1483 tura.
245 1447 378 1493 Vnum,
406 1446 468 1494 qui
494 1456 616 1482 omnes
640 1449 766 1494 partes
790 1447 956 1494 corporis
986 1457 1076 1493 quae
1104 1446 1234 1481 uiuunt
1259 1448 1395 1482 transit
1419 1450 1455 1482 et
1477 1458 1554 1483 non

101 1505 209 1544 habet
233 1518 390 1551 sensum,
416 1505 480 1543 sed
506 1510 649 1542 tantum
675 1505 725 1542 ad
749 1505 944 1542 uiuendum
970 1505 1226 1543 ualetudinem.
1278 1509 1390 1543 Hamo
1413 1508 1490 1543 uim
1514 1509 1554 1543 in

99 1572 226 1605 nostro
253 1580 404 1617 corpore
427 1579 642 1618 permanare
668 1566 754 1604 dicit
779 1569 817 1604 in
845 1579 952 1614 ossa,
987 1579 1144 1616 ungues,
1183 1567 1357 1616 capillos,
1392 1569 1488 1605 sicut
1512 1570 1554 1605 in

97 1628 233 1667 mundo
260 1629 408 1667 arbores
431 1631 509 1666 sine
533 1641 641 1666 sensu
668 1629 818 1666 aluntur
850 1633 884 1666 et
919 1633 1081 1666 crescunt
1106 1634 1140 1665 et
1164 1628 1272 1665 modo
1300 1628 1459 1677 quodam
1483 1641 1552 1667 suo

98 1692 242 1728 uiuunt.
296 1690 502 1728 Secundum
525 1690 680 1739 gradum
706 1693 850 1728 animae
883 1691 986 1736 dicit,
1013 1692 1051 1727 in
1079 1702 1149 1738 quo
1175 1701 1303 1726 sensus
1327 1693 1393 1727 est.
1445 1692 1554 1727 Hanc

96 1754 173 1789 uim
196 1755 383 1802 peruenire
407 1754 447 1789 ‘in
473 1751 612 1799 oculos,
640 1764 759 1796 aures,
785 1764 908 1798 nares,
937 1763 990 1796 os,
1017 1756 1166 1788 tactum.
1209 1753 1370 1788 Tertium
1393 1751 1552 1800 gradem:

96 1816 242 1851 animae
261 1826 338 1851 esse
355 1825 547 1858 summum,
575 1815 636 1862 qni
660 1817 812 1851 uocatur
832 1814 992 1860 animus,
1018 1813 1055 1848 in
1076 1825 1145 1861 quo
1170 1812 1407 1860 intelligentia
1421 1825 1551 1863 praee-

94 1877 225 1913 minet:
252 1875 317 1913 hoc
336 1881 483 1925 praeter
502 1874 680 1912 hominem
699 1887 824 1912 omnes
844 1886 966 1912 carere
989 1873 1184 1911 mortales:
1210 1876 1249 1911 in
1275 1887 1350 1924 qna
1376 1878 1551 1925 quoniam

94 1937 258 1975 homines
283 1937 347 1974 deo
373 1937 542 1974 uidentur
567 1949 644 1974 esse
669 1935 818 1984 similes,
851 1935 946 1973 lianc
972 1940 1113 1984 partem
1140 1937 1287 1973 animae
1311 1937 1438 1974 munds
1462 1937 1552 1975 dicu

95 1998 221 2044 deum,
248 2001 286 2036 in
311 1999 416 2036 nobis
442 2004 564 2036 autem
586 2001 732 2047 genium
756 1999 897 2035 uocari.
949 1998 1012 2033 Sic
1036 2009 1119 2045 eryo
1146 2002 1180 2034 et
1208 1999 1247 2034 in
1273 2000 1400 2035 anima
1422 1998 1551 2037 mttndi

92 2065 167 2098 tres
199 2060 339 2109 gradus
371 2063 564 2098 instituens
595 2073 709 2098 unam
739 2065 882 2110 partem
907 2060 983 2095 eius
1009 2056 1149 2107 lapides
1174 2070 1252 2095 esse
1277 2059 1363 2097 dicit
1387 2065 1423 2097 et
1446 2060 1550 2110 liyna

92 2127 127 2160 et
151 2122 246 2160 hanc
271 2127 433 2170 terram,
471 2135 582 2172 quam
608 2121 786 2168 uidemus,
814 2133 884 2170 quo
911 2131 986 2157 non
1011 2124 1203 2169 permanat
1228 2132 1369 2159 sensus.
1420 2122 1546 2159 Aliam

91 2196 177 2221 uero
204 2197 316 2234 quam
340 2196 486 2222 sensum
510 2189 623 2221 uocat
647 2185 725 2222 eius
757 2187 799 2219 ut
833 2181 993 2219 aethera.
1050 2183 1215 2218 Tertiam
1238 2195 1352 2232 porro
1379 2195 1487 2232 quam
1510 2186 1546 2219 et

90 2248 255 2283 animam
280 2247 357 2283 eins
382 2250 592 2295 nuncupat,
620 2257 713 2294 qnae
737 2243 870 2281 scilicet
895 2245 1057 2293 peruenit
1082 2244 1121 2279 in
1148 2248 1274 2280 astra.-
1300 2256 1382 2281 eam
1406 2255 1545 2293 quoque

88 2309 223 2344 asserit
246 2307 366 2354 facere
390 2306 477 2343 deos
495 2311 529 2343 et
546 2318 610 2356 per
630 2319 713 2344 eam
738 2305 886 2355 quando
908 2308 946 2342 in
967 2310 1105 2343 terram
1122 2310 1315 2353 permanat
1335 2305 1437 2342 deum
1457 2305 1545 2342 Tel-*-

89 2367 215 2404 turem.
263 2368 517 2405 conserendus
545 2375 599 2405 est
625 2368 774 2405 Seruius
802 2367 847 2404 ad
874 2369 964 2404 Aen.
981 2369 1019 2414 5,
1040 2369 1087 2403 81
1112 2372 1148 2402 et
1165 2369 1203 2414 8,
1217 2368 1304 2403 564.
1356 2367 1396 2403 Si
1423 2368 1544 2404 anima

88 2428 214 2466 mundi
245 2431 382 2466 Genius
409 2437 463 2467 est
490 2431 525 2466 in
555 2429 756 2466 hominibus
785 2435 822 2465 et
852 2429 975 2466 Tellus
1001 2430 1036 2465 in
1064 2435 1176 2474 terra,
1203 2428 1406 2477 putauerim
1429 2427 1542 2465 Libe-

87 2501 170 2527 rum
194 2494 355 2538 patrem,
391 2493 451 2540 qui
476 2492 670 2528 seminibus
699 2490 907 2527 animalium
935 2490 1109 2539 praefuit,
1137 2489 1182 2525 fr.
1204 2490 1263 2536 15,
1291 2495 1329 2525 et
1358 2489 1540 2535 Liberam,

87 2562 181 2600 quae
208 2552 312 2588 Ceres
336 2563 399 2588 seu
429 2555 550 2589 Venus
575 2557 628 2589 est
652 2551 812 2598 feminis,
840 2552 932 2601 Aug.
961 2553 1000 2598 7,
1019 2553 1057 2598 3,
1085 2550 1349 2587 accommodari
1377 2551 1540 2600 potuisse

86 2612 132 2649 ad
161 2614 303 2649 tertiam
331 2613 454 2649 mundi
487 2620 648 2662 partem:
685 2618 883 2662 potuerant
910 2611 1002 2648 adeo
1039 2611 1085 2647 ad
1118 2611 1233 2659 duas,
1269 2624 1359 2661 quas
1386 2611 1538 2649 Seruius

84 2674 241 2725 reliquas
266 2674 366 2713 facit.
417 2674 494 2711 Sed
520 2673 612 2711 haec
636 2672 859 2723 philosophis
885 2673 1141 2721 relinquamus.
