1685 2954
650 64 845 92 TABVLAE
862 64 995 93 .MAFF.
1470 66 1546 94 XXI

93 170 256 215 suscepto
282 166 494 203 constitutae
518 167 604 199 sunt
626 162 761 199 Cretico
787 167 821 198 et
843 164 962 212 Lony.
982 176 1069 209 cos„
1096 175 1253 214 quorum
1281 163 1467 200 consulum
1494 164 1548 201 al-

93 233 151 263 ter
176 226 350 264 suffectus
374 225 485 262 fuisse
513 223 658 261 uidetur
683 225 729 262 A.
756 223 895 261 Licinio
921 225 1071 264 Neruae
1097 226 1240 274 Silano,
1267 226 1361 263 alter
1384 226 1549 263 nomina-

92 294 153 325 tur
179 288 276 338 apud
301 287 461 325 Dionem*
484 298 580 322 anno
606 287 705 333 760,
744 299 817 335 quo
853 298 948 322 anno
985 299 1080 335 quae
1113 294 1312 324 narrantur.
1338 287 1384 323 ab
1419 286 1548 323 eodem

92 350 157 398 55,
176 355 222 388 31
251 349 335 386 satis
364 348 456 384 bene
483 347 571 384 illud
597 346 775 384 fastorum
803 348 934 385 lemma
962 348 1154 384 illustrant.
1199 350 1274 385 Has
1299 348 1407 386 serias
1434 348 1549 385 omitti

92 414 128 449 in
154 413 254 450 fastis
279 408 471 446 Maffeanis
500 421 620 459 neque
653 408 710 446 sas
737 415 841 458 erat,
877 422 997 459 neque
1026 411 1216 447 uerisimile
1249 416 1325 448 est:
1362 411 1426 461 qui
1451 423 1549 460 quo-

90 474 186 510 niam
212 471 306 508 diem
334 472 551 508 comitialem
577 470 752 518 indicant,
778 478 875 517 ante·
891 484 973 508 eum
1001 484 1150 517 annum,
1178 472 1238 508 uel
1264 484 1423 509 mensem
1451 477 1549 509 certe

90 533 226 571 exarati
255 532 434 569 uidentur.
475 534 554 569 Hoc
580 533 616 569 in
644 544 741 570 anno
769 534 1026 570 subsistamus:
1053 545 1135 570 nam
1158 533 1255 583 quod
1278 535 1466 583 opinabar,
1493 534 1548 569 in-

88 594 196 631 ferias
222 594 353 642 Drusi,
387 607 482 644 quae
513 601 685 632 notantur
712 596 746 632 in
768 596 876 632 fastis
904 596 1092 632 Antiatinis
1118 596 1221 632 XIIX
1246 596 1307 632 Kl’
1336 595 1438 643 Oct.,
1461 595 1549 632 ferri

88 663 238 706 coeptas
264 669 344 693 esse
373 669 470 693 anno
497 658 594 704 759,
623 670 696 707 quo
723 657 759 694 id
787 658 941 708 primum
970 657 1130 706 prodidit
1151 657 1222 693 Dio
1248 657 1314 705 55,
1339 660 1414 705 27,
1438 657 1548 706 idque

87 717 208 754 necin
230 717 332 754 fastis
352 718 544 755 Maffeanis
571 719 878 768 praetereundum
904 718 1029 766 fuisse,
1055 719 1232 756 incertam
1259 731 1338 756 esse
1364 720 1547 755 coniectu-

86 790 164 815 ram
192 780 366 829 intelligo.
417 781 715 818 Demonstratum
750 786 806 818 est
843 780 952 829 igitur
988 791 1068 816 esse
1102 779 1264 817 nonnihil
1291 792 1448 827 causae,
1483 792 1548 816 cur

87 853 132 878 eo
157 842 237 890 ipso
265 848 445 892 tempore,
473 856 546 892 quo
571 842 725 879 Ouidius
751 853 896 877 carmen
919 841 1075 890 scripsit,
1103 842 1265 878 tabulam
1285 854 1432 893 quoque
1450 841 1547 878 Mas-

85 902 231 940 feanam
257 904 428 954 scriptam
454 913 643 955 putemus:
671 910 785 940 restat
811 912 851 939 ut
877 901 963 939 nihil
990 915 1122 940 causae
1148 915 1244 951 esse,
1269 916 1334 941 cur
1360 904 1407 940 de
1434 915 1478 940 ea
1504 915 1547 940 re

85 965 164 1014 quis
190 964 344 1009 dubitet,
370 967 558 1015 probetur,
587 965 656 1001 hoc
684 971 756 1011 est,
785 971 824 1001 ut
851 976 946 1014 qnae
974 961 1122 1002 tabulae
1148 966 1287 1014 insunt,
1315 966 1546 1016 explicentur

86 1033 123 1063 et
143 1025 266 1063 Ouidii
291 1029 402 1063 aetati
431 1028 670 1064 uindicentur.
726 1026 837 1070 Quod
864 1027 894 1063 si
920 1026 967 1064 de
993 1039 1056 1064 sex
1083 1033 1224 1064 tantum
1250 1029 1433 1064 mensibus
1460 1038 1545 1076 per-

83 1088 219 1132 fecero,
245 1088 432 1125 ambitiose
456 1090 578 1139 cupio,
600 1088 647 1126 de
667 1089 813 1138 reliquis
840 1096 880 1126 ut
904 1089 994 1126 fides
1020 1089 1105 1127 mihi
1132 1089 1311 1127 habeatur
1332 1088 1543 1136 affirmanti,

85 1150 197 1187 multa
224 1151 260 1186 in
286 1150 354 1186 illis
380 1163 527 1200 quoque
561 1163 641 1187 esse
676 1150 785 1200 digna
812 1152 983 1200 cognitu,
1017 1151 1103 1188 nibil
1130 1158 1276 1199 autem,
1305 1150 1404 1201 quod
1431 1151 1543 1186 sciam

84 1212 170 1249 mihi
196 1212 394 1249 aduersari.
451 1213 548 1258 Quia
573 1224 661 1249 uero
689 1212 903 1262 Pighianum
931 1226 1064 1264 sequar
1089 1213 1363 1264 apographum,
1391 1211 1543 1248 demon·

83 1273 271 1311 strandum
301 1280 356 1311 est
382 1275 460 1312 iure
487 1275 522 1311 id
549 1275 628 1311 fieri
654 1281 690 1311 et
716 1276 941 1313 emendatius
966 1276 1004 1312 id
1039 1288 1118 1313 esse
1144 1277 1309 1313 caeteris.
1364 1273 1542 1318 Quamuis

83 1336 177 1372 enim
204 1347 269 1371 sex
295 1342 433 1374 tantum
459 1337 703 1386 inspexerim,
739 1343 862 1375 tamen
898 1350 1024 1374 eorum
1063 1338 1293 1388 quadruplex
1328 1342 1384 1374 est
1423 1336 1542 1384 origo,

82 1409 149 1433 nec
177 1397 287 1434 credo
313 1397 493 1435 diuersam
520 1412 578 1435 me
609 1398 922 1448 deprehensurum
949 1400 1085 1447 fuisse,
1118 1401 1149 1437 si
1183 1412 1246 1437 eos
1280 1399 1391 1436 libros
1416 1409 1542 1435 omnes

82 1459 182 1495 adire
206 1459 388 1507 licuisset,
418 1461 478 1496 ubi
505 1460 598 1497 hanc
624 1462 784 1499 tabulam
813 1462 929 1511 repeti
955 1461 1079 1499 docuit
1106 1462 1241 1499 Christ.
1268 1461 1401 1499 Saxius
1422 1458 1541 1510 praef.

82 1520 128 1556 ad
152 1521 325 1559 Vaassen.
353 1535 390 1571 p.
412 1536 668 1560 xu—xvln.
709 1523 911 1562 Blanchinii
937 1524 1045 1572 libro,
1073 1537 1147 1574 quo
1173 1524 1259 1571 dixi,
1286 1536 1359 1560 non
1386 1523 1542 1559 libenter

83 1585 192 1622 carui.
237 1585 454 1635 Diligentiae
481 1586 588 1635 igitur
614 1585 812 1635 Pighianae
840 1593 877 1622 et
903 1586 1056 1623 aliorum
1084 1586 1325 1635 negligentiae
1351 1584 1440 1621 illud
1465 1583 1541 1634 pri·

83 1658 181 1682 mum
200 1655 452 1695 argumentum
475 1655 583 1693 esset,
610 1647 639 1684 si
660 1655 844 1685 constaret
868 1648 1075 1697 fragmenta
1101 1648 1194 1684 tituli
1221 1648 1368 1684 tabulae
1394 1652 1542 1683 nostrae

82 1708 166 1744 olim
193 1709 434 1757 superpositi,
461 1721 555 1758 quae
590 1710 624 1745 in
651 1709 766 1758 Pighii
792 1709 934 1746 schedis
970 1722 1043 1746 non
1070 1710 1217 1757 inueni,
1253 1717 1375 1746 tamen
1405 1709 1451 1744 ab
1478 1708 1539 1743 illo

81 1770 159 1806 solo
186 1769 368 1819 descripta
394 1776 430 1805 et
457 1771 532 1806 eius
559 1771 775 1807 auctoritate
802 1771 937 1807 tradita
969 1782 991 1806 a
1017 1771 1168 1808 diuersis
1205 1784 1295 1809 esse.
1347 1770 1540 1819 Nusquam

81 1837 228 1877 extant,
265 1837 523 1881 praeterquam
563 1831 661 1881 apud
689 1832 890 1868 Graeuium
927 1831 973 1867 ad
1001 1833 1107 1869 Ariae
1133 1833 1299 1870 Montani
1333 1832 1540 1881 exemplum

79 1905 264 1942 expressa,
292 1899 328 1929 et
354 1892 453 1942 apud
481 1893 697 1941 Gruterum,
726 1894 786 1929 ubi
814 1906 857 1929 ex
885 1893 1004 1942 Pighii
1028 1894 1167 1931 schedis
1194 1894 1386 1944 desumpta
1412 1893 1539 1929 dicun-

80 1962 152 1992 tur.
203 1955 410 2004 Utrobique
438 1955 536 2003 quod
565 1955 693 1992 mirum
720 1963 896 2004 quantum
922 1955 1154 2006 discrepant,
1182 1956 1217 1993 id
1244 1955 1330 1993 nihil
1355 1953 1454 2004 apud
1480 1965 1540 1989 me

80 2017 196 2054 ualet:
233 2028 353 2066 neque
387 2017 481 2053 enim
518 2018 597 2066 ipse
624 2016 784 2054 Orellius
819 2030 842 2054 a
878 2017 1075 2067 typothetis
1112 2018 1341 2068 impetrauit,
1376 2023 1417 2053 ut
1443 2027 1539 2066 quae

78 2092 116 2129 p.
132 2081 207 2115 379
232 2079 382 2115 Gruteri
420 2084 457 2114 et
492 2078 592 2115 Saxii
627 2092 706 2116 esse
744 2079 937 2127 dicuntur,
972 2081 1043 2117 sint
1077 2081 1184 2117 etiam
1221 2090 1368 2130 reapse.
1417 2078 1539 2115 Atiam

78 2141 292 2177 Montanum
319 2147 417 2177 certe
444 2141 575 2177 mirum
600 2148 655 2178 est
677 2140 724 2178 de
751 2142 847 2189 loco,
877 2142 937 2177 ubi
962 2154 1002 2178 se
1030 2154 1109 2179 eam
1136 2142 1297 2178 tabulam
1326 2139 1457 2177 uidisse
1482 2139 1538 2176 di-

73 2203 141 2256 cit,
167 2202 354 2251 insigniter
381 2215 503 2240 errare
531 2215 685 2253 eamque
703 2216 785 2240 cum
811 2203 914 2240 fastis
940 2204 1187 2240 consularibus
1214 2202 1451 2247 confundere,
1478 2214 1537 2240 ar-

79 2271 212 2313 guente
230 2264 344 2301 Saxio
369 2277 405 2314 p.
423 2277 528 2312 x1v3
557 2277 622 2302 nec
645 2271 731 2301 ante
751 2278 856 2302 suum
877 2266 1088 2314 exemplum
1106 2265 1271 2310 edidisse,
1299 2277 1410 2316 quam
1429 2265 1536 2301 istum

80 2326 221 2362 titulum
257 2337 280 2362 a
314 2326 442 2375 Pighio
483 2327 665 2368 Bruxejlis
699 2333 763 2364 aut
798 2327 916 2363 Clinia
951 2328 1197 2364 transmissum
1236 2328 1357 2377 potuit
1388 2327 1536 2364 habere.

77 2388 185 2432 Quae
219 2388 257 2424 in
293 2388 405 2437 ipsius
444 2387 597 2425 tabulae
632 2389 851 2438 apographo
885 2389 1064 2438 Pighiano
1097 2388 1316 2439 reliquisque
1350 2388 1537 2436 differunt,

77 2457 162 2486 sunt
188 2456 252 2485 aut
278 2450 500 2485 calamorum
528 2461 693 2499 errores,
729 2451 790 2488 uel
828 2452 935 2488 etiam
973 2451 1270 2500 typothetarum,
1309 2457 1372 2488 aut
1406 2450 1538 2488 delicta

79 2511 262 2559 grauiora.
312 2511 370 2547 De
396 2512 523 2548 leuiori
560 2512 623 2548 illo
657 2524 795 2562 genere
821 2513 974 2549 arduum
1009 2518 1063 2549 est
1097 2513 1279 2561 iudicare,
1316 2525 1537 2563 quamquam

78 2584 162 2610 cum
187 2572 234 2610 de
262 2573 423 2621 grauiori
454 2572 541 2608 nihil
557 2566 602 2610 'in
629 2573 818 2623 Pighium,
855 2581 971 2611 totum
992 2573 1028 2610 id
1055 2574 1274 2626 inreliquos
1301 2575 1430 2623 cadat,
1463 2586 1536 2612 non

22 2671 26 2674 .
79 2633 194 2672 ausim
211 2633 378 2684 Pighium
396 2635 619 2684 insimulare,
648 2635 747 2686 quod
766 2635 864 2686 prid.
886 2636 948 2673 Kl’
971 2637 1056 2687 Apr.
1077 2636 1259 2687 scripserit
1278 2637 1343 2675 CC
1361 2649 1429 2688 pro
1447 2632 1534 2674 BC}
