1685 2954
112 72 303 105 cmxxxv
644 85 649 92 ·
757 67 900 97 conssx

111 175 174 219 28,
197 173 262 220 29,
284 173 347 208 32.
397 165 643 205 Consentiunt
675 178 799 204 omnes
832 167 870 204 in
903 171 1048 204 uetusta
1083 164 1201 204 forma
1236 164 1438 205 litterarum
1462 180 1498 217 r,
1521 179 1557 218 s,
1590 165 1594 168 ’

113 232 213 285 quod
236 229 521 274 ‘tamensemeb
547 229 587 277 4,
605 228 690 273 324,
716 235 816 266 certa
840 228 914 266 fide
939 228 1136 266 rotundum
1163 233 1244 276 est,
1273 228 1324 264 uti
1348 229 1560 278 saepissime

113 296 151 333 in
177 293 263 332 cod.
281 292 427 329 Monac.
446 292 483 328 E
508 289 658 340 aliisque
682 291 850 340 supparis
875 291 1019 337 aetatis,
1044 295 1072 335 t,
1099 290 1196 340 quod
1215 289 1260 326 ad
1279 289 1426 327 modum
1454 302 1559 340 grae-

114 368 179 393 cae
204 355 280 391 eius
305 353 450 390 litterae
475 352 643 390 scribitur
668 358 706 389 et
730 352 896 400 minime,
925 358 967 389 ut
993 351 1303 389 Nabmmacherus
1328 364 1367 402 p.
1384 363 1433 388 rx
1459 351 1559 400 dicit,

112 416 226 454 simile
246 420 300 453 est
318 427 354 451 o:
376 416 391 451 i
415 415 550 464 ubique
567 420 713 464 praeter
728 413 882 451 fortasse
901 427 1012 450 unum
1030 415 1148 451 locum
1168 417 1204 458 2,
1219 414 1291 450 581
1314 413 1391 449 sine
1410 412 1559 463 puncto,

113 491 138 525 y
161 489 242 514 cum
268 481 406 527 puncto
433 481 620 513 exaratur:
648 473 672 512 d
698 475 749 511 bis
775 481 879 512 terue
905 474 1100 512 rotundum
1127 481 1182 512 est
1207 475 1403 511 uetustiore
1427 474 1559 511 forma.

113 537 316 576 Discedunt
335 536 489 573 maxime
513 536 550 572 in
575 536 797 586 compendiis
823 536 1040 584 syllabarum
1066 549 1112 572 us
1137 543 1175 572 et
1201 541 1278 581 unt,
1305 548 1372 585 que
1396 541 1434 572 et
1461 533 1560 585 quid.

115 599 254 638 Omnes
280 604 427 648 praeter
457 599 601 635 tertium
635 598 818 634 librarium
847 604 910 633 aut
944 610 988 634 ae
1020 597 1284 647 diphthongum
1319 604 1383 633 aut
1407 607 1427 633 e
1454 603 1519 633 aut
1542 608 1563 633 e

114 673 198 698 cum
224 659 358 697 lineola
384 660 420 695 in
446 659 546 695 calce
570 659 805 707 scripserunt,
835 658 894 693 ille
921 670 1009 695 uero
1037 669 1221 708 nunquam
1241 670 1294 703 ae,
1321 670 1405 695 raro
1426 670 1458 705 e,
1480 659 1561 708 ple-

115 733 270 771 rumque
295 732 314 758 e
348 733 430 757 cum
465 719 626 769 uirgula:
660 718 755 754 idem
791 718 966 764 fecundus
991 726 1028 756 et
1058 719 1212 768 phebus,
1246 731 1327 755 cum
1361 719 1489 768 reliqui
1521 732 1563 757 oe

115 781 342 833 diphthongo
374 794 470 832 quae
503 781 720 831 plerumque
752 780 877 816 exulat
908 792 931 816 a
963 780 1144 817 codicibus
1179 780 1312 816 saeculi
1344 778 1562 828 duodecimi,

115 844 154 882 h.
179 855 214 882 e.
242 856 333 894 quos
359 843 532 890 uiderim,
561 846 710 878 utantur
736 853 803 877 suo
831 841 926 889 loco,
956 847 1104 878 utantur
1129 841 1263 887 alieno,
1289 841 1502 890 praesertim
1526 839 1562 878 in

117 907 238 943 uerbis
265 916 406 953 capere,
431 905 595 953 recipere,
620 902 775 938 fortasse
804 904 911 939 etiam
937 905 1091 952 ‘incipere
1117 915 1156 953 p.
1177 904 1236 946 16,
1256 905 1291 946 3,
1314 902 1400 949 175,
1427 902 1463 938 in
1489 913 1564 952 quo

116 974 239 1004 tamen
258 965 381 1001 Verrii
399 965 521 1001 Flacci
544 965 582 1000 in
607 965 682 1000 tab.
703 963 836 1001 Praen.
862 966 1113 1001 auctoritatem
1139 964 1318 1014 spectaui.
1371 963 1411 999 ln
1439 963 1563 1000 ortho-

117 1026 270 1077 graphia
296 1026 393 1062 omni
419 1026 548 1061 eximia
575 1024 700 1060 harum
727 1027 1016 1062 membranarum
1045 1026 1178 1062 utilitas
1205 1032 1276 1062 est:
1305 1025 1445 1074 singula
1471 1024 1564 1061 indi-

117 1088 212 1136 caui,
239 1087 415 1137 pleraque
432 1085 589 1134 exhibui,
618 1087 724 1122 etiam
750 1087 786 1122 in
813 1087 891 1123 aliis
918 1089 1082 1124 carminis
1108 1086 1269 1136 partibus
1291 1098 1563 1137 nonnunquam,

115 1149 181 1187 sed
211 1149 394 1185 admonito
420 1148 570 1193 lectore,
596 1159 693 1197 quae
718 1147 848 1185 desunt
874 1150 910 1185 in
937 1150 1041 1199 ipsis3
1071 1160 1189 1198 neque
1215 1148 1310 1184 enim
1339 1149 1475 1184 minuta
1502 1149 1563 1184 illa

91 1220 262 1261 'semper
295 1211 331 1246 in
369 1209 459 1245 libro
496 1208 698 1245 Petauiano
738 1211 823 1246 satis
866 1211 1006 1247 curauit
1043 1211 1220 1247 Heinsius.
1282 1209 1454 1246 Secunda
1486 1210 1562 1256 illa,

118 1285 228 1323 quam
255 1271 341 1318 dixi,
367 1282 495 1306 manus
522 1282 544 1306 a
570 1277 744 1307 consueta
772 1272 933 1317 ratione,
960 1285 1045 1308 casu
1073 1273 1193 1308 nescio
1223 1284 1269 1307 an
1297 1271 1467 1318 consilio,
1493 1271 1564 1307 de-

117 1334 232 1370 flectit
258 1332 445 1381 aliquoties
471 1333 507 1368 in
534 1333 840 1382 praepositionum
869 1346 1012 1370 annexu
1048 1334 1230 1383 habetque
1263 1336 1432 1378 muetos,
1466 1333 1565 1368 trai-

117 1397 208 1439 cias,
235 1393 404 1436 conubia,
434 1391 623 1437 transilui,
652 1393 884 1444 subposuere:
917 1395 1082 1432 didicisse
1109 1394 1377 1444 grammaticam
1405 1392 1562 1430 uidetur.

117 1456 261 1499 Quarta
278 1454 464 1500 rusticiora
483 1453 623 1491 infersit
641 1458 852 1500 Meamonts,
879 1459 1104 1501 mmmmm,
1131 1456 1274 1503 loetttm,
1301 1455 1427 1492 tutelis:
1453 1466 1562 1504 quam

114 1518 243 1553 obrem
270 1529 353 1552 cum
380 1527 451 1551 non
479 1516 544 1551 nisi
571 1515 660 1553 haec
685 1523 866 1567 promtum
892 1518 1025 1554 habeat
1051 1531 1088 1568 p.
1104 1519 1168 1564 29,
1194 1519 1232 1564 4,
1248 1518 1338 1564 717,
1366 1515 1452 1552 nihil
1482 1515 1563 1553 huic

114 1578 322 1615 auctoritati
347 1578 505 1614 tribuere
533 1577 692 1615 debebat
717 1578 1029 1617 Nahmmacherus
1050 1593 1087 1630 p.
1103 1591 1184 1615 ΧΠ.
1224 1578 1264 1613 In
1291 1577 1455 1613 frustulis
1478 1584 1564 1614 octo

117 1651 213 1689 quae
245 1639 525 1676 commemoraui
554 1640 707 1677 arduum
743 1647 822 1678 erat
858 1641 1061 1678 discrimina
1099 1639 1303 1676 huiusmodi
1339 1637 1562 1676 discernere:

115 1707 302 1738 caeterum
331 1706 472 1737 tantum
498 1701 624 1748 abest,
652 1708 714 1750 ut,
741 1701 840 1751 quod
865 1701 1180 1739 Nahmmacberus
1206 1712 1243 1749 p.
1261 1711 1291 1735 v
1318 1698 1432 1747 dixit,
1469 1711 1562 1749 pau-

117 1763 258 1799 cissima
284 1762 318 1799 in
345 1762 414 1798 illis
440 1762 554 1798 uerba
578 1762 739 1810 dignosci
766 1763 921 1812 possint,
949 1769 989 1798 ut
1015 1762 1113 1798 nullo
1140 1761 1375 1798 medicamine
1400 1760 1571 1798 adhibito>

116 1824 293 1873 pleraque
325 1823 474 1872 legerim
507 1830 544 1860 et
577 1824 815 1860 intellexerim
843 1825 982 1860 abscisa
1015 1824 1075 1860 illa
1107 1835 1186 1860 esse
1218 1835 1240 1860 a
1267 1823 1562 1873 quaternionibus

115 1884 260 1921 duobus
293 1885 384 1922 aliis.
433 1885 570 1921 Eorum
606 1886 741 1935 primus
769 1897 893 1922 uersus
920 1886 999 1922 libri
1022 1891 1057 1932 1,
1076 1886 1290 1921 291—420
1315 1884 1482 1922 habuisse
1507 1884 1562 1921 ui-

117 1945 237 1990 detur,
263 1947 396 1995 pagina
422 1947 498 1983 eius
525 1948 652 1997 prima,
679 1948 778 1983 cuius
804 1946 877 1983 duo
907 1947 1110 1998 fragmenta
1131 1953 1258 1984 extant
1282 1947 1514 1984 cohaerentia
1538 1957 1561 1982 a

117 2019 258 2044 summo
283 2007 386 2055 folio,
415 2020 539 2045 uersus
567 2010 794 2056 291-321,
830 2011 972 2058 triginta
999 2022 1124 2057 unum,
1152 2016 1192 2045 ut
1217 2009 1252 2045 in
1278 2009 1330 2045 iis
1348 2020 1443 2057 quae
1468 2009 1559 2045 inte·

118 2080 206 2117 grae
231 2076 400 2105 seruatae
426 2077 531 2118 sunt,
567 2072 632 2106 nisi
668 2071 729 2107 ubi
762 2083 887 2107 uersus
914 2071 1063 2107 omissus
1099 2078 1136 2107 et
1161 2071 1197 2106 in
1225 2070 1325 2106 calce
1349 2071 1556 2120 suppletus:

116 2131 306 2179 perierunt
331 2144 424 2168 uers.
447 2136 676 2181 318—321,
704 2133 909 2182 superiores
936 2133 1134 2181 aegerrime
1161 2133 1229 2180 legi
1251 2138 1414 2181 possunt.
1451 2131 1555 2166 Vers.

117 2193 193 2226 314
217 2190 347 2229 subibit
373 2200 427 2229 est
453 2200 489 2230 et
516 2207 551 2230 u.
569 2195 660 2230 315:
691 2219 724 2230 ..
742 2221 774 2230 ..
792 2193 834 2230 de
859 2194 1012 2231 mebibus
1037 2196 1130 2231 atris
1156 2194 1312 2243 ascripto
1338 2193 1374 2229 in
1396 2191 1558 2239 margine

116 2254 200 2289 nisi.
255 2254 294 2289 ln
332 2266 461 2291 auerso
495 2255 624 2291 eodem
658 2254 746 2291 solio
781 2256 886 2304 primi
923 2257 1048 2305 uiginti
1082 2262 1220 2305 septem
1257 2266 1381 2290 uersus
1415 2255 1555 2289 tantum

117 2325 190 2350 non
218 2315 348 2364 integri
376 2322 412 2352 et
437 2317 522 2352 satis
550 2317 642 2352 bene
667 2318 804 2353 seruati
831 2325 937 2365 sunt,
964 2318 1028 2354 sed
1054 2318 1264 2354 exciderunt
1289 2316 1381 2351 inter
1406 2315 1486 2350 illos
1512 2314 1555 2350 li-

117 2375 227 2411 brarii
254 2377 361 2426 culpa
388 2390 513 2414 uersus
540 2379 766 2415 325—330.
820 2380 913 2415 Hinc
940 2379 1060 2426 colligi
1096 2379 1159 2414 nisi
1195 2377 1301 2412 fallor
1335 2382 1455 2424 potest
1481 2377 1556 2425 pri·

116 2448 214 2472 mum
249 2438 284 2473 in
321 2440 445 2476 codice
477 2440 674 2490 archetypo
708 2447 954 2489 pentametros
989 2439 1186 2476 subductos
1212 2450 1233 2473 a
1261 2438 1386 2485 regula
1412 2439 1556 2474 sinistra

115 2496 247 2544 fuisse,
286 2500 384 2547 quod
412 2502 446 2537 iu
474 2501 573 2537 nullo
601 2514 725 2538 eorum
754 2502 920 2538 codicum
947 2515 1038 2551 quos
1066 2500 1136 2536 uidi
1162 2499 1223 2542 fit,
1260 2498 1391 2534 deinde
1417 2512 1453 2534 u.
1482 2501 1557 2535 329

115 2560 287 2608 scriptum
323 2561 456 2607 fuisse,
494 2564 545 2598 uti
581 2565 736 2610 assolet,
774 2576 854 2600 cum
889 2564 970 2600 cod.
999 2560 1261 2597 Mazariniano:
1300 2562 1399 2596 Pars
1431 2561 1554 2603 etia-m,

115 2623 215 2671 quod
241 2636 365 2660 uerum
392 2634 462 2658 non
486 2630 587 2671 puto.
641 2625 716 2662 Sed
745 2638 779 2661 u.
799 2628 870 2662 322
899 2637 943 2661 ex
968 2624 1035 2659 hoc
1056 2622 1209 2657 frustulo
1232 2621 1430 2668 llseldensi,
1455 2620 1559 2670 quod·

1614 2398 1623 2414 a
