1685 2954
115 59 145 102 2
644 71 981 103 «saeronvm

171 170 362 213 Inuenies
387 169 470 212 illic
498 175 543 211 et
569 169 679 213 festa
706 171 935 213 domestica
963 173 1098 214 uobis:

225 240 365 291 Saepe
380 228 467 278 ‘tibi
493 242 611 290 pater
638 244 716 293 est,
744 251 873 292 saepe
899 240 1105 294 legendus
1132 252 1248 282 auus.
1504 248 1557 282 10

172 306 374 359 Quaeque
400 305 536 346 ferunt
559 302 616 345 illi
642 305 776 358 pictos
806 305 1015 360 signantia
1043 307 1188 360 fastos,

225 374 290 414 'l'u
317 383 480 426 quoque
506 383 599 413 cum
625 371 759 413 Druso
785 374 967 426 praemia
994 373 1118 415 fratre
1146 375 1267 416 feres.

170 440 368 482 Caesaris
394 451 505 480 arma
532 445 683 481 canant
709 439 788 481 alii.
824 451 900 481 nos
930 441 1126 482 Caesaris
1154 454 1260 495 aras,

224 509 282 548 Et
308 518 588 561 quoscumque
616 507 747 548 sacris
774 506 930 548 addidit
957 509 1025 548 ille
1055 507 1156 549 dies.

168 577 316 616 Annue
344 574 508 615 conanti
534 587 607 627 per
633 573 779 614 laudes
807 573 867 614 ire
895 580 1068 627 tuorum,
1508 580 1559 617 15

221 641 368 695 Deque
395 652 488 681 meo
514 639 689 693 pauidos
717 644 869 680 excute
897 639 1022 681 corde
1049 645 1197 681 metus.

166 710 232 752 Da
259 708 355 750 mihi
383 713 427 749 te
454 704 672 761 placidum,
701 704 865 747 dederis
894 707 935 747 in
963 707 1142 749 carmina
1169 706 1298 749 uires:

220 776 435 831 Ingenium
461 774 575 814 uoltu
602 777 771 826 statque
799 772 995 826 caditque
1020 779 1106 814 tuo.

164 844 325 897 Pagina
350 841 540 883 iudicium
569 838 682 881 docti
709 838 895 880 subitura
922 845 1110 881 mouetur

219 909 436 964 Principis,
463 914 510 949 ut
538 907 675 949 Clario
703 905 832 948 niissa
859 907 1040 961 legenda
1068 906 1160 948 deo.
1508 916 1562 951 20

167 976 287 1030 Quae
314 976 369 1016 sit
397 976 505 1016 enim
533 975 632 1015 culti
660 974 849 1015 facundia
880 975 1088 1015 sensimus
1117 972 1210 1026 oris,

221 1044 366 1086 Ciuica
393 1054 465 1095 pro
495 1041 667 1094 trepidis
696 1054 790 1083 cum
819 1042 912 1083 tulit
939 1054 1051 1083 arma
1079 1041 1173 1083 reis.

166 1111 331 1153 Scimus
360 1115 405 1151 et
432 1108 484 1150 ad
513 1114 678 1150 nostras
707 1121 800 1150 cum
829 1121 878 1150 se
906 1109 1000 1150 tulit
1026 1110 1206 1163 impetus
1235 1115 1358 1165 artes,

221 1177 380 1233 Ingenii
408 1181 574 1218 currant
600 1174 767 1217 flumina
797 1181 950 1230 quanta
977 1176 1047 1217 tui.

163 1244 338 1288 Scilicet
364 1249 410 1285 ut
438 1243 503 1284 fas
531 1249 611 1296 est,
639 1249 762 1284 uates
790 1257 892 1298 rege
919 1243 1030 1285 uatis
1056 1243 1254 1299 habenas,
1508 1249 1561 1286 25

221 1310 419 1365 Auspicio
448 1309 547 1352 felix
573 1316 688 1352 totus
713 1317 761 1352 ut
789 1323 921 1352 annus
949 1317 1030 1353 eat.

157 1425 196 1460 9.
222 1423 302 1459 lnu.
327 1422 406 1459 istic
430 1427 468 1458 et
487 1418 580 1458 ΕΓ.
622 1421 694 1458 illic
719 1428 760 1458 ut
783 1421 877 1459 festa
893 1420 955 1459 A.
994 1428 1031 1458 et
1051 1434 1154 1459 sacra
1172 1421 1270 1460 dom.
1291 1427 1376 1460 tres.
1402 1428 1440 1459 et
1461 1422 1564 1471 signa

108 1473 193 1512 «luo.
232 1472 428 1510 domestice
452 1473 487 1508 G
505 1484 579 1508 ηια.
598 1484 669 1509 sec.
697 1472 794 1509 dom.
820 1473 922 1509 nobis
946 1472 1020 1510 Gb.
1124 1477 1186 1511 11.
1212 1473 1335 1510 serunt
1360 1473 1419 1509 alii
1445 1474 1562 1523 pictos

107 1525 192 1561 duo.
236 1524 286 1560 illi
319 1523 431 1560 festos
456 1523 548 1571 sign.
574 1524 686 1558 6811
703 1525 808 1558 1628
833 1528 919 1560 tres.
967 1524 1151 1572 signancia
1177 1526 1223 1561 Ε.
1267 1525 1383 1573 pictos
1411 1524 1564 1571 insignia

107 1575 224 1611 fasces
241 1573 275 1609 b.
323 1573 501 1621 signantia
524 1572 638 1608 fastus
658 1575 810 1610 81116.
914 1577 974 1611 12.
1003 1586 1085 1609 cum
1103 1573 1215 1610 durso
1240 1585 1273 1610 r.
1312 1573 1422 1609 druso
1447 1576 1564 1622 prima

106 1625 220 1661 fratre
246 1626 291 1667 E,
317 1623 380 1660 sed
404 1634 497 1660 corr.
549 1624 713 1672 praemia
738 1623 835 1660 ferre
859 1622 954 1660 seres
985 1621 1037 1660 Ψ.
1090 1624 1253 1673 praemia
1279 1623 1391 1672 digua
1415 1622 1514 1659 feres
1541 1622 1563 1659 b

105 1687 143 1712 m
162 1687 238 1712 ‘mm
265 1676 374 1723 prim.
401 1677 570 1722 quatuor.
677 1676 736 1710 13.
767 1680 902 1710 canunt
932 1675 1064 1710 GM'I'.
1102 1674 1174 1709 allii
1202 1686 1240 1709 n.
1266 1685 1300 1709 c.
1326 1685 1427 1709 aram
1454 1671 1502 1710 Γ.

156 1726 218 1762 14.
244 1735 481 1773 quoscunque
506 1722 559 1760 ed.
587 1723 671 1760 Elz.
720 1736 969 1772 quoscumque
995 1723 1071 1759 dies
1090 1723 1175 1760 add.
1201 1723 1262 1759 ille
1286 1724 1396 1760 sacris
1422 1723 1456 1761 b.
1503 1723 1565 1761 ille

105 1776 194 1814 deos
218 1787 243 1824 p
270 1786 353 1811 aar.
380 1786 453 1811 scr.
575 1774 635 1810 15.
673 1774 802 1810 Adnue
832 1771 898 1809 (122
952 1773 1005 1809 ire
1031 1773 1184 1810 deorum
1211 1775 1284 1811 0'1'
1304 1786 1379 1812 ma.
1400 1785 1460 1824 pr.

157 1827 218 1861 16.
246 1837 327 1861 mea
353 1836 440 1874 pau.
468 1836 544 1860 exc.
573 1830 695 1860 mente
721 1826 781 1860 M.
835 1835 920 1873 pau.
946 1834 1034 1860 erue
1059 1823 1170 1860 corde
1195 1835 1302 1861 tutus.
1407 1826 1469 1863 17.
1495 1824 1561 1862 de-

103 1876 272 1925 derisque
298 1876 334 1910 in
364 1873 448 1910 CA
456 1871 546 1910 PII
550 1871 590 1909 A
597 1873 621 1920 f
624 1887 661 1910 m
682 1876 730 1910 41
758 1874 895 1918 ,arnulli
921 1873 1029 1920 alirn
1056 1872 1172 1922 Ewy
1196 1887 1273 1911 vna.
1295 1886 1365 1911 sec.
1419 1875 1454 1911 in
1482 1887 1562 1911 car-

105 1927 201 1964 mine
227 1922 410 1962 ΒΓΝΣ
426 1925 520 1971 bes3
546 1922 584 1961 P
600 1934 684 1961 var.
709 1936 782 1963 scr.
818 1925 853 1960 in
880 1936 1035 1973 corpore
1064 1923 1134 1971 Tf
1154 1925 1263 1961 alius.
1370 1926 1431 1962 18.
1459 1926 1562 1962 uultu

102 1977 199 2014 libri.
304 1978 364 2011 19.
395 1976 557 2012 subitura
584 1981 732 2011 uei-etur
757 1980 926 2024 quatuor.
1037 1978 1100 2012 20.
1132 1981 1172 2011 ut
1198 1975 1299 2011 dario
1325 1975 1347 2023 ¹!
1372 1977 1435 2014 44.
1487 1976 1562 2012 cla·

104 2028 178 2063 rior
203 2026 310 2063 missa
340 2022 381 2061 Φ
405 2038 482 2063 mn.
503 2038 559 2073 pr.
602 2026 688 2061 clar.
710 2038 812 2061 musa
839 2025 909 2073 leg.
932 2028 1003 2073 333
1033 2023 1074 2061 Φ
1094 2037 1177 2063 nur.
1199 2038 1271 2063 scr.
1373 2029 1437 2063 21.
1465 2027 1560 2063 enim

102 2077 203 2114 docti
229 2077 300 2113 sac.
327 2088 434 2113 emus.
463 2076 534 2112 fac.
563 2076 712 2124 legimus
740 2077 811 2112 oris
839 2075 950 2113 alius.
1051 2079 1116 2115 22.
1151 2082 1246 2125 trep.
1281 2076 1434 2113 contulit
1459 2087 1560 2113 arma

101 2129 175 2164 suis
200 2126 263 2165 A.
385 2130 450 2163 23.
485 2138 566 2162 cum
593 2132 630 2163 te
656 2126 737 2162 tulit
762 2138 783 2163 r
807 2138 883 2163 ηια.
908 2138 979 2163 sec.
1030 2126 1186 2176 impetus
1211 2137 1317 2163 aures
1342 2125 1426 2164 dno.

100 2180 164 2216 24.
192 2177 341 2227 Imgenii
354 2179 400 2214 E.
437 2177 515 2226 Ing.
539 2182 688 2213 narrant
708 2179 759 2213 K.
805 2183 932 2213 curant
952 2173 993 2212 Γ
1007 2189 1156 2225 υπα.ρι·.
1194 2176 1339 2213 flamina
1357 2176 1389 2223 f.
1423 2180 1560 2226 quanta

101 2230 155 2265 sui
183 2225 244 2264 Π.
347 2227 411 2264 25.
439 2229 503 2263 Ita
529 2230 564 2263 E
588 2228 635 2262 41
664 2231 698 2262 et
723 2227 889 2275 quinque.
942 2227 1089 2264 Scilicet
1113 2233 1151 2264 et
1174 2227 1230 2264 fas
1255 2228 1336 2264 AF
1345 2228 1379 2264 G
1399 2237 1559 2264 mamea

100 2275 278 2316 AAmr
300 2280 324 2314 8
352 2276 491 2322 „mum
518 2277 585 2314 alit
604 2288 651 2314 ωε
670 2277 914 2314 melioribus?
952 2277 993 2314 Si
1020 2277 1104 2314 licet
1123 2284 1164 2314 ut
1192 2275 1363 2314 GMHs
1387 2280 1557 2324 quatuor.

101 2328 165 2366 Sic
190 2329 259 2365 erit
285 2335 323 2366 et
349 2329 405 2365 fas
431 2329 494 2363 40.
547 2327 587 2363 Si
614 2328 701 2363 libet
727 2335 764 2363 et
789 2327 845 2363 fas
871 2329 908 2364 7.
962 2328 1002 2364 Si
1033 2329 1116 2365 licet
1141 2334 1179 2364 et
1203 2328 1258 2364 sas
1283 2326 1429 2375 reliqum
1466 2329 1558 2363 EM

99 2390 183 2415 aar.
211 2390 281 2415 scr.
384 2380 446 2414 26.
478 2381 541 2415 Ita
568 2379 832 2425 ‹ninqunyinta
857 2382 1013 2426 quatuor
1041 2380 1206 2425 Heinsii,
1244 2375 1299 2421 Σ,
1334 2377 1450 2412 nostri
1477 2389 1558 2413 cum

100 2430 287 2478 impressis
312 2440 412 2465 saec.v
436 2431 514 2465 XV
519 2442 529 2473 ;
559 2389 600 2464 (ἰ)
619 2439 702 2465 etar-
728 2440 799 2464 scr.
849 2428 1118 2477 Aspicitofelix
1147 2431 1181 2465 F
1202 2433 1292 2471 ire-93
1325 2427 1355 2463 G
1378 2438 1461 2463 nar.
1483 2439 1554 2464 scr.

101 2479 261 2527 Aspicito
288 2484 325 2514 et
350 2478 435 2514 felix
461 2479 497 2515 A
523 2478 606 2515 dito.
661 2479 789 2528 Aspice
824 2485 860 2514 te
893 2479 979 2514 felix
1010 2491 1116 2514 uncis.
1168 2477 1372 2513 Auxiliante
1405 2476 1489 2513 felix
1516 2480 1553 2514 8.

101 2529 259 2578 Auspice
295 2535 331 2563 te
365 2528 457 2563 letus
494 2535 591 2565 totus
622 2525 672 2566 Φ.
724 2529 877 2578 Auspice
914 2536 950 2564 te
975 2528 1036 2565 fel.
1066 2531 1174 2576 BPp
1202 2528 1363 2562 304041
1406 2527 1556 2575 quidam

99 2579 319 2627 (‚quinque,'
346 2589 535 2626 perperam
560 2592 621 2629 ap.
652 2579 802 2627 Burin.)
832 2578 999 2624 Giofani,
1033 2580 1141 2627 pauci
1167 2579 1308 2615 Hestiai&
1334 2588 1382 2613 ex
1405 2589 1555 2615 nutriero

100 2630 294 2678 insignitis.
333 2628 419 2666 felix
447 2635 485 2664 ut
511 2634 606 2666 totus
633 2640 747 2667 annus
774 2629 806 2674 f.
859 2635 956 2666 totus
983 2634 1020 2666 et
1045 2640 1159 2665 annus
1185 2641 1216 2667 e.
