<?xml version="1.0" encoding="UTF-8"?>
<!DOCTYPE html PUBLIC "-//W3C//DTD XHTML 1.0 Transitional//EN"
    "http://www.w3.org/TR/xhtml1/DTD/xhtml1-transitional.dtd">
<html xmlns="http://www.w3.org/1999/xhtml" xml:lang="en" lang="en">
 <head>
  <title>
</title>
<meta http-equiv="Content-Type" content="text/html;charset=utf-8" />
  <meta name='ocr-system' content='tesseract 3.04.00' />
  <meta name='ocr-capabilities' content='ocr_page ocr_carea ocr_par ocr_line ocrx_word'/>
</head>
<body>
  <div class='ocr_page' id='page_1' title='image "./fastorumlibrisex00oviduoft_0338.png"; bbox 0 0 1685 2954; ppageno 0'>
   <div class='ocr_carea' id='block_1_1' title="bbox 166 88 1036 141">
    <p class='ocr_par' dir='ltr' id='par_1_1' title="bbox 166 88 1036 141">
     <span class='ocr_line' id='line_1_1' title="bbox 166 88 1036 141; baseline 0.001 -1"><span class='ocrx_word' id='word_1_1' title='bbox 166 97 220 140; x_wconf 79' lang='lat'>36</span> <span class='ocrx_word' id='word_1_2' title='bbox 687 88 1036 141; x_wconf 50' lang='lat' dir='ltr'>&#39;rnsronvu</span> 
     </span>
    </p>
   </div>
   <div class='ocr_carea' id='block_1_2' title="bbox 219 209 1605 1001">
    <p class='ocr_par' dir='ltr' id='par_1_2' title="bbox 219 209 1605 1001">
     <span class='ocr_line' id='line_1_2' title="bbox 220 209 1602 265; baseline -0.001 -12"><span class='ocrx_word' id='word_1_3' title='bbox 220 212 314 253; x_wconf 88' lang='lat' dir='ltr'>Nec</span> <span class='ocrx_word' id='word_1_4' title='bbox 343 210 496 265; x_wconf 86' lang='lat' dir='ltr'>gradus</span> <span class='ocrx_word' id='word_1_5' title='bbox 524 215 590 250; x_wconf 88' lang='lat' dir='ltr'>est</span> <span class='ocrx_word' id='word_1_6' title='bbox 618 211 722 250; x_wconf 82' lang='lat' dir='ltr'>ultra</span> <span class='ocrx_word' id='word_1_7' title='bbox 746 211 899 251; x_wconf 77' lang='lat' dir='ltr'><strong>Fabios</strong></span> <span class='ocrx_word' id='word_1_8' title='bbox 929 209 1184 265; x_wconf 84' lang='lat' dir='ltr'>cognominis</span> <span class='ocrx_word' id='word_1_9' title='bbox 1208 211 1331 252; x_wconf 85' lang='lat' dir='ltr'>ullus:</span> <span class='ocrx_word' id='word_1_10' title='bbox 1522 215 1602 253; x_wconf 85' lang='grc'>605</span> 
     </span>
     <span class='ocr_line' id='line_1_3' title="bbox 276 275 1177 318; baseline -0.001 0"><span class='ocrx_word' id='word_1_11' title='bbox 276 280 346 318; x_wconf 88' lang='lat' dir='ltr'>Illa</span> <span class='ocrx_word' id='word_1_12' title='bbox 374 277 517 317; x_wconf 90' lang='lat' dir='ltr'>domus</span> <span class='ocrx_word' id='word_1_13' title='bbox 547 275 700 318; x_wconf 86' lang='lat' dir='ltr'>meritis</span> <span class='ocrx_word' id='word_1_14' title='bbox 727 277 912 317; x_wconf 84' lang='lat' dir='ltr'>Maxima</span> <span class='ocrx_word' id='word_1_15' title='bbox 940 277 1050 318; x_wconf 90' lang='lat' dir='ltr'>dicta</span> <span class='ocrx_word' id='word_1_16' title='bbox 1078 276 1177 318; x_wconf 91' lang='lat' dir='ltr'>suis.</span> 
     </span>
     <span class='ocr_line' id='line_1_4' title="bbox 219 342 1398 397; baseline -0.001 -13"><span class='ocrx_word' id='word_1_17' title='bbox 219 343 306 385; x_wconf 86' lang='lat' dir='ltr'>Sed</span> <span class='ocrx_word' id='word_1_18' title='bbox 334 350 472 384; x_wconf 90' lang='lat' dir='ltr'>tamen</span> <span class='ocrx_word' id='word_1_19' title='bbox 498 342 684 384; x_wconf 84' lang='lat' dir='ltr'>humanis</span> <span class='ocrx_word' id='word_1_20' title='bbox 713 344 968 385; x_wconf 83' lang='lat' dir='ltr'>celebrantur</span> <span class='ocrx_word' id='word_1_21' title='bbox 996 345 1212 385; x_wconf 85' lang='lat' dir='ltr'>honoribus</span> <span class='ocrx_word' id='word_1_22' title='bbox 1242 355 1398 397; x_wconf 87' lang='lat' dir='ltr'>omnes,</span> 
     </span>
     <span class='ocr_line' id='line_1_5' title="bbox 274 409 1315 452; baseline 0.001 -2"><span class='ocrx_word' id='word_1_23' title='bbox 274 409 355 451; x_wconf 86' lang='lat' dir='ltr'>Hic</span> <span class='ocrx_word' id='word_1_24' title='bbox 384 411 541 451; x_wconf 80' lang='lat' dir='ltr'>socium</span> <span class='ocrx_word' id='word_1_25' title='bbox 569 423 726 452; x_wconf 90' lang='lat' dir='ltr'>summo</span> <span class='ocrx_word' id='word_1_26' title='bbox 757 423 849 451; x_wconf 90' lang='lat' dir='ltr'>cum</span> <span class='ocrx_word' id='word_1_27' title='bbox 877 412 975 451; x_wconf 92' lang='lat' dir='ltr'>Ioue</span> <span class='ocrx_word' id='word_1_28' title='bbox 1004 424 1150 452; x_wconf 90' lang='lat' dir='ltr'>nomen</span> <span class='ocrx_word' id='word_1_29' title='bbox 1178 412 1315 452; x_wconf 85' lang='lat' dir='ltr'>habet.</span> 
     </span>
     <span class='ocr_line' id='line_1_6' title="bbox 221 478 1385 533; baseline 0.001 -15"><span class='ocrx_word' id='word_1_30' title='bbox 221 478 380 519; x_wconf 82' lang='lat' dir='ltr'>Sancta</span> <span class='ocrx_word' id='word_1_31' title='bbox 407 484 558 520; x_wconf 86' lang='lat' dir='ltr'>uocant</span> <span class='ocrx_word' id='word_1_32' title='bbox 586 483 764 532; x_wconf 79' lang='lat' dir='ltr'>augusta</span> <span class='ocrx_word' id='word_1_33' title='bbox 793 484 943 531; x_wconf 85' lang='lat' dir='ltr'>patres.</span> <span class='ocrx_word' id='word_1_34' title='bbox 981 485 1160 533; x_wconf 86' lang='lat' dir='ltr'>augusta</span> <span class='ocrx_word' id='word_1_35' title='bbox 1188 485 1385 520; x_wconf 85' lang='lat' dir='ltr'>uocantur</span> 
     </span>
     <span class='ocr_line' id='line_1_7' title="bbox 275 545 1605 598; baseline 0.001 -14"><span class='ocrx_word' id='word_1_36' title='bbox 275 545 444 598; x_wconf 84' lang='lat' dir='ltr'>Templa</span> <span class='ocrx_word' id='word_1_37' title='bbox 470 545 730 586; x_wconf 84' lang='lat' dir='ltr'>sacerdotum</span> <span class='ocrx_word' id='word_1_38' title='bbox 758 546 834 585; x_wconf 87' lang='lat' dir='ltr'>rite</span> <span class='ocrx_word' id='word_1_39' title='bbox 864 545 1001 586; x_wconf 85' lang='lat' dir='ltr'>dicata</span> <span class='ocrx_word' id='word_1_40' title='bbox 1029 559 1162 586; x_wconf 89' lang='lat' dir='ltr'>manu.</span> <span class='ocrx_word' id='word_1_41' title='bbox 1525 551 1605 586; x_wconf 83' lang='lat'>610</span> 
     </span>
     <span class='ocr_line' id='line_1_8' title="bbox 220 611 1246 667; baseline 0.001 -15"><span class='ocrx_word' id='word_1_42' title='bbox 220 611 354 653; x_wconf 90' lang='lat' dir='ltr'>Huius</span> <span class='ocrx_word' id='word_1_43' title='bbox 382 618 426 653; x_wconf 91' lang='lat' dir='ltr'>et</span> <span class='ocrx_word' id='word_1_44' title='bbox 455 614 667 667; x_wconf 84' lang='lat' dir='ltr'>augurium</span> <span class='ocrx_word' id='word_1_45' title='bbox 697 611 905 664; x_wconf 81' lang='lat' dir='ltr'>dependet</span> <span class='ocrx_word' id='word_1_46' title='bbox 932 613 1089 666; x_wconf 85' lang='lat' dir='ltr'>origine</span> <span class='ocrx_word' id='word_1_47' title='bbox 1117 613 1246 666; x_wconf 89' lang='lat' dir='ltr'>uerbi,</span> 
     </span>
     <span class='ocr_line' id='line_1_9' title="bbox 276 678 1223 733; baseline 0.001 -14"><span class='ocrx_word' id='word_1_48' title='bbox 276 681 332 719; x_wconf 83' lang='lat' dir='ltr'>Et</span> <span class='ocrx_word' id='word_1_49' title='bbox 360 679 643 732; x_wconf 84' lang='lat' dir='ltr'>quodcumque</span> <span class='ocrx_word' id='word_1_50' title='bbox 672 692 749 720; x_wconf 80' lang='lat' dir='ltr'>sua</span> <span class='ocrx_word' id='word_1_51' title='bbox 773 679 954 730; x_wconf 87' lang='lat' dir='ltr'>Iuppiter</span> <span class='ocrx_word' id='word_1_52' title='bbox 980 685 1109 733; x_wconf 82' lang='lat' dir='ltr'>auget</span> <span class='ocrx_word' id='word_1_53' title='bbox 1133 678 1223 732; x_wconf 72' lang='lat' dir='ltr'>ope.</span> 
     </span>
     <span class='ocr_line' id='line_1_10' title="bbox 221 743 1300 800; baseline 0 -14"><span class='ocrx_word' id='word_1_54' title='bbox 221 748 390 800; x_wconf 82' lang='lat' dir='ltr'>Augeat</span> <span class='ocrx_word' id='word_1_55' title='bbox 417 746 626 799; x_wconf 90' lang='lat' dir='ltr'>imperium</span> <span class='ocrx_word' id='word_1_56' title='bbox 655 744 783 785; x_wconf 87' lang='lat' dir='ltr'>nostri</span> <span class='ocrx_word' id='word_1_57' title='bbox 813 743 943 796; x_wconf 83' lang='lat' dir='ltr'>ducis,</span> <span class='ocrx_word' id='word_1_58' title='bbox 972 752 1125 798; x_wconf 83' lang='lat' dir='ltr'>augeat</span> <span class='ocrx_word' id='word_1_59' title='bbox 1153 758 1300 786; x_wconf 85' lang='lat' dir='ltr'>annos:</span> 
     </span>
     <span class='ocr_line' id='line_1_11' title="bbox 274 813 1246 867; baseline -0.001 -13"><span class='ocrx_word' id='word_1_60' title='bbox 274 815 474 867; x_wconf 85' lang='lat' dir='ltr'>Protegat</span> <span class='ocrx_word' id='word_1_61' title='bbox 502 819 546 853; x_wconf 88' lang='lat' dir='ltr'>et</span> <span class='ocrx_word' id='word_1_62' title='bbox 574 818 737 853; x_wconf 88' lang='lat' dir='ltr'>uestras</span> <span class='ocrx_word' id='word_1_63' title='bbox 766 823 919 863; x_wconf 91' lang='lat' dir='ltr'>querna</span> <span class='ocrx_word' id='word_1_64' title='bbox 946 823 1098 852; x_wconf 88' lang='lat' dir='ltr'>corona</span> <span class='ocrx_word' id='word_1_65' title='bbox 1124 813 1246 853; x_wconf 88' lang='lat' dir='ltr'>fores.</span> 
     </span>
     <span class='ocr_line' id='line_1_12' title="bbox 220 879 1604 934; baseline 0.001 -14"><span class='ocrx_word' id='word_1_66' title='bbox 220 881 549 934; x_wconf 85' lang='lat' dir='ltr'>Auspicibusque</span> <span class='ocrx_word' id='word_1_67' title='bbox 574 879 663 920; x_wconf 88' lang='lat' dir='ltr'>deis</span> <span class='ocrx_word' id='word_1_68' title='bbox 692 881 797 919; x_wconf 85' lang='lat' dir='ltr'>tanti</span> <span class='ocrx_word' id='word_1_69' title='bbox 821 879 1076 932; x_wconf 85' lang='lat' dir='ltr'>cognominis</span> <span class='ocrx_word' id='word_1_70' title='bbox 1101 879 1223 920; x_wconf 88' lang='lat' dir='ltr'>heres</span> <span class='ocrx_word' id='word_1_71' title='bbox 1525 885 1604 921; x_wconf 88' lang='grc'>615</span> 
     </span>
     <span class='ocr_line' id='line_1_13' title="bbox 275 945 1196 1001; baseline -0.002 -12"><span class='ocrx_word' id='word_1_72' title='bbox 275 947 420 989; x_wconf 88' lang='lat' dir='ltr'>Omine</span> <span class='ocrx_word' id='word_1_73' title='bbox 448 945 649 1001; x_wconf 87' lang='lat' dir='ltr'>suscipiat</span> <span class='ocrx_word' id='word_1_74' title='bbox 677 957 756 1000; x_wconf 92' lang='lat' dir='ltr'>quo</span> <span class='ocrx_word' id='word_1_75' title='bbox 784 950 912 999; x_wconf 85' lang='lat' dir='ltr'>pater,</span> <span class='ocrx_word' id='word_1_76' title='bbox 943 945 1052 986; x_wconf 88' lang='lat' dir='ltr'>orbis</span> <span class='ocrx_word' id='word_1_77' title='bbox 1080 957 1196 987; x_wconf 90' lang='lat' dir='ltr'>onus.</span> 
     </span>
    </p>
   </div>
   <div class='ocr_carea' id='block_1_3' title="bbox 219 1081 1607 1472">
    <p class='ocr_par' dir='ltr' id='par_1_3' title="bbox 220 1081 1141 1134">
     <span class='ocr_line' id='line_1_14' title="bbox 220 1081 1141 1134; baseline -0.001 -11"><span class='ocrx_word' id='word_1_78' title='bbox 220 1081 441 1134; x_wconf 77' lang='lat' dir='ltr'>Respiciet</span> <span class='ocrx_word' id='word_1_79' title='bbox 471 1081 593 1121; x_wconf 82' lang='lat' dir='ltr'>Titan</span> <span class='ocrx_word' id='word_1_80' title='bbox 621 1087 739 1122; x_wconf 80' lang='lat' dir='ltr'>actas</span> <span class='ocrx_word' id='word_1_81' title='bbox 766 1081 836 1122; x_wconf 90' lang='lat' dir='ltr'>ubi</span> <span class='ocrx_word' id='word_1_82' title='bbox 862 1081 1009 1122; x_wconf 83' lang='lat' dir='ltr'>tertius</span> <span class='ocrx_word' id='word_1_83' title='bbox 1036 1081 1141 1134; x_wconf 88' lang='lat' dir='ltr'>idus,</span> 
     </span>
    </p>

    <p class='ocr_par' dir='ltr' id='par_1_4' title="bbox 221 1147 1367 1270">
     <span class='ocr_line' id='line_1_15' title="bbox 274 1147 1112 1190; baseline 0.001 -1"><span class='ocrx_word' id='word_1_84' title='bbox 274 1150 398 1190; x_wconf 85' lang='lat' dir='ltr'>Fient</span> <span class='ocrx_word' id='word_1_85' title='bbox 424 1147 666 1189; x_wconf 83' lang='lat' dir='ltr'>Parrhasiae</span> <span class='ocrx_word' id='word_1_86' title='bbox 695 1161 813 1189; x_wconf 87' lang='lat' dir='ltr'>sacra</span> <span class='ocrx_word' id='word_1_87' title='bbox 841 1150 969 1190; x_wconf 88' lang='lat' dir='ltr'>relata</span> <span class='ocrx_word' id='word_1_88' title='bbox 997 1150 1112 1190; x_wconf 89' lang='lat' dir='ltr'>deae.</span> 
     </span>
     <span class='ocr_line' id='line_1_16' title="bbox 221 1214 1367 1270; baseline -0.001 -12"><span class='ocrx_word' id='word_1_89' title='bbox 221 1218 329 1258; x_wconf 81' lang='lat' dir='ltr'>Nam</span> <span class='ocrx_word' id='word_1_90' title='bbox 359 1217 470 1269; x_wconf 89' lang='lat' dir='ltr'>prius</span> <span class='ocrx_word' id='word_1_91' title='bbox 497 1214 707 1256; x_wconf 82' lang='lat' dir='ltr'>Ausonias</span> <span class='ocrx_word' id='word_1_92' title='bbox 735 1222 887 1258; x_wconf 86' lang='lat' dir='ltr'>matres</span> <span class='ocrx_word' id='word_1_93' title='bbox 917 1223 1113 1270; x_wconf 83' lang='lat' dir='ltr'>carpenta</span> <span class='ocrx_word' id='word_1_94' title='bbox 1141 1216 1367 1257; x_wconf 84' lang='lat' dir='ltr'>uehebant:</span> 
     </span>
    </p>

    <p class='ocr_par' dir='ltr' id='par_1_5' title="bbox 219 1282 1607 1404">
     <span class='ocr_line' id='line_1_17' title="bbox 273 1282 1607 1337; baseline -0.001 -13"><span class='ocrx_word' id='word_1_95' title='bbox 273 1285 394 1324; x_wconf 84' lang='lat' dir='ltr'>Haec</span> <span class='ocrx_word' id='word_1_96' title='bbox 419 1295 581 1336; x_wconf 91' lang='lat' dir='ltr'>quoque</span> <span class='ocrx_word' id='word_1_97' title='bbox 610 1282 661 1322; x_wconf 82' lang='lat' dir='ltr'>ab</span> <span class='ocrx_word' id='word_1_98' title='bbox 682 1284 861 1325; x_wconf 87' lang='lat' dir='ltr'>Euandri</span> <span class='ocrx_word' id='word_1_99' title='bbox 888 1283 1002 1324; x_wconf 83' lang='lat' dir='ltr'>dicta</span> <span class='ocrx_word' id='word_1_100' title='bbox 1027 1289 1198 1337; x_wconf 87' lang='lat' dir='ltr'>parente</span> <span class='ocrx_word' id='word_1_101' title='bbox 1225 1296 1331 1324; x_wconf 90' lang='lat' dir='ltr'>reor:</span> <span class='ocrx_word' id='word_1_102' title='bbox 1527 1290 1607 1325; x_wconf 84' lang='lat'>620</span> 
     </span>
     <span class='ocr_line' id='line_1_18' title="bbox 219 1349 1362 1404; baseline -0.002 -12"><span class='ocrx_word' id='word_1_103' title='bbox 219 1351 322 1393; x_wconf 80' lang='lat' dir='ltr'>Mox</span> <span class='ocrx_word' id='word_1_104' title='bbox 350 1350 476 1390; x_wconf 88' lang='lat' dir='ltr'>honor</span> <span class='ocrx_word' id='word_1_105' title='bbox 504 1349 680 1402; x_wconf 87' lang='lat' dir='ltr'>eripitur.</span> <span class='ocrx_word' id='word_1_106' title='bbox 728 1357 993 1404; x_wconf 80' lang='lat' dir='ltr'>matronaque</span> <span class='ocrx_word' id='word_1_107' title='bbox 1024 1351 1203 1391; x_wconf 85' lang='lat' dir='ltr'>destinat</span> <span class='ocrx_word' id='word_1_108' title='bbox 1231 1350 1362 1391; x_wconf 89' lang='lat' dir='ltr'>omnis</span> 
     </span>
    </p>

    <p class='ocr_par' dir='ltr' id='par_1_6' title="bbox 273 1416 1066 1472">
     <span class='ocr_line' id='line_1_19' title="bbox 273 1416 1066 1472; baseline 0.001 -14"><span class='ocrx_word' id='word_1_109' title='bbox 273 1419 463 1472; x_wconf 85' lang='lat' dir='ltr'>Ingratos</span> <span class='ocrx_word' id='word_1_110' title='bbox 489 1417 600 1458; x_wconf 86' lang='lat' dir='ltr'>nulla</span> <span class='ocrx_word' id='word_1_111' title='bbox 626 1416 739 1470; x_wconf 89' lang='lat' dir='ltr'>prole</span> <span class='ocrx_word' id='word_1_112' title='bbox 767 1429 918 1459; x_wconf 89' lang='lat' dir='ltr'>nouare</span> <span class='ocrx_word' id='word_1_113' title='bbox 946 1418 1066 1459; x_wconf 84' lang='lat' dir='ltr'>uiros.</span> 
     </span>
    </p>
   </div>
   <div class='ocr_carea' id='block_1_4' title="bbox 163 1511 1612 2716">
    <p class='ocr_par' dir='ltr' id='par_1_7' title="bbox 163 1511 1612 2616">
     <span class='ocr_line' id='line_1_20' title="bbox 213 1511 1606 1562; baseline 0.001 -13"><span class='ocrx_word' id='word_1_114' title='bbox 213 1511 300 1550; x_wconf 78' lang='lat'><strong>605.</strong></span> <span class='ocrx_word' id='word_1_115' title='bbox 328 1514 391 1550; x_wconf 77' lang='lat' dir='ltr'>Ita</span> <span class='ocrx_word' id='word_1_116' title='bbox 419 1515 452 1549; x_wconf 90' lang='lat' dir='ltr'><em>B</em></span> <span class='ocrx_word' id='word_1_117' title='bbox 467 1513 497 1550; x_wconf 85' lang='lat' dir='ltr'><strong><em>G</em></strong></span> <span class='ocrx_word' id='word_1_118' title='bbox 504 1515 538 1549; x_wconf 90' lang='lat' dir='ltr'><strong>D</strong></span> <span class='ocrx_word' id='word_1_119' title='bbox 550 1514 633 1550; x_wconf 84' lang='lat' dir='ltr'>KZ</span> <span class='ocrx_word' id='word_1_120' title='bbox 652 1525 726 1551; x_wconf 82' lang='lat' dir='ltr'>ma.</span> <span class='ocrx_word' id='word_1_121' title='bbox 744 1524 811 1550; x_wconf 86' lang='lat' dir='ltr'>sec.</span> <span class='ocrx_word' id='word_1_122' title='bbox 838 1512 858 1549; x_wconf 88' lang='lat' dir='ltr'><strong><em>b</em></strong></span> <span class='ocrx_word' id='word_1_123' title='bbox 866 1524 890 1562; x_wconf 78' lang='lat'><em>9</em></span> <span class='ocrx_word' id='word_1_124' title='bbox 910 1524 984 1550; x_wconf 79' lang='lat' dir='ltr'>ma.</span> <span class='ocrx_word' id='word_1_125' title='bbox 999 1524 1067 1550; x_wconf 78' lang='lat' dir='ltr'>sec.</span> <span class='ocrx_word' id='word_1_126' title='bbox 1088 1525 1124 1550; x_wconf 84' lang='lat' dir='ltr'>m</span> <span class='ocrx_word' id='word_1_127' title='bbox 1142 1513 1209 1557; x_wconf 86' lang='lat'>4)8</span> <span class='ocrx_word' id='word_1_128' title='bbox 1230 1511 1405 1550; x_wconf 76' lang='lat' dir='ltr'>tredecim.</span> <span class='ocrx_word' id='word_1_129' title='bbox 1445 1511 1529 1549; x_wconf 91' lang='lat' dir='ltr'>Non</span> <span class='ocrx_word' id='word_1_130' title='bbox 1543 1511 1606 1550; x_wconf 87' lang='lat' dir='ltr'>A.</span> 
     </span>
     <span class='ocr_line' id='line_1_21' title="bbox 165 1560 1610 1613; baseline 0 -13"><span class='ocrx_word' id='word_1_131' title='bbox 165 1571 220 1601; x_wconf 85' lang='lat' dir='ltr'>est</span> <span class='ocrx_word' id='word_1_132' title='bbox 246 1564 340 1599; x_wconf 86' lang='lat' dir='ltr'>ultra</span> <span class='ocrx_word' id='word_1_133' title='bbox 365 1563 462 1600; x_wconf 86' lang='lat' dir='ltr'>fabio</span> <span class='ocrx_word' id='word_1_134' title='bbox 490 1567 523 1600; x_wconf 88' lang='grc' dir='ltr'><em>Ζ</em></span> <span class='ocrx_word' id='word_1_135' title='bbox 541 1575 615 1600; x_wconf 82' lang='lat' dir='ltr'>ma.</span> <span class='ocrx_word' id='word_1_136' title='bbox 635 1576 691 1613; x_wconf 85' lang='lat' dir='ltr'>pr.</span> <span class='ocrx_word' id='word_1_137' title='bbox 739 1570 794 1600; x_wconf 90' lang='lat' dir='ltr'>est</span> <span class='ocrx_word' id='word_1_138' title='bbox 819 1576 929 1613; x_wconf 84' lang='lat' dir='ltr'>supra</span> <span class='ocrx_word' id='word_1_139' title='bbox 954 1563 1069 1600; x_wconf 82' lang='lat' dir='ltr'>fabios</span> <span class='ocrx_word' id='word_1_140' title='bbox 1095 1560 1374 1600; x_wconf 75' lang='grc' dir='ltr'><em>ΑΡΦΝΔΣ</em></span> <span class='ocrx_word' id='word_1_141' title='bbox 1388 1564 1436 1599; x_wconf 84' lang='grc'>43</span> <span class='ocrx_word' id='word_1_142' title='bbox 1459 1567 1549 1608; x_wconf 72' lang='lat' dir='ltr'>tres3</span> <span class='ocrx_word' id='word_1_143' title='bbox 1580 1564 1610 1600; x_wconf 86' lang='lat' dir='ltr'><strong><em>G</em></strong></span> 
     </span>
     <span class='ocr_line' id='line_1_22' title="bbox 163 1613 1608 1662; baseline -0.001 -12"><span class='ocrx_word' id='word_1_144' title='bbox 163 1625 246 1651; x_wconf 79' lang='lat' dir='ltr'>uar.</span> <span class='ocrx_word' id='word_1_145' title='bbox 264 1625 333 1650; x_wconf 86' lang='lat' dir='ltr'>scr.</span> <span class='ocrx_word' id='word_1_146' title='bbox 372 1620 427 1649; x_wconf 83' lang='lat' dir='ltr'>est</span> <span class='ocrx_word' id='word_1_147' title='bbox 451 1613 566 1650; x_wconf 81' lang='lat' dir='ltr'>fabios</span> <span class='ocrx_word' id='word_1_148' title='bbox 593 1613 687 1650; x_wconf 85' lang='lat' dir='ltr'>ultra</span> <span class='ocrx_word' id='word_1_149' title='bbox 712 1625 822 1659; x_wconf 78' lang='lat' dir='ltr'>unus;</span> <span class='ocrx_word' id='word_1_150' title='bbox 847 1626 868 1650; x_wconf 79' lang='lat' dir='ltr'>s</span> <span class='ocrx_word' id='word_1_151' title='bbox 894 1625 975 1650; x_wconf 83' lang='lat' dir='ltr'>uar.</span> <span class='ocrx_word' id='word_1_152' title='bbox 993 1626 1064 1650; x_wconf 78' lang='lat' dir='ltr'>scr.</span> <span class='ocrx_word' id='word_1_153' title='bbox 1106 1620 1160 1649; x_wconf 84' lang='lat' dir='ltr'>est</span> <span class='ocrx_word' id='word_1_154' title='bbox 1185 1613 1301 1650; x_wconf 84' lang='lat' dir='ltr'>fabios</span> <span class='ocrx_word' id='word_1_155' title='bbox 1326 1625 1437 1662; x_wconf 86' lang='lat' dir='ltr'>supra</span> <span class='ocrx_word' id='word_1_156' title='bbox 1463 1615 1524 1661; x_wconf 68' lang='lat' dir='ltr'>qui</span> <span class='ocrx_word' id='word_1_157' title='bbox 1547 1625 1608 1649; x_wconf 85' lang='lat' dir='ltr'>re-</span> 
     </span>
     <span class='ocr_line' id='line_1_23' title="bbox 164 1663 1611 1712; baseline -0.001 -11"><span class='ocrx_word' id='word_1_158' title='bbox 164 1667 266 1701; x_wconf 78' lang='lat' dir='ltr'>stant</span> <span class='ocrx_word' id='word_1_159' title='bbox 290 1667 323 1699; x_wconf 81' lang='lat' dir='ltr'>et</span> <span class='ocrx_word' id='word_1_160' title='bbox 347 1667 434 1699; x_wconf 78' lang='lat' dir='ltr'>uett.</span> <span class='ocrx_word' id='word_1_161' title='bbox 454 1665 561 1712; x_wconf 73' lang='lat' dir='ltr'>impr.</span> <span class='ocrx_word' id='word_1_162' title='bbox 690 1665 776 1699; x_wconf 83' lang='lat'><strong>608.</strong></span> <span class='ocrx_word' id='word_1_163' title='bbox 815 1663 951 1699; x_wconf 88' lang='lat' dir='ltr'>socium</span> <span class='ocrx_word' id='word_1_164' title='bbox 979 1676 1108 1711; x_wconf 79' lang='lat' dir='ltr'>magno</span> <span class='ocrx_word' id='word_1_165' title='bbox 1135 1663 1159 1700; x_wconf 81' lang='lat' dir='ltr'><em>h</em></span> <span class='ocrx_word' id='word_1_166' title='bbox 1179 1667 1224 1698; x_wconf 89' lang='lat'>12</span> <span class='ocrx_word' id='word_1_167' title='bbox 1245 1663 1328 1700; x_wconf 64' lang='lat' dir='ltr'>duro.</span> <span class='ocrx_word' id='word_1_168' title='bbox 1378 1675 1509 1699; x_wconf 88' lang='lat' dir='ltr'>numen</span> <span class='ocrx_word' id='word_1_169' title='bbox 1536 1665 1611 1700; x_wconf 87' lang='lat' dir='ltr'>EF</span> 
     </span>
     <span class='ocr_line' id='line_1_24' title="bbox 165 1710 1606 1762; baseline -0.001 -10"><span class='ocrx_word' id='word_1_170' title='bbox 165 1712 213 1752; x_wconf 85' lang='lat' dir='ltr'><em>A</em></span> <span class='ocrx_word' id='word_1_171' title='bbox 223 1710 319 1750; x_wconf 92' lang='grc' dir='ltr'>ΠΛ</span> <span class='ocrx_word' id='word_1_172' title='bbox 328 1711 366 1749; x_wconf 84' lang='grc' dir='ltr'><em>Σ</em></span> <span class='ocrx_word' id='word_1_173' title='bbox 376 1712 465 1761; x_wconf 73' lang='lat' dir='ltr'>Tfy</span> <span class='ocrx_word' id='word_1_174' title='bbox 484 1725 557 1750; x_wconf 81' lang='lat' dir='ltr'>ma.</span> <span class='ocrx_word' id='word_1_175' title='bbox 573 1725 641 1750; x_wconf 84' lang='lat' dir='ltr'>sec.</span> <span class='ocrx_word' id='word_1_176' title='bbox 663 1725 756 1762; x_wconf 77' lang='lat' dir='ltr'>mps</span> <span class='ocrx_word' id='word_1_177' title='bbox 775 1715 825 1749; x_wconf 85' lang='lat'>40</span> <span class='ocrx_word' id='word_1_178' title='bbox 835 1715 878 1748; x_wconf 88' lang='grc'>41</span> <span class='ocrx_word' id='word_1_179' title='bbox 903 1715 1032 1761; x_wconf 60' lang='lat' dir='ltr'>uiginti</span> <span class='ocrx_word' id='word_1_180' title='bbox 1048 1719 1123 1749; x_wconf 79' lang='lat' dir='ltr'>tres</span> <span class='ocrx_word' id='word_1_181' title='bbox 1141 1717 1174 1749; x_wconf 83' lang='lat' dir='ltr'>ct</span> <span class='ocrx_word' id='word_1_182' title='bbox 1194 1718 1278 1749; x_wconf 79' lang='lat' dir='ltr'>uett.</span> <span class='ocrx_word' id='word_1_183' title='bbox 1296 1715 1423 1762; x_wconf 74' lang='lat' dir='ltr'>impr.;</span> <span class='ocrx_word' id='word_1_184' title='bbox 1455 1713 1508 1750; x_wconf 84' lang='lat' dir='ltr'>Gr</span> <span class='ocrx_word' id='word_1_185' title='bbox 1521 1725 1606 1750; x_wconf 75' lang='lat' dir='ltr'>uwr.</span> 
     </span>
     <span class='ocr_line' id='line_1_25' title="bbox 164 1761 1607 1813; baseline -0.001 -11"><span class='ocrx_word' id='word_1_186' title='bbox 164 1776 236 1802; x_wconf 78' lang='lat' dir='ltr'>scr.</span> <span class='ocrx_word' id='word_1_187' title='bbox 337 1765 422 1800; x_wconf 88' lang='grc'>609.</span> <span class='ocrx_word' id='word_1_188' title='bbox 451 1764 563 1800; x_wconf 84' lang='lat' dir='ltr'>Sacra</span> <span class='ocrx_word' id='word_1_189' title='bbox 589 1767 623 1801; x_wconf 90' lang='lat' dir='ltr'><strong><em>E</em></strong></span> <span class='ocrx_word' id='word_1_190' title='bbox 646 1776 718 1800; x_wconf 77' lang='grc' dir='ltr'>ηια.</span> <span class='ocrx_word' id='word_1_191' title='bbox 739 1775 808 1800; x_wconf 84' lang='lat' dir='ltr'>sec.</span> <span class='ocrx_word' id='word_1_192' title='bbox 836 1761 891 1800; x_wconf 89' lang='lat' dir='ltr'><strong><em>M</em></strong></span> <span class='ocrx_word' id='word_1_193' title='bbox 903 1762 1030 1812; x_wconf 64' lang='lat' dir='ltr'>fftbps</span> <span class='ocrx_word' id='word_1_194' title='bbox 1055 1774 1122 1799; x_wconf 73' lang='lat' dir='ltr'>sex</span> <span class='ocrx_word' id='word_1_195' title='bbox 1147 1767 1180 1799; x_wconf 82' lang='lat' dir='ltr'>et</span> <span class='ocrx_word' id='word_1_196' title='bbox 1204 1768 1291 1800; x_wconf 77' lang='lat' dir='ltr'>uen.</span> <span class='ocrx_word' id='word_1_197' title='bbox 1318 1763 1373 1800; x_wconf 83' lang='lat' dir='ltr'>ed.</span> <span class='ocrx_word' id='word_1_198' title='bbox 1423 1763 1466 1801; x_wconf 84' lang='lat' dir='ltr'>S.</span> <span class='ocrx_word' id='word_1_199' title='bbox 1485 1770 1607 1813; x_wconf 84' lang='lat' dir='ltr'>patres</span> 
     </span>
     <span class='ocr_line' id='line_1_26' title="bbox 166 1811 1609 1863; baseline 0 -13"><span class='ocrx_word' id='word_1_200' title='bbox 166 1827 249 1863; x_wconf 76' lang='lat' dir='ltr'>ang.</span> <span class='ocrx_word' id='word_1_201' title='bbox 276 1819 410 1851; x_wconf 86' lang='lat' dir='ltr'>uocant</span> <span class='ocrx_word' id='word_1_202' title='bbox 437 1811 530 1850; x_wconf 83' lang='grc' dir='ltr'>ΦΚ</span> <span class='ocrx_word' id='word_1_203' title='bbox 535 1826 558 1863; x_wconf 85' lang='lat' dir='ltr'><em>p</em></span> <span class='ocrx_word' id='word_1_204' title='bbox 584 1818 670 1850; x_wconf 79' lang='lat' dir='ltr'>tres.</span> <span class='ocrx_word' id='word_1_205' title='bbox 715 1820 868 1862; x_wconf 82' lang='lat' dir='ltr'>augusta</span> <span class='ocrx_word' id='word_1_206' title='bbox 895 1819 1018 1861; x_wconf 85' lang='lat' dir='ltr'>patres</span> <span class='ocrx_word' id='word_1_207' title='bbox 1043 1815 1081 1849; x_wconf 81' lang='lat' dir='ltr'>in</span> <span class='ocrx_word' id='word_1_208' title='bbox 1106 1825 1183 1850; x_wconf 84' lang='lat' dir='ltr'>ras.</span> <span class='ocrx_word' id='word_1_209' title='bbox 1212 1816 1258 1850; x_wconf 83' lang='grc' dir='ltr'>Ζ.</span> <span class='ocrx_word' id='word_1_210' title='bbox 1367 1814 1454 1851; x_wconf 89' lang='grc'>610.</span> <span class='ocrx_word' id='word_1_211' title='bbox 1488 1825 1609 1850; x_wconf 85' lang='lat' dir='ltr'>saeer-</span> 
     </span>
     <span class='ocr_line' id='line_1_27' title="bbox 165 1862 1607 1912; baseline 0 -11"><span class='ocrx_word' id='word_1_212' title='bbox 165 1865 259 1902; x_wconf 85' lang='lat' dir='ltr'>dotis</span> <span class='ocrx_word' id='word_1_213' title='bbox 287 1862 374 1901; x_wconf 71' lang='grc' dir='ltr'>Φν.</span> <span class='ocrx_word' id='word_1_214' title='bbox 423 1865 490 1900; x_wconf 85' lang='lat' dir='ltr'>rite</span> <span class='ocrx_word' id='word_1_215' title='bbox 515 1871 657 1900; x_wconf 82' lang='lat' dir='ltr'>sacrata</span> <span class='ocrx_word' id='word_1_216' title='bbox 681 1863 706 1900; x_wconf 80' lang='lat' dir='ltr'><strong><em>h</em></strong></span> <span class='ocrx_word' id='word_1_217' title='bbox 731 1868 816 1900; x_wconf 80' lang='lat' dir='ltr'>tres.</span> <span class='ocrx_word' id='word_1_218' title='bbox 860 1863 958 1899; x_wconf 87' lang='lat' dir='ltr'>diata</span> <span class='ocrx_word' id='word_1_219' title='bbox 982 1866 1032 1900; x_wconf 92' lang='lat' dir='ltr'>D.</span> <span class='ocrx_word' id='word_1_220' title='bbox 1143 1865 1231 1900; x_wconf 87' lang='lat'>611.</span> <span class='ocrx_word' id='word_1_221' title='bbox 1265 1863 1380 1900; x_wconf 83' lang='lat' dir='ltr'>Huius</span> <span class='ocrx_word' id='word_1_222' title='bbox 1405 1865 1444 1900; x_wconf 71' lang='lat' dir='ltr'>in</span> <span class='ocrx_word' id='word_1_223' title='bbox 1468 1875 1545 1901; x_wconf 81' lang='lat' dir='ltr'>ras.</span> <span class='ocrx_word' id='word_1_224' title='bbox 1569 1875 1607 1912; x_wconf 79' lang='lat'>9.</span> 
     </span>
     <span class='ocr_line' id='line_1_28' title="bbox 167 1911 1612 1962; baseline 0 -12"><span class='ocrx_word' id='word_1_225' title='bbox 167 1915 213 1951; x_wconf 91' lang='lat' dir='ltr'>de</span> <span class='ocrx_word' id='word_1_226' title='bbox 242 1914 324 1950; x_wconf 82' lang='lat' dir='ltr'>end.</span> <span class='ocrx_word' id='word_1_227' title='bbox 351 1914 495 1962; x_wconf 85' lang='lat' dir='ltr'>originis</span> <span class='ocrx_word' id='word_1_228' title='bbox 522 1915 600 1950; x_wconf 85' lang='lat' dir='ltr'>urbi</span> <span class='ocrx_word' id='word_1_229' title='bbox 625 1914 747 1951; x_wconf 81' lang='lat' dir='ltr'>Ama.</span> <span class='ocrx_word' id='word_1_230' title='bbox 762 1925 830 1951; x_wconf 87' lang='lat' dir='ltr'>sec.</span> <span class='ocrx_word' id='word_1_231' title='bbox 862 1914 1103 1951; x_wconf 79' lang='lat' dir='ltr'>BGma.sec.</span> <span class='ocrx_word' id='word_1_232' title='bbox 1131 1916 1335 1953; x_wconf 64' lang='lat' dir='ltr'>Emmseo.</span> <span class='ocrx_word' id='word_1_233' title='bbox 1363 1911 1500 1952; x_wconf 73' lang='grc' dir='ltr'>ΡΦΛ</span> <span class='ocrx_word' id='word_1_234' title='bbox 1507 1911 1612 1952; x_wconf 89' lang='grc' dir='ltr'>ΜΝ</span> 
     </span>
     <span class='ocr_line' id='line_1_29' title="bbox 166 1927 1609 2013; baseline 0 -11"><span class='ocrx_word' id='word_1_235' title='bbox 166 1927 257 2002; x_wconf 62' lang='lat' dir='ltr'>Pfl</span> <span class='ocrx_word' id='word_1_236' title='bbox 265 1961 396 2002; x_wconf 81' lang='grc' dir='ltr'>ΨΔΣ</span> <span class='ocrx_word' id='word_1_237' title='bbox 406 1963 491 2011; x_wconf 78' lang='lat' dir='ltr'>Tfr</span> <span class='ocrx_word' id='word_1_238' title='bbox 510 1963 575 2000; x_wconf 82' lang='lat' dir='ltr'>sub</span> <span class='ocrx_word' id='word_1_239' title='bbox 593 1976 670 2001; x_wconf 82' lang='lat' dir='ltr'>ras.</span> <span class='ocrx_word' id='word_1_240' title='bbox 698 1976 718 2000; x_wconf 81' lang='lat' dir='ltr'>s</span> <span class='ocrx_word' id='word_1_241' title='bbox 736 1976 811 2001; x_wconf 67' lang='lat' dir='ltr'>nra.</span> <span class='ocrx_word' id='word_1_242' title='bbox 825 1976 881 2013; x_wconf 82' lang='lat' dir='ltr'>pr.</span> <span class='ocrx_word' id='word_1_243' title='bbox 903 1966 970 2010; x_wconf 85' lang='grc'>3)8</span> <span class='ocrx_word' id='word_1_244' title='bbox 991 1963 1124 2011; x_wconf 72' lang='lat' dir='ltr'>(Giof.)</span> <span class='ocrx_word' id='word_1_245' title='bbox 1144 1967 1193 2003; x_wconf 90' lang='grc'>36</span> <span class='ocrx_word' id='word_1_246' title='bbox 1202 1966 1251 2000; x_wconf 88' lang='grc'>37</span> <span class='ocrx_word' id='word_1_247' title='bbox 1262 1965 1428 2003; x_wconf 80' lang='grc'>384041</span> <span class='ocrx_word' id='word_1_248' title='bbox 1455 1964 1609 2002; x_wconf 61' lang='lat' dir='ltr'>undecei-</span> 
     </span>
     <span class='ocr_line' id='line_1_30' title="bbox 164 2014 1609 2064; baseline -0.001 -12"><span class='ocrx_word' id='word_1_249' title='bbox 164 2017 256 2064; x_wconf 76' lang='lat' dir='ltr'>9inti</span> <span class='ocrx_word' id='word_1_250' title='bbox 270 2020 304 2052; x_wconf 81' lang='lat' dir='ltr'>et</span> <span class='ocrx_word' id='word_1_251' title='bbox 316 2017 441 2064; x_wconf 71' lang='lat' dir='ltr'>imprr.</span> <span class='ocrx_word' id='word_1_252' title='bbox 456 2027 550 2051; x_wconf 83' lang='lat' dir='ltr'>saec.</span> <span class='ocrx_word' id='word_1_253' title='bbox 565 2026 648 2062; x_wconf 61' lang='grc' dir='ltr'>κη</span> <span class='ocrx_word' id='word_1_254' title='bbox 674 2017 709 2051; x_wconf 83' lang='grc' dir='ltr'><strong><em>Β</em></strong></span> <span class='ocrx_word' id='word_1_255' title='bbox 721 2016 779 2063; x_wconf 81' lang='grc'>09</span> <span class='ocrx_word' id='word_1_256' title='bbox 794 2016 844 2050; x_wconf 79' lang='lat'>44</span> <span class='ocrx_word' id='word_1_257' title='bbox 854 2026 920 2063; x_wconf 81' lang='lat' dir='ltr'>pro</span> <span class='ocrx_word' id='word_1_258' title='bbox 933 2026 1014 2052; x_wconf 73' lang='grc' dir='ltr'>ναν.</span> <span class='ocrx_word' id='word_1_259' title='bbox 1030 2026 1104 2053; x_wconf 81' lang='lat' dir='ltr'>scr.</span> <span class='ocrx_word' id='word_1_260' title='bbox 1142 2014 1326 2064; x_wconf 87' lang='lat' dir='ltr'>dependet</span> <span class='ocrx_word' id='word_1_261' title='bbox 1341 2015 1502 2052; x_wconf 63' lang='lat' dir='ltr'>nominis</span> <span class='ocrx_word' id='word_1_262' title='bbox 1528 2014 1609 2051; x_wconf 87' lang='lat' dir='ltr'>urbi</span> 
     </span>
     <span class='ocr_line' id='line_1_31' title="bbox 168 2065 1606 2114; baseline -0.001 -11"><span class='ocrx_word' id='word_1_263' title='bbox 168 2068 219 2103; x_wconf 88' lang='lat' dir='ltr'>K.</span> <span class='ocrx_word' id='word_1_264' title='bbox 321 2067 408 2102; x_wconf 85' lang='lat'><strong>612.</strong></span> <span class='ocrx_word' id='word_1_265' title='bbox 446 2065 689 2114; x_wconf 88' lang='lat' dir='ltr'>quodcunque</span> <span class='ocrx_word' id='word_1_266' title='bbox 715 2067 764 2101; x_wconf 91' lang='lat' dir='ltr'>D.</span> <span class='ocrx_word' id='word_1_267' title='bbox 806 2065 938 2110; x_wconf 83' lang='lat' dir='ltr'>iopiter</span> <span class='ocrx_word' id='word_1_268' title='bbox 962 2067 1006 2102; x_wconf 91' lang='lat' dir='ltr'>P.</span> <span class='ocrx_word' id='word_1_269' title='bbox 1049 2065 1181 2114; x_wconf 87' lang='lat' dir='ltr'>iupiter</span> <span class='ocrx_word' id='word_1_270' title='bbox 1208 2067 1300 2102; x_wconf 88' lang='lat' dir='ltr'>DE.</span> <span class='ocrx_word' id='word_1_271' title='bbox 1409 2067 1498 2102; x_wconf 82' lang='lat'><strong>614.</strong></span> <span class='ocrx_word' id='word_1_272' title='bbox 1532 2067 1606 2109; x_wconf 74' lang='lat' dir='ltr'>Ita,</span> 
     </span>
     <span class='ocr_line' id='line_1_32' title="bbox 168 2112 1607 2163; baseline -0.001 -12"><span class='ocrx_word' id='word_1_273' title='bbox 168 2121 323 2163; x_wconf 75' lang='lat' dir='ltr'>uestras,</span> <span class='ocrx_word' id='word_1_274' title='bbox 348 2115 635 2152; x_wconf 80' lang='lat' dir='ltr'>ABGDEma.</span> <span class='ocrx_word' id='word_1_275' title='bbox 650 2127 707 2163; x_wconf 81' lang='lat' dir='ltr'>pr.</span> <span class='ocrx_word' id='word_1_276' title='bbox 731 2117 806 2152; x_wconf 87' lang='lat' dir='ltr'>FK</span> <span class='ocrx_word' id='word_1_277' title='bbox 818 2112 956 2163; x_wconf 68' lang='lat' dir='ltr'>&#39;Pmpr</span> <span class='ocrx_word' id='word_1_278' title='bbox 975 2116 1093 2152; x_wconf 84' lang='lat'><strong>4812</strong></span> <span class='ocrx_word' id='word_1_279' title='bbox 1103 2117 1151 2151; x_wconf 85' lang='lat'>43</span> <span class='ocrx_word' id='word_1_280' title='bbox 1176 2119 1209 2152; x_wconf 76' lang='lat' dir='ltr'>et</span> <span class='ocrx_word' id='word_1_281' title='bbox 1228 2114 1357 2153; x_wconf 82' lang='lat' dir='ltr'>decem.</span> <span class='ocrx_word' id='word_1_282' title='bbox 1398 2122 1436 2152; x_wconf 91' lang='lat' dir='ltr'>et</span> <span class='ocrx_word' id='word_1_283' title='bbox 1460 2115 1607 2151; x_wconf 82' lang='lat' dir='ltr'>meritas</span> 
     </span>
     <span class='ocr_line' id='line_1_33' title="bbox 168 2164 1606 2214; baseline -0.001 -12"><span class='ocrx_word' id='word_1_284' title='bbox 168 2169 231 2202; x_wconf 94' lang='lat'>33.</span> <span class='ocrx_word' id='word_1_285' title='bbox 273 2173 310 2202; x_wconf 90' lang='lat' dir='ltr'>et</span> <span class='ocrx_word' id='word_1_286' title='bbox 329 2177 465 2214; x_wconf 84' lang='lat' dir='ltr'>querna</span> <span class='ocrx_word' id='word_1_287' title='bbox 484 2164 615 2201; x_wconf 79' lang='lat' dir='ltr'>fronde</span> <span class='ocrx_word' id='word_1_288' title='bbox 636 2177 770 2201; x_wconf 83' lang='lat' dir='ltr'>corona</span> <span class='ocrx_word' id='word_1_289' title='bbox 794 2165 949 2203; x_wconf 75' lang='lat' dir='ltr'>Talius.</span> <span class='ocrx_word' id='word_1_290' title='bbox 978 2171 1016 2202; x_wconf 87' lang='lat' dir='ltr'>et</span> <span class='ocrx_word' id='word_1_291' title='bbox 1034 2172 1173 2202; x_wconf 85' lang='lat' dir='ltr'>nostras</span> <span class='ocrx_word' id='word_1_292' title='bbox 1192 2165 1320 2214; x_wconf 66' lang='lat' dir='ltr'>reliqui.</span> <span class='ocrx_word' id='word_1_293' title='bbox 1337 2169 1372 2202; x_wconf 76' lang='lat' dir='ltr'>et</span> <span class='ocrx_word' id='word_1_294' title='bbox 1389 2169 1474 2202; x_wconf 71' lang='lat' dir='ltr'>um.</span> <span class='ocrx_word' id='word_1_295' title='bbox 1488 2167 1606 2213; x_wconf 51' lang='lat' dir='ltr'>impu</span> 
     </span>
     <span class='ocr_line' id='line_1_34' title="bbox 170 2213 1606 2262; baseline -0.002 -9"><span class='ocrx_word' id='word_1_296' title='bbox 170 2219 207 2253; x_wconf 90' lang='lat' dir='ltr'><em>D</em></span> <span class='ocrx_word' id='word_1_297' title='bbox 227 2227 310 2253; x_wconf 70' lang='grc' dir='ltr'>παν.</span> <span class='ocrx_word' id='word_1_298' title='bbox 326 2227 394 2253; x_wconf 82' lang='lat' dir='ltr'>scr.</span> <span class='ocrx_word' id='word_1_299' title='bbox 433 2222 573 2252; x_wconf 85' lang='lat' dir='ltr'>nostras</span> <span class='ocrx_word' id='word_1_300' title='bbox 600 2213 704 2252; x_wconf 82' lang='lat' dir='ltr'>laura</span> <span class='ocrx_word' id='word_1_301' title='bbox 730 2228 803 2252; x_wconf 86' lang='lat' dir='ltr'>cor.</span> <span class='ocrx_word' id='word_1_302' title='bbox 823 2217 866 2252; x_wconf 92' lang='lat' dir='ltr'><strong><em>N</em></strong></span> <span class='ocrx_word' id='word_1_303' title='bbox 882 2227 964 2253; x_wconf 77' lang='lat' dir='ltr'>nar.</span> <span class='ocrx_word' id='word_1_304' title='bbox 979 2227 1049 2253; x_wconf 73' lang='lat' dir='ltr'>scr.</span> <span class='ocrx_word' id='word_1_305' title='bbox 1081 2215 1141 2253; x_wconf 58' lang='lat' dir='ltr'>Gt.</span> <span class='ocrx_word' id='word_1_306' title='bbox 1157 2217 1214 2252; x_wconf 89' lang='lat' dir='ltr'>D:</span> <span class='ocrx_word' id='word_1_307' title='bbox 1239 2216 1390 2262; x_wconf 81' lang='lat' dir='ltr'>corona]</span> <span class='ocrx_word' id='word_1_308' title='bbox 1406 2216 1496 2252; x_wconf 85' lang='lat' dir='ltr'>sicut</span> <span class='ocrx_word' id='word_1_309' title='bbox 1514 2215 1606 2251; x_wconf 86' lang='lat' dir='ltr'>iouis</span> 
     </span>
     <span class='ocr_line' id='line_1_35' title="bbox 169 2262 1605 2318; baseline 0 -16"><span class='ocrx_word' id='word_1_310' title='bbox 169 2267 229 2303; x_wconf 90' lang='lat' dir='ltr'>uel</span> <span class='ocrx_word' id='word_1_311' title='bbox 249 2267 361 2318; x_wconf 84' lang='lat' dir='ltr'>patris</span> <span class='ocrx_word' id='word_1_312' title='bbox 380 2266 446 2302; x_wconf 90' lang='lat' dir='ltr'>sui.</span> <span class='ocrx_word' id='word_1_313' title='bbox 547 2266 634 2301; x_wconf 88' lang='lat'><strong>615.</strong></span> <span class='ocrx_word' id='word_1_314' title='bbox 660 2266 909 2315; x_wconf 90' lang='lat' dir='ltr'>Auspiciisque</span> <span class='ocrx_word' id='word_1_315' title='bbox 932 2266 1038 2303; x_wconf 81' lang='lat' dir='ltr'>deis.</span> <span class='ocrx_word' id='word_1_316' title='bbox 1080 2266 1138 2303; x_wconf 86' lang='lat' dir='ltr'>dei</span> <span class='ocrx_word' id='word_1_317' title='bbox 1154 2278 1188 2304; x_wconf 74' lang='lat' dir='ltr'>r.</span> <span class='ocrx_word' id='word_1_318' title='bbox 1229 2265 1305 2302; x_wconf 90' lang='lat' dir='ltr'>dies</span> <span class='ocrx_word' id='word_1_319' title='bbox 1321 2266 1358 2302; x_wconf 83' lang='grc' dir='ltr'><em>Α</em></span> <span class='ocrx_word' id='word_1_320' title='bbox 1374 2268 1435 2302; x_wconf 77' lang='lat'>43.</span> <span class='ocrx_word' id='word_1_321' title='bbox 1473 2264 1528 2300; x_wconf 84' lang='lat' dir='ltr'>dis</span> <span class='ocrx_word' id='word_1_322' title='bbox 1550 2262 1605 2302; x_wconf 84' lang='grc' dir='ltr'>Φ.</span> 
     </span>
     <span class='ocr_line' id='line_1_36' title="bbox 170 2314 1605 2364; baseline -0.001 -12"><span class='ocrx_word' id='word_1_323' title='bbox 170 2319 261 2352; x_wconf 85' lang='lat' dir='ltr'>tanti</span> <span class='ocrx_word' id='word_1_324' title='bbox 286 2318 324 2352; x_wconf 78' lang='grc' dir='ltr'>ἰη</span> <span class='ocrx_word' id='word_1_325' title='bbox 344 2328 422 2353; x_wconf 72' lang='lat' dir='ltr'>ras.</span> <span class='ocrx_word' id='word_1_326' title='bbox 442 2314 503 2353; x_wconf 82' lang='lat' dir='ltr'>br.</span> <span class='ocrx_word' id='word_1_327' title='bbox 534 2315 654 2352; x_wconf 83' lang='lat' dir='ltr'>Gloss.</span> <span class='ocrx_word' id='word_1_328' title='bbox 673 2316 791 2361; x_wconf 85' lang='lat' dir='ltr'>heres]</span> <span class='ocrx_word' id='word_1_329' title='bbox 820 2317 1044 2364; x_wconf 86' lang='lat' dir='ltr'>germanicus</span> <span class='ocrx_word' id='word_1_330' title='bbox 1069 2319 1139 2354; x_wconf 80' lang='lat' dir='ltr'>Er.</span> <span class='ocrx_word' id='word_1_331' title='bbox 1240 2317 1327 2352; x_wconf 89' lang='grc'>616.</span> <span class='ocrx_word' id='word_1_332' title='bbox 1361 2315 1530 2364; x_wconf 82' lang='lat' dir='ltr'>suscipias</span> <span class='ocrx_word' id='word_1_333' title='bbox 1557 2317 1605 2351; x_wconf 89' lang='lat' dir='ltr'>B.</span> 
     </span>
     <span class='ocr_line' id='line_1_37' title="bbox 170 2363 1604 2415; baseline -0.001 -13"><span class='ocrx_word' id='word_1_334' title='bbox 170 2367 337 2414; x_wconf 86' lang='lat' dir='ltr'>suscipiet</span> <span class='ocrx_word' id='word_1_335' title='bbox 366 2369 410 2403; x_wconf 83' lang='grc' dir='ltr'>Τ.</span> <span class='ocrx_word' id='word_1_336' title='bbox 451 2372 555 2415; x_wconf 83' lang='lat' dir='ltr'>pater</span> <span class='ocrx_word' id='word_1_337' title='bbox 579 2367 675 2402; x_wconf 85' lang='lat' dir='ltr'>urbis</span> <span class='ocrx_word' id='word_1_338' title='bbox 705 2363 1495 2413; x_wconf 58' lang='lat' dir='ltr'><strong><em>BEFOEAMNOPHPAETfyhr</em></strong></span> <span class='ocrx_word' id='word_1_339' title='bbox 1520 2366 1604 2401; x_wconf 78' lang='grc'>343</span> 
     </span>
     <span class='ocr_line' id='line_1_38' title="bbox 168 2415 1603 2465; baseline 0 -14"><span class='ocrx_word' id='word_1_340' title='bbox 168 2415 252 2465; x_wconf 76' lang='lat' dir='ltr'>plus</span> <span class='ocrx_word' id='word_1_341' title='bbox 278 2418 427 2464; x_wconf 69' lang='lat' dir='ltr'>triginta</span> <span class='ocrx_word' id='word_1_342' title='bbox 448 2420 481 2452; x_wconf 73' lang='lat' dir='ltr'>et</span> <span class='ocrx_word' id='word_1_343' title='bbox 505 2420 591 2452; x_wconf 63' lang='lat' dir='ltr'>«cett.</span> <span class='ocrx_word' id='word_1_344' title='bbox 614 2416 686 2461; x_wconf 57' lang='grc' dir='ltr'>αἱς</span> <span class='ocrx_word' id='word_1_345' title='bbox 711 2429 735 2465; x_wconf 85' lang='lat' dir='ltr'><strong><em>p</em></strong></span> <span class='ocrx_word' id='word_1_346' title='bbox 751 2429 916 2454; x_wconf 60' lang='lat' dir='ltr'>nar-,son</span> <span class='ocrx_word' id='word_1_347' title='bbox 962 2417 1078 2453; x_wconf 88' lang='lat' dir='ltr'>honus</span> <span class='ocrx_word' id='word_1_348' title='bbox 1104 2419 1175 2455; x_wconf 75' lang='lat' dir='ltr'>Er.</span> <span class='ocrx_word' id='word_1_349' title='bbox 1213 2416 1326 2452; x_wconf 87' lang='lat' dir='ltr'>honos</span> <span class='ocrx_word' id='word_1_350' title='bbox 1351 2416 1414 2452; x_wconf 78' lang='lat'>43.</span> <span class='ocrx_word' id='word_1_351' title='bbox 1514 2416 1603 2452; x_wconf 87' lang='grc'>617.</span> 
     </span>
     <span class='ocr_line' id='line_1_39' title="bbox 170 2463 1604 2517; baseline 0.001 -17"><span class='ocrx_word' id='word_1_352' title='bbox 170 2466 354 2514; x_wconf 74' lang='lat' dir='ltr'>Respiciat</span> <span class='ocrx_word' id='word_1_353' title='bbox 382 2469 416 2502; x_wconf 90' lang='lat' dir='ltr'><strong><em>E</em></strong></span> <span class='ocrx_word' id='word_1_354' title='bbox 431 2478 506 2503; x_wconf 86' lang='lat' dir='ltr'>ma.</span> <span class='ocrx_word' id='word_1_355' title='bbox 523 2478 579 2515; x_wconf 78' lang='lat' dir='ltr'>pr.</span> <span class='ocrx_word' id='word_1_356' title='bbox 599 2463 645 2502; x_wconf 77' lang='grc' dir='ltr'>Σ.</span> <span class='ocrx_word' id='word_1_357' title='bbox 681 2467 794 2516; x_wconf 85' lang='lat' dir='ltr'>Resp.</span> <span class='ocrx_word' id='word_1_358' title='bbox 820 2474 945 2517; x_wconf 79' lang='lat' dir='ltr'>pactas</span> <span class='ocrx_word' id='word_1_359' title='bbox 970 2467 1059 2503; x_wconf 76' lang='lat' dir='ltr'>titan</span> <span class='ocrx_word' id='word_1_360' title='bbox 1077 2464 1132 2502; x_wconf 94' lang='grc' dir='ltr'>Π.</span> <span class='ocrx_word' id='word_1_361' title='bbox 1172 2471 1273 2514; x_wconf 67' lang='lat' dir='ltr'>tyran</span> <span class='ocrx_word' id='word_1_362' title='bbox 1296 2467 1388 2501; x_wconf 85' lang='lat' dir='ltr'>DE.</span> <span class='ocrx_word' id='word_1_363' title='bbox 1429 2470 1526 2501; x_wconf 82' lang='lat' dir='ltr'>actas</span> <span class='ocrx_word' id='word_1_364' title='bbox 1553 2464 1604 2502; x_wconf 85' lang='lat' dir='ltr'>uti</span> 
     </span>
     <span class='ocr_line' id='line_1_40' title="bbox 171 2514 1602 2564; baseline 0.001 -12"><span class='ocrx_word' id='word_1_365' title='bbox 171 2514 260 2562; x_wconf 66' lang='lat' dir='ltr'>fort.</span> <span class='ocrx_word' id='word_1_366' title='bbox 287 2518 321 2552; x_wconf 88' lang='lat' dir='ltr'><em>E</em></span> <span class='ocrx_word' id='word_1_367' title='bbox 333 2515 397 2551; x_wconf 80' lang='lat' dir='ltr'>sub</span> <span class='ocrx_word' id='word_1_368' title='bbox 410 2527 488 2554; x_wconf 79' lang='lat' dir='ltr'>ras.</span> <span class='ocrx_word' id='word_1_369' title='bbox 523 2517 653 2554; x_wconf 78' lang='lat' dir='ltr'>tercius</span> <span class='ocrx_word' id='word_1_370' title='bbox 672 2519 761 2554; x_wconf 88' lang='lat' dir='ltr'>DE.</span> <span class='ocrx_word' id='word_1_371' title='bbox 799 2518 926 2554; x_wconf 80' lang='lat' dir='ltr'>tertius</span> <span class='ocrx_word' id='word_1_372' title='bbox 944 2517 1037 2554; x_wconf 89' lang='lat' dir='ltr'>idem</span> <span class='ocrx_word' id='word_1_373' title='bbox 1055 2529 1092 2553; x_wconf 83' lang='lat' dir='ltr'>m</span> <span class='ocrx_word' id='word_1_374' title='bbox 1107 2529 1180 2553; x_wconf 80' lang='lat' dir='ltr'>ma.</span> <span class='ocrx_word' id='word_1_375' title='bbox 1195 2527 1252 2564; x_wconf 86' lang='lat' dir='ltr'>pr.</span> <span class='ocrx_word' id='word_1_376' title='bbox 1350 2517 1435 2551; x_wconf 86' lang='grc'>618.</span> <span class='ocrx_word' id='word_1_377' title='bbox 1489 2526 1602 2553; x_wconf 84' lang='lat' dir='ltr'>arras.</span> 
     </span>
     <span class='ocr_line' id='line_1_41' title="bbox 171 2562 1601 2616; baseline 0 -14"><span class='ocrx_word' id='word_1_378' title='bbox 171 2567 261 2602; x_wconf 89' lang='lat' dir='ltr'>DE.</span> <span class='ocrx_word' id='word_1_379' title='bbox 300 2576 417 2614; x_wconf 84' lang='lat' dir='ltr'>paras.</span> <span class='ocrx_word' id='word_1_380' title='bbox 446 2566 501 2611; x_wconf 77' lang='lat' dir='ltr'>fr.</span> <span class='ocrx_word' id='word_1_381' title='bbox 549 2579 650 2604; x_wconf 84' lang='lat' dir='ltr'>sacra</span> <span class='ocrx_word' id='word_1_382' title='bbox 675 2568 800 2604; x_wconf 79' lang='lat' dir='ltr'>relicta</span> <span class='ocrx_word' id='word_1_383' title='bbox 824 2568 947 2605; x_wconf 82' lang='lat' dir='ltr'>Ama.</span> <span class='ocrx_word' id='word_1_384' title='bbox 963 2580 1018 2616; x_wconf 76' lang='lat' dir='ltr'>pr.</span> <span class='ocrx_word' id='word_1_385' title='bbox 1038 2566 1087 2604; x_wconf 89' lang='lat' dir='ltr'><em>A</em></span> <span class='ocrx_word' id='word_1_386' title='bbox 1091 2565 1140 2614; x_wconf 76' lang='lat' dir='ltr'>sp</span> <span class='ocrx_word' id='word_1_387' title='bbox 1161 2567 1220 2602; x_wconf 81' lang='lat'>43.</span> <span class='ocrx_word' id='word_1_388' title='bbox 1263 2577 1366 2601; x_wconf 78' lang='lat' dir='ltr'>sacra</span> <span class='ocrx_word' id='word_1_389' title='bbox 1419 2578 1458 2602; x_wconf 86' lang='lat' dir='ltr'>ro</span> <span class='ocrx_word' id='word_1_390' title='bbox 1474 2572 1534 2602; x_wconf 86' lang='lat' dir='ltr'>ata</span> <span class='ocrx_word' id='word_1_391' title='bbox 1551 2562 1601 2602; x_wconf 73' lang='grc' dir='ltr'>Ξ.</span> 
     </span>
    </p>

    <p class='ocr_par' dir='ltr' id='par_1_8' title="bbox 173 2615 1603 2716">
     <span class='ocr_line' id='line_1_42' title="bbox 222 2615 1603 2667; baseline 0 -15"><span class='ocrx_word' id='word_1_392' title='bbox 222 2616 309 2652; x_wconf 87' lang='grc'>619.</span> <span class='ocrx_word' id='word_1_393' title='bbox 343 2623 497 2664; x_wconf 83' lang='lat' dir='ltr'>capenta</span> <span class='ocrx_word' id='word_1_394' title='bbox 523 2620 714 2667; x_wconf 83' lang='lat' dir='ltr'>Ema.pr.</span> <span class='ocrx_word' id='word_1_395' title='bbox 755 2618 936 2655; x_wconf 89' lang='lat' dir='ltr'>uehebant</span> <span class='ocrx_word' id='word_1_396' title='bbox 959 2620 997 2654; x_wconf 74' lang='lat' dir='ltr'>in</span> <span class='ocrx_word' id='word_1_397' title='bbox 1013 2628 1089 2654; x_wconf 74' lang='lat' dir='ltr'>ras.</span> <span class='ocrx_word' id='word_1_398' title='bbox 1110 2618 1156 2652; x_wconf 84' lang='grc' dir='ltr'>Ζ.</span> <span class='ocrx_word' id='word_1_399' title='bbox 1268 2618 1352 2652; x_wconf 85' lang='grc'>621.</span> <span class='ocrx_word' id='word_1_400' title='bbox 1419 2628 1461 2652; x_wconf 87' lang='lat' dir='ltr'>ar</span> <span class='ocrx_word' id='word_1_401' title='bbox 1485 2615 1603 2653; x_wconf 81' lang='lat' dir='ltr'>honor</span> 
     </span>
     <span class='ocr_line' id='line_1_43' title="bbox 173 2665 1600 2716; baseline -0.001 -12"><span class='ocrx_word' id='word_1_402' title='bbox 173 2667 235 2705; x_wconf 78' lang='lat'>33.</span> <span class='ocrx_word' id='word_1_403' title='bbox 333 2665 420 2703; x_wconf 83' lang='lat'><strong>622.</strong></span> <span class='ocrx_word' id='word_1_404' title='bbox 455 2667 559 2715; x_wconf 87' lang='lat' dir='ltr'>prole</span> <span class='ocrx_word' id='word_1_405' title='bbox 582 2668 707 2705; x_wconf 87' lang='lat' dir='ltr'>iuuare</span> <span class='ocrx_word' id='word_1_406' title='bbox 731 2665 905 2706; x_wconf 74' lang='grc' dir='ltr'>ΚΣΖηι</span> <span class='ocrx_word' id='word_1_407' title='bbox 923 2668 992 2713; x_wconf 81' lang='lat'>4)8</span> <span class='ocrx_word' id='word_1_408' title='bbox 1010 2670 1176 2715; x_wconf 76' lang='lat' dir='ltr'>quatuor.</span> <span class='ocrx_word' id='word_1_409' title='bbox 1213 2666 1317 2716; x_wconf 84' lang='lat' dir='ltr'>prole</span> <span class='ocrx_word' id='word_1_410' title='bbox 1342 2666 1466 2704; x_wconf 85' lang='lat' dir='ltr'>leuare</span> <span class='ocrx_word' id='word_1_411' title='bbox 1492 2666 1600 2715; x_wconf 74' lang='lat' dir='ltr'>quin-</span> 
     </span>
    </p>
   </div>
  </div>
 </body>
</html>
