1685 2954
114 92 170 135 72
676 105 994 136 Fas‘ronvm

225 206 284 248 Et
309 205 466 260 patrias
492 210 606 248 artes
632 206 893 261 militiamque
921 207 1070 249 colant.

129 302 136 309 ·
173 272 312 315 lussit.
348 279 392 313 et
416 273 457 312 in
485 279 634 315 tenues
661 274 790 315 oculis
820 275 987 315 euanuit
1016 287 1149 316 auras.

232 341 449 383 Conuocat
476 339 547 382 hic
571 342 756 394 populos,
788 341 983 395 iussaque
1011 344 1136 384 uerba
1165 343 1299 383 refert.

177 409 349 462 'l'empla
375 407 454 448 deo
482 408 593 449 fiunt.
632 409 748 449 collis
776 421 938 462 quoque
966 409 1103 452 dictus
1133 411 1183 452 ab
1212 411 1278 451 ilio
1308 414 1395 450 est:

233 477 291 516 Et
316 476 495 516 referunt
522 477 624 517 certi
649 488 769 517 sacra
796 483 965 529 paterna
993 478 1094 519 dies.
1487 477 1568 515 510

177 543 272 583 Lux
301 555 464 596 quoque
492 556 564 584 cur
593 545 739 584 eadem
767 544 981 585 stultorum
1009 546 1119 586 festa
1146 550 1331 597 uocetur,

234 611 407 663 Accipe.
453 624 580 664 parua
606 611 769 665 quidem
799 623 948 663 causa,
977 612 1053 652 sed
1082 618 1179 664 apta
1206 612 1364 653 subest.

179 678 276 720 Non
306 678 448 718 habuit
477 677 625 719 doctos
653 679 776 719 tellus
806 678 972 730 antiqua
999 679 1186 720 colonos:

212 745 472 788 ‚Lassabant
501 746 634 797 agiles
665 758 813 797 aspera
840 745 948 785 bella
974 747 1095 786 uiros.

182 813 283 853 Plus
315 817 406 852 erat
432 812 473 851 in
501 812 653 866 gladio,
683 824 803 866 quam
832 824 956 852 curuo
981 812 1114 853 laudis
1142 818 1294 854 aratro:
1479 814 1571 851 ,515

233 880 469 934 Neglectus
494 878 655 919 domino
682 875 817 933 pauca
844 880 1003 920 ferebat
1032 893 1144 934 ager.

179 946 308 988 Farra
337 952 477 987 tamen
507 953 674 988 ueteres
702 946 918 1000 iaciebant,
946 946 1050 988 fan-a
1082 947 1302 1000 metebant,

236 1011 444 1053 Primitias
471 1014 614 1055 cereri
641 1016 746 1056 farra
773 1020 940 1056 resecta
971 1014 1136 1056 dabant.

183 1079 341 1122 Vsibus
370 1080 565 1123 admoniti
594 1082 768 1123 flammis
796 1082 984 1123 torrenda
1012 1083 1225 1136 dederunt,

237 1148 453 1202 Multaque
483 1156 660 1202 peccato
689 1149 836 1190 damna
864 1151 992 1191 tulere
1019 1163 1116 1190 suo:
1496 1151 1577 1189 520

182 1214 292 1256 Nam
319 1215 441 1254 modo
470 1217 686 1258 uerrebant
713 1217 854 1272 nigras
882 1231 953 1271 pro
982 1218 1086 1258 farre
1115 1217 1288 1268 saumas,

241 1282 366 1323 Nunc
393 1282 508 1335 ipsas
535 1283 656 1337 ignes
687 1287 915 1339 corripuere
944 1298 1078 1326 casas.

185 1350 321 1392 Facta
349 1349 429 1391 dea
458 1356 524 1391 est
552 1351 730 1394 Fornax.
764 1354 861 1394 laeti
886 1352 1072 1394 Fornace
1102 1351 1235 1394 coloni

247 1416 389 1471 Orant,
419 1424 465 1460 ut
493 1419 635 1475 fruges
663 1426 867 1475 temperet
895 1419 964 1462 illa
994 1432 1105 1462 suas.

184 1530 272 1568 506.
301 1542 404 1568 arces
429 1528 469 1568 Γ
474 1536 502 1568 t.
542 1532 781 1582 miliciamque
808 1535 858 1570 D.
897 1533 993 1570 colat
1018 1544 1066 1569 m.
1168 1529 1255 1568 507.
1287 1529 1387 1566 Dixit
1412 1534 1450 1566 et
1480 1526 1581 1567 ΨΤ.

134 1586 174 1619 et
199 1594 245 1618 ex
271 1582 385 1618 oculis
411 1582 446 1617 in
474 1589 600 1619 tenues
628 1584 776 1619 euanuit
802 1585 839 1619 7.
948 1584 1034 1619 508.
1068 1581 1118 1618 Et
1145 1587 1253 1617 uocat
1278 1580 1335 1616 hic
1360 1592 1392 1616 s.
1433 1579 1489 1615 hic
1515 1592 1583 1628 po·

134 1632 262 1682 pulum
285 1629 322 1668 Σ
335 1635 394 1669 12.
446 1632 502 1668 hic
528 1641 649 1681 patres
675 1633 724 1682 b9
745 1646 819 1670 ma.
839 1646 908 1671 sec.
927 1633 952 1670 h
977 1637 1131 1682 quatuor
1150 1634 1289 1675 Heius„
1314 1627 1466 1666 nouem?
1484 1628 1582 1676 Cios.

136 1687 172 1719 et
195 1687 284 1719 mett.
313 1682 367 1719 ed.
415 1681 472 1718 hic
504 1682 664 1720 homines
700 1696 806 1720 unus.
861 1697 949 1733 pop.
987 1684 1135 1732 uisaque
1169 1682 1282 1717 uerba
1308 1683 1406 1717 DM
1428 1692 1501 1717 ma.
1524 1691 1584 1728 pr.

136 1745 226 1782 pop.
251 1732 419 1782 dictaque
439 1733 549 1769 uerba
575 1731 625 1769 Ψ.
665 1747 752 1783 pop.
773 1735 957 1783 uerbaque
983 1734 1077 1769 iussa
1105 1731 1171 1768 ref.
1196 1734 1228 1768 B
1243 1733 1315 1768 Cm
1334 1733 1395 1768 20.
1496 1731 1584 1766 509.

140 1783 212 1819 deo
238 1782 376 1819 faciunt
399 1786 458 1819 Ps
474 1786 497 1820 3
513 1784 800 1831 quatuordecim.
841 1785 909 1820 deo
938 1791 1077 1832 ponunt
1102 1784 1164 1819 29.
1205 1789 1259 1818 est
1286 1780 1390 1818 abac.
1414 1777 1590 1817 ΦΝΡΣ

140 1833 193 1882 sp
216 1837 261 1869 12
272 1836 322 1869 20
340 1845 417 1870 sex.
520 1837 607 1871 510.
637 1834 704 1870 ref.
734 1842 832 1870 certa
858 1846 958 1870 sacra
986 1841 1137 1882 paterna
1163 1832 1222 1869 die
1242 1835 1290 1868 D.
1393 1833 1479 1868 512.
1507 1832 1587 1880 qui-

142 1884 226 1920 dem
254 1895 435 1933 causaque
462 1891 589 1933 aperta
608 1886 732 1920 subest
756 1897 779 1933 9
798 1890 882 1922 tres.
921 1896 1030 1921 causa
1048 1883 1112 1920 sed
1134 1890 1254 1919 tamen
1276 1889 1363 1933 apta
1380 1880 1436 1929 Γ;
1461 1893 1484 1930 9
1504 1893 1587 1918 aar.

143 1945 216 1972 scr.
255 1934 318 1971 sed
345 1941 433 1983 apta
459 1934 548 1971 fides
581 1936 656 1972 G‘m
675 1948 749 1971 wa.
770 1948 826 1984 pr.
872 1935 936 1971 sed
963 1942 1049 1983 apta
1074 1940 1194 1970 tamen
1227 1931 1278 1970 Ψ.
1379 1934 1466 1969 513.
1504 1931 1587 1968 hab.

146 1985 254 2021 tellus
291 1984 417 2021 doctos
452 1993 526 2021 ant,
566 1983 775 2022 BGDEm
794 1990 818 2022 8
846 1987 1008 2034 quinque.
1125 1985 1211 2020 514.
1245 1984 1434 2020 LaxaBant
1459 1979 1504 2019 Π
1525 1984 1587 2019 41.

146 2034 353 2071 Lassabunt
378 2047 416 2071 m
435 2047 510 2072 ma.
529 2047 589 2083 pr.
690 2038 779 2074 516.
806 2036 951 2072 domino
977 2047 1093 2085 parua
1118 2046 1152 2071 r.
1193 2046 1308 2083 pauca
1335 2034 1483 2083 gerebat
1503 2035 1563 2070 Μ.

196 2086 285 2121 517.
321 2092 394 2122 uet.
424 2086 606 2122 faciebant
632 2098 652 2123 r
677 2099 751 2124 ma.
770 2099 827 2137 pr.
875 2088 974 2122 sarra
1001 2087 1166 2135 peribant
1191 2097 1227 2121 m
1251 2097 1326 2122 nia.
1342 2096 1398 2134 pr.
1499 2084 1587 2119 518.

145 2135 333 2183 Primieias
361 2133 538 2172 DEGF
560 2136 614 2173 ed.
642 2137 740 2174 Rub.
785 2138 883 2173 farra
910 2145 1031 2173 secata
1059 2136 1178 2173 BGm
1203 2140 1370 2184 quatuor.
1408 2133 1504 2170 sarra
1530 2143 1587 2169 re-

145 2181 263 2236 perta*
277 2199 308 2223 s.
348 2186 499 2232 resecta,
525 2195 668 2223 sacrata
692 2188 837 2236 singuli.
942 2188 1029 2223 519.
1055 2186 1198 2222 Visibus
1224 2187 1261 2222 A
1280 2197 1354 2222 ma.
1368 2197 1423 2234 pr.
1448 2186 1497 2221 M
1513 2193 1586 2221 ma.

146 2249 204 2284 pr.
246 2237 431 2273 ammoniti
460 2235 630 2275 DEGF
640 2237 670 2275 b.
713 2239 776 2274 Vs.
798 2238 916 2274 edocti
943 2239 979 2274 7.
1020 2236 1171 2273 flammis
1197 2236 1376 2272 horrenda
1403 2236 1446 2272 E.
1485 2232 1587 2269 flam-

147 2287 214 2323 mis
240 2287 408 2324 siccanda
433 2284 474 2324 Γ
479 2292 506 2324 t.
552 2288 687 2326 dedere
717 2291 749 2326 B
765 2290 793 2326 G
816 2300 893 2326 sex.
994 2288 1081 2324 520.
1110 2287 1269 2336 dampna
1298 2288 1415 2324 DEr.
1455 2283 1589 2320 damna

149 2336 285 2373 dedere
311 2350 359 2374 m.
462 2339 550 2375 521.
579 2339 652 2375 lam
678 2352 702 2388 p
720 2351 802 2376 uar.
820 2351 891 2376 scr.
929 2337 1026 2374 Nam
1047 2350 1144 2374 nunc
1162 2333 1314 2374 urebant
1332 2336 1421 2384 nigr.
1439 2333 1470 2380 f.
1507 2345 1590 2370 uer-

149 2387 276 2423 tebant
302 2386 322 2424 b
344 2400 367 2438 p
382 2401 456 2425 mia.
477 2401 533 2439 pr.
582 2392 758 2426 uerebant
784 2392 818 2427 E
841 2401 914 2426 vna.
933 2401 989 2438 pr.
1035 2388 1144 2426 modo
1170 2387 1358 2424 sumebant
1384 2386 1415 2423 0
1439 2395 1514 2420 vina.
1531 2395 1588 2432 pr.

149 2437 242 2485 mgr·
270 2438 337 2473 sub
362 2437 461 2476 farre
485 2452 524 2488 p.
576 2453 642 2489 pro
668 2447 771 2490 parte
797 2440 829 2476 b.
874 2439 972 2476 farra
998 2438 1029 2485 f.
1074 2439 1171 2475 ferre
1195 2440 1231 2475 E
1254 2449 1327 2473 ma.
1346 2446 1402 2484 pr.
1448 2434 1590 2470 fauillas

150 2488 189 2524 ‘in
214 2499 290 2524 ras,
321 2500 369 2524 m.
414 2489 545 2526 salinas
569 2502 675 2528 unus.
777 2493 866 2527 522.
902 2489 1011 2526 Nunc
1034 2490 1133 2538 ignes
1158 2488 1252 2537 ipsas
1277 2498 1369 2523 corr.
1394 2484 1456 2522 A.
1495 2485 1591 2534 ipsas

151 2537 235 2586 igne
261 2550 352 2575 corr.
377 2540 406 2575 G
415 2536 462 2575 H
476 2540 583 2577 alius.
624 2542 634 2577 i
664 2555 693 2580 s.
721 2542 793 2591 igni
818 2553 912 2577 corr.
935 2552 958 2588 9
979 2552 1052 2577 ma.
1070 2550 1138 2576 sec.
1165 2550 1201 2574 m
1221 2549 1293 2573 ma.
1313 2548 1370 2586 pr.
1397 2548 1416 2572 s
1436 2547 1507 2571 ma.
1521 2546 1590 2572 sec.

152 2590 237 2624 812
263 2599 342 2624 sex.
383 2601 604 2638 corrupuere
629 2554 660 2638 'P
710 2605 804 2629 corr.
831 2591 956 2628 domos
981 2601 1088 2627 unius.
1196 2587 1285 2624 523.
1323 2587 1465 2623 Fornax
1494 2586 1591 2623 sacta

154 2637 223 2675 dea
251 2644 305 2674 est
331 2639 415 2675 laeti
442 2642 477 2676 P
495 2640 577 2677 duo.
618 2643 731 2679 Facta
758 2642 849 2682 deae
875 2649 930 2678 est
956 2638 994 2676 B
1003 2636 1096 2676 HA
1106 2650 1142 2676 m
1168 2637 1277 2675 alius.
1318 2637 1414 2673 sorn.
1441 2635 1528 2673 laesi
1545 2646 1589 2684 -9,

206 2688 295 2731 524.
332 2697 371 2725 ut
398 2689 491 2727 uires
519 2697 631 2741 temp.
667 2693 720 2729 hs
747 2705 821 2731 ma.
841 2704 909 2730 sec.
938 2695 1025 2727 uolt.
1051 2688 1104 2726 cd.
1153 2695 1263 2738 temp.
1290 2688 1349 2726 ille
1380 2685 1430 2725 Ψ.
1478 2694 1588 2741 temp.
