1685 2954
623 102 948 132 cnnoNOLooch
1393 101 1513 130 Lxxv

65 218 162 259 quae
197 205 381 257 profertur
405 215 427 241 a
452 202 653 241 Censorino
680 215 713 238 c.
734 204 796 246 20,
825 214 861 251 p.
888 202 958 238 105
987 203 1158 250 Hauerc.,
1194 201 1343 238 aliorum
1370 206 1515 239 secutus

66 271 113 308 sit
137 268 305 306 iudicium
331 279 398 317 per
422 276 550 302 manus
577 264 749 302 traditum
776 269 815 300 et
836 264 1010 300 uetustius
1037 264 1261 312 temporibus
1286 263 1376 300 Iunii
1396 264 1515 300 Grac-

69 330 173 368 thani
200 337 237 367 et
262 330 312 366 M.
341 327 466 366 Fuluii
491 325 686 362 Nobilioris
714 337 786 361 cos.
814 337 909 362 anno
936 325 983 361 V.
1004 325 1047 361 C.
1077 326 1163 373 565,
1194 325 1256 375 qui
1280 325 1516 376 antiquissimi

66 400 153 430 sunt
179 403 318 437 eorum,
343 390 541 439 qui-super
567 399 663 423 anno
689 386 857 422 Romano
886 387 1094 422 nominatim
1123 387 1330 424 laudantur.
1381 387 1433 424 Μ.
1454 386 1516 423 Iu-

67 455 148 492 nius
176 461 292 490 utrum
319 450 366 487 de
392 461 435 487 ea
460 462 501 485 re
527 447 614 484 data
642 459 753 497 opera
780 460 823 484 ac
848 448 1019 497 singulari
1046 448 1136 484 libro
1159 449 1378 498 exposuerit,
1405 461 1451 485 an
1479 449 1517 485 iu

66 513 405 552 commentariorum
442 510 563 558 libris,
600 522 690 560 quos
716 509 834 545 Varro
871 508 916 544 de
952 509 977 545 l.
1005 509 1028 545 l.
1059 511 1096 556 6,
1126 510 1173 546 95
1206 511 1517 558 commemorauit,

66 576 293 626 exploratum
320 586 392 610 non
419 580 485 610 est.
537 572 757 621 Fragmenta
784 571 860 607 eius
889 570 993 607 huius
1020 573 1160 620 generis
1186 578 1270 609 sunt
1296 572 1395 621 apud
1421 572 1516 609 Var-

66 648 191 675 ronem
217 635 265 673 de
290 636 315 672 l.
336 636 363 674 l.
384 636 424 684 6,
444 637 515 683 333
541 634 656 670 Macr.
688 637 724 680 1,
745 635 805 680 13,
833 644 871 681 p.
889 633 983 680 2533
1012 633 1163 670 Censor.
1183 637 1246 682 20,
1273 646 1313 683 p.
1332 633 1426 681 1053
1453 637 1519 681 22,

65 699 207 749 p.119‚
231 708 325 746 quae
345 697 391 733 ab
418 696 495 733 aliis
518 702 603 732 sunt
621 699 817 731 annotata:
845 694 984 743 reliqua
1009 707 1052 730 ex
1079 696 1168 731 alius
1195 696 1396 744 argumenti
1421 696 1520 732 libris

66 760 143 797 eius
171 759 308 806 multo,
335 770 445 808 quam
472 756 591 794 adhue
616 756 753 793 factum
780 762 858 803 est,
887 755 1092 805 diligentius
1119 768 1140 793 e
1167 756 1366 805 Cicerone,
1391 758 1519 806 Festo,

67 821 188 859 Gellio
215 821 415 870 conquisita
449 819 550 855 dabit
584 818 796 869 propediem
830 818 964 854 amicus
991 818 1138 868 quidam
1164 824 1308 867 noster,
1344 819 1445 856 cuius
1481 820 1519 856 in

66 883 293 934 prouinciam
331 881 493 918 inuolare
527 880 631 917 huius
666 881 734 917 loci
769 892 842 916 non
879 885 945 916 est.
1018 880 1168 916 Fuluius
1203 886 1323 917 autem
1350 880 1518 917 Nobilior

67 958 150 983 cum
172 945 348 982 fastorum
375 943 560 989 tabulam,
588 941 646 978 uel
674 941 813 978 tabulas
843 953 864 977 a
889 953 930 978 se
957 942 1141 979 confectas
1170 942 1206 978 in
1233 941 1325 979 aede
1354 942 1521 979 Herculis

66 1008 252 1045 Musarum
281 1005 442 1056 posuerit
477 1009 569 1041 teste
595 1003 709 1039 Macr.
741 1006 778 1048 1,
808 1006 869 1050 12,
896 1016 934 1053 p.
952 1005 1039 1050 244,
1075 1010 1152 1039 tum
1188 1004 1295 1040 etiam
1328 1003 1438 1040 libros
1473 1002 1522 1040 de

68 1069 197 1107 eodem
225 1073 438 1117 argumento
466 1065 712 1113 composuisse
736 1063 890 1109 uidetur,
918 1067 979 1115 qui
1008 1071 1144 1115 quanta
1162 1066 1377 1102 auctoritate
1401 1066 1523 1102 statim

67 1131 228 1177 suerint,
263 1129 372 1165 docet
398 1128 499 1165 locus
526 1126 640 1163 Coelii
669 1126 850 1175 Antipatri
885 1139 906 1163 a
934 1127 1097 1163 Cliarisio
1124 1126 1304 1163 adhibitus
1332 1132 1368 1175 1,
1395 1140 1433 1177 p.
1449 1131 1523 1164 112

67 1192 126 1230 ΡΛ
152 1191 362 1229 Publicanos
387 1190 516 1238 quippe
541 1187 663 1234 fastos
685 1199 806 1224 omnes
830 1192 864 1224 et
890 1188 1000 1226 libros
1026 1200 1050 1225 a
1077 1187 1206 1224 Fuluio
1226 1187 1408 1226 Nobiliori
1428 1192 1523 1227 scri-

67 1258 151 1304 ptos
179 1252 364 1298 retulisse,
398 1262 493 1300 quae
529 1249 642 1286 uerba
670 1249 791 1285 nescio
826 1260 873 1286 an
899 1261 944 1287 ex
972 1262 1036 1286 usu
1062 1249 1236 1286 sermonis
1263 1249 1363 1287 latini
1389 1252 1450 1288 uix
1475 1251 1524 1289 de

68 1317 140 1354 alia
167 1327 207 1352 re
232 1312 463 1364 interpretari
496 1311 627 1359 liceat,
665 1322 709 1347 ac
744 1309 791 1347 de
825 1310 969 1348 homine
1003 1311 1124 1361 aliquo
1159 1312 1196 1348 in
1221 1323 1263 1349 re
1288 1318 1524 1352 controuersa

68 1378 213 1430 publice
238 1376 285 1414 ad
304 1375 425 1412 Fuluii
448 1374 586 1424 scripta
612 1379 848 1424 prouocante.
878 1373 936 1409 Ex
962 1375 1221 1411 commentario
1250 1375 1372 1424 aliquo
1398 1375 1522 1413 huius-

68 1439 167 1478 modi
193 1438 413 1476 luculentam
439 1443 582 1487 partem
602 1435 820 1472 Laurentius
839 1433 963 1483 Lydus
990 1436 1173 1473 transtulit
1197 1437 1233 1473 in
1260 1437 1392 1474 librum
1416 1450 1524 1475 suum

68 1501 118 1540 de
142 1500 317 1547 ostentis,
343 1511 426 1549 cap.
448 1500 508 1535 16.
558 1497 775 1544 Proximus,
802 1497 864 1545 qui
892 1503 990 1533 certa
1017 1505 1138 1535 aetate
1164 1498 1211 1536 de
1236 1499 1321 1535 anni
1347 1499 1524 1549 tempori-

70 1563 138 1600 bus
161 1561 317 1612 scripsit,
342 1568 397 1598 est
421 1560 475 1597 Μ.
502 1559 699 1596 Terentius
725 1558 858 1606 Varro,
886 1566 926 1594 ut
952 1566 1057 1608 puto,
1084 1559 1121 1596 in
1146 1559 1243 1596 libris
1269 1561 1524 1610 antiquitatum

69 1624 331 1663 humanarum:
372 1634 528 1672 quorum
562 1634 644 1658 cum
683 1633 774 1658 unus
808 1621 959 1657 testibus
996 1620 1096 1659 Gell.
1131 1624 1169 1669 3,
1195 1625 1240 1666 2,
1274 1622 1390 1660 Macr.
1419 1626 1457 1671 1,
1484 1627 1526 1671 3,

71 1698 111 1736 p.
126 1688 198 1723 195
224 1686 266 1724 de
291 1683 414 1721 diebus
439 1684 573 1732 suerit,
610 1683 815 1720 interfuerit
840 1683 881 1719 iis
908 1683 1013 1719 etiam
1042 1683 1125 1730 ille,
1162 1696 1270 1733 quem
1305 1683 1347 1720 de
1372 1684 1527 1721 saeculis

71 1745 284 1795 inscriptum
310 1747 421 1782 tradit
445 1746 596 1782 Seruius
623 1744 669 1781 ad
697 1746 785 1782 Aen.
814 1748 852 1791 8,
877 1745 973 1781 526:
1009 1744 1165 1780 medium
1191 1745 1300 1793 igitur
1324 1746 1420 1782 inter
1446 1746 1525 1782 illos

73 1808 230 1857 aliquem
257 1807 446 1857 probabile
470 1813 526 1843 est
551 1806 593 1842 de
619 1808 727 1842 armis
751 1807 875 1853 fuisse,
900 1808 950 1842 ita
977 1805 1070 1842 enim
1098 1807 1288 1842 consueuit
1307 1807 1359 1842 M.
1380 1808 1415 1844 T
1420 1820 1527 1844 eren-

74 1870 158 1907 tius.
210 1869 366 1905 Restant
392 1868 465 1904 duo
491 1867 736 1916 grammatici,
763 1879 918 1916 quorum
944 1866 1084 1903 definiri
1110 1872 1255 1915 oportet
1281 1874 1453 1915 aetatem,
1480 1868 1527 1905 L.

74 1931 219 1968 Cincius
245 1937 282 1966 et
309 1930 501 1966 Cornelius
526 1929 664 1966 Labeo.
718 1929 820 1964 Lucii
847 1928 962 1965 Cincii
995 1928 1068 1964 duo
1104 1929 1231 1965 saltem
1258 1927 1368 1979 plane
1393 1929 1530 1967 diuersi

75 1998 428 2039 commemorantur,
463 1991 648 2027 annalium
675 1991 830 2040 scriptor
857 1990 1059 2026 notissimus
1087 1991 1301 2039 cognomine
1326 1991 1530 2028 Alimentus

76 2060 241 2102 tempore
268 2053 351 2089 belli
375 2052 502 2090 Punici
528 2052 677 2089 secundi
704 2059 741 2088 et
766 2053 974 2101 negotiator
999 2052 1168 2101 quidam,
1197 2059 1238 2089 ut
1263 2051 1422 2101 uidetur,
1449 2052 1529 2089 Ro-

74 2125 202 2152 manus
230 2114 266 2150 in
294 2113 479 2151 Ciceronis
506 2126 592 2163 epp.
618 2113 665 2150 ad
690 2114 765 2150 Att.
791 2117 826 2161 1,
851 2116 877 2150 7
907 2120 943 2150 et
969 2114 1158 2163 aliquoties
1194 2122 1405 2163 praeterea.
1459 2115 1530 2151 Vix

75 2177 183 2226 igitur
209 2177 322 2225 magis
347 2187 495 2212 necesse
531 2182 585 2213 est
621 2187 703 2212 eum
729 2175 883 2211 Lucium
911 2175 1094 2220 Cincium,
1129 2176 1190 2226 qui
1216 2188 1238 2212 a
1262 2176 1374 2213 Festo
1401 2179 1531 2227 p.218

74 2237 203 2275 Muell.
237 2238 414 2274 nominari
450 2238 574 2287 utique
609 2238 774 2285 uidetur,
808 2237 918 2274 fuisse
953 2239 1135 2274 annalium
1171 2244 1383 2285 auctorem,
1420 2251 1530 2288 quam

76 2298 188 2336 fuisse
213 2301 480 2348 argentarium:
511 2300 625 2348 uaria,
653 2311 747 2349 quae
773 2299 839 2335 sub
866 2299 977 2335 Cincii
1005 2300 1149 2336 nomine
1175 2300 1275 2351 apud
1299 2300 1450 2337 Festum
1477 2301 1531 2336 al-

78 2361 266 2410 legantur,
294 2362 429 2411 scripta
455 2361 616 2399 eiusdem
643 2373 721 2398 esse
748 2361 900 2398 hominis
928 2363 1112 2408 conuenit,
1142 2364 1208 2399 nisi
1235 2362 1428 2399 manifesto
1455 2362 1528 2398 dis-

80 2422 206 2459 similia
233 2422 437 2461 liabuerunt
463 2430 701 2473 argumenta3
735 2434 854 2472 neque
880 2424 974 2460 enim
1003 2424 1037 2459 iu
1065 2425 1149 2473 ipsis
1171 2423 1351 2462 Aeliorum
1378 2424 1531 2460 nomini-

82 2482 146 2519 bus
172 2483 505 2533 indiscriminatim,
542 2485 593 2521 uti
630 2484 744 2521 uideri
769 2485 883 2533 possit
919 2485 1034 2521 obiter
1069 2485 1223 2535 legenti,
1257 2486 1383 2536 positis
1418 2485 1530 2522 errari

84 2555 207 2592 passus
228 2553 283 2582 est
302 2547 466 2595 Verrius,
488 2546 794 2596 quemadmodum
815 2546 1132 2584 demonstrabitur.
1172 2548 1267 2585 Cum
1283 2548 1392 2597 igitur
1411 2559 1530 2596 gram-

86 2606 215 2643 matica
242 2609 419 2658 pleraque
445 2610 540 2657 sint,
567 2622 662 2659 quae
691 2608 805 2645 Cincii
831 2615 957 2645 extant
983 2608 1079 2659 apud
1107 2609 1279 2658 Festum,
1314 2620 1470 2659 cumque
1495 2607 1531 2643 id

85 2678 212 2716 genus,
240 2670 337 2723 quod
365 2671 468 2708 multi
494 2669 698 2708 iudicarunt
723 2677 761 2708 et
787 2683 893 2709 nemo
921 2683 992 2708 non
1022 2671 1131 2716 uidet,
1159 2684 1230 2709 non
1257 2673 1393 2722 optime
1419 2669 1532 2734 Cinpii
