1685 2954
539 121 918 153 L113.TER'1¹1vs
1390 99 1466 143 111

76 233 226 287 Regna
254 233 397 272 tenent
422 227 633 278 fortesque
661 234 782 264 manu
811 219 1067 273 pedibusque
1095 216 1283 272 fugaces,

136 302 192 340 Et
219 299 322 352 perit
350 294 537 346 exemplo
566 290 781 344 postmodo
812 289 985 340 quisque
1014 299 1103 327 suo.

81 368 236 409 Delluit
262 367 416 406 incerto
445 360 657 413 lapidosus
685 368 885 397 murmure
914 353 1044 394 riuus:

141 436 300 487 Saepe,
328 430 404 471 sed
434 428 599 482 exiguis
631 424 849 465 haustibus
877 422 972 463 inde
999 421 1093 461 bibi.

84 503 238 556 Egeria
266 504 332 539 est
359 509 466 551 quae
491 495 663 548 praebet
690 504 834 546 aquas,
864 490 944 530 dea
973 493 1092 542 grata
1120 487 1328 530 Camenis.
1392 488 1473 526 275

138 570 211 608 Illa
236 567 399 607 Numae
431 560 609 603 coniunx
638 558 934 611 consiliumque
963 555 1048 596 fuit.

86 633 289 686 Principio
318 632 483 672 nimium
510 635 721 683 promptos
751 626 803 668 ad
831 626 939 666 bella
968 622 1152 675 Quirites

140 699 288 741 Molliri
316 698 470 754 placuit
497 700 584 738 iure
614 697 817 748 deumque
845 699 971 733 metu.

87 769 188 810 Inde
217 768 340 808 datae
367 769 502 821 leges,
531 779 583 806 ne
612 762 761 804 firmior
791 760 925 802 omnia
953 766 1112 814 posset,

147 837 391 889 Coeptaque
418 840 515 875 sunt
541 845 642 885 pure
670 830 818 871 tradita
844 842 965 870 sacra
993 827 1083 870 coli.
1405 830 1485 865 280

92 905 266 945 Exuitur
294 903 448 955 feritas,
479 902 681 953 armisque
712 899 922 951 potentius
951 908 1125 949 aequum
1154 900 1234 947 est,

149 973 205 1012 Et
235 984 328 1012 cum
357 971 449 1011 ciue
479 968 608 1022 pudet
636 963 896 1009 conseruisse
925 975 1081 1004 manus.

97 1040 237 1092 Atque
267 1038 425 1090 aliquis,
454 1036 575 1076 modo
605 1043 709 1087 trux,
740 1032 832 1074 uisa
860 1035 940 1073 iam
969 1031 1142 1072 uertitur
1169 1043 1252 1084 ara,

152 1107 344 1158 Vinaque
373 1104 444 1145 dat
473 1101 623 1154 tepidis
651 1102 839 1155 farraque
869 1101 983 1141 salsa
1010 1100 1127 1140 focis.

98 1174 213 1214 Ecce
243 1171 364 1212 deum
392 1171 553 1225 genitor
583 1170 725 1209 rutilas
757 1183 828 1222 per
855 1169 990 1209 nubila
1019 1169 1206 1208 flammas
1412 1168 1494 1206 285

152 1239 333 1293 Spargit‚
365 1244 409 1277 et
437 1236 583 1278 effusis
612 1238 782 1278 aethera
812 1237 946 1277 siccat
974 1235 1106 1290 aquis.

94 1352 182 1386 271.
209 1353 272 1386 Ita
289 1350 489 1386 BGDZm
509 1354 592 1386 tres.
633 1354 707 1385 ten.
735 1348 847 1385 sortes
873 1349 1037 1384 manibus
1065 1346 1150 1397 ped.
1177 1341 1500 1383 EFGOEFAP

45 1398 388 1449 HWETfyprs
407 1402 457 1435 20
468 1402 514 1435 33
540 1401 670 1447 uiginti
696 1401 849 1448 quinque
874 1404 908 1435 et
936 1403 1020 1435 nott.
1048 1398 1102 1434 ed.
1155 1403 1230 1434 ten.
1254 1398 1369 1432 sortes
1396 1395 1500 1444 pedi-

45 1453 115 1488 bus
141 1452 378 1499 manibusque
394 1448 450 1487 Λ.
490 1458 564 1486 ten.
594 1451 756 1485 inanibus
782 1452 896 1485 sortes
922 1450 1007 1498 ped.
1035 1449 1174 1497 reliqui.
1277 1450 1365 1482 272.
1395 1446 1502 1495 periit

48 1505 259 1550 Erum-pr.
363 1502 449 1536 274.
478 1499 664 1536 haustibus
692 1502 766 1549 ipse
785 1499 823 1544 1›;
850 1513 873 1548 p
890 1512 1054 1537 mansor.
1095 1500 1178 1535 iude
1195 1499 1323 1534 bibunt
1339 1495 1386 1533 Γ.
1414 1496 1502 1532 inde

47 1553 150 1588 bibes
176 1555 401 1599 zyma-sec.
420 1563 455 1586 m
474 1553 637 1598 quinque.
678 1551 760 1586 inde
790 1551 878 1586 bibis
909 1554 1015 1586 1220
1034 1555 1201 1598 (μιιιὶυον.
1241 1547 1325 1584 inde
1351 1548 1448 1582 bibet
1467 1543 1505 1581 Σ

51 1601 161 1638 alius.
198 1602 282 1637 iude
309 1602 420 1650 (ipse)
448 1602 533 1636 bibit
557 1602 636 1637 AB
649 1598 1216 1637 GEFOEAMNOPIIPA
1230 1598 1293 1635 Tb
1303 1597 1441 1647 fprsss
1454 1600 1503 1632 33

53 1652 221 1687 404144
244 1653 374 1698 uiginti
399 1656 471 1687 tres
496 1656 528 1687 et
560 1656 645 1688 πιθα.
673 1651 727 1687 ed.
756 1656 898 1699 praeter
923 1652 1028 1697 Ald.;
1062 1665 1098 1688 m
1114 1663 1196 1687 tzar.
1213 1661 1282 1686 scr.
1329 1648 1505 1696 Reliquos

53 1712 196 1749 sequor.
238 1701 360 1738 Gloss.
395 1701 527 1748 Egeria
553 1713 572 1737 r
585 1703 647 1738 44.
696 1703 756 1737 uel
782 1703 952 1738 sacerdos
979 1703 1121 1750 egeriae
1148 1704 1209 1736 44.
1256 1700 1505 1748 unusquisque

56 1751 278 1788 uenientium
300 1751 357 1786 uel
375 1751 508 1786 semina
525 1754 570 1787 E.
608 1753 693 1799 quia
714 1763 785 1787 non
807 1765 874 1800 pro
893 1754 949 1787 siti
969 1753 1030 1788 sed
1045 1765 1112 1801 pro
1128 1752 1253 1787 scitate
1269 1751 1343 1787 eius
1365 1749 1437 1784 bibi
1453 1750 1504 1784 D.

107 1802 194 1837 275.
222 1800 317 1836 deest
344 1800 426 1836 hinc
447 1800 578 1845 folium
602 1804 639 1837 in
663 1804 722 1837 M.
772 1814 884 1849 aquas
911 1803 991 1837 loca
1018 1809 1121 1850 grata
1150 1805 1212 1838 23.
1319 1801 1404 1835 276.
1435 1811 1508 1833 nu-

57 1862 139 1888 mae
164 1852 285 1900 nupsit
312 1863 410 1886 cons.
443 1853 487 1886 Τ.
537 1852 665 1886 coniux
691 1863 727 1886 u.
746 1863 847 1900 supr.
889 1853 1044 1887 coniunx
1072 1853 1256 1887 consilium
1286 1853 1323 1887 in
1350 1862 1427 1887 ras.
1455 1850 1505 1885 D.

57 1912 223 1938 vta-sec.
342 1902 428 1936 277.
465 1900 686 1949 Principium
713 1913 745 1937 r.
799 1901 945 1937 nimium
980 1904 1115 1938 celeres
1150 1903 1195 1937 ad
1230 1904 1280 1938 20
1305 1901 1389 1937 duo.

109 1953 198 1988 278.
225 1951 326 1989 Mon.
353 1951 471 1999 potuit
501 1953 544 1987 Τ.
584 1951 676 2000 plac.
706 1951 810 1987 thure
837 1952 920 1988 duo.
968 1953 1045 1987 iure
1071 1960 1243 2001 metuque
1269 1952 1377 1987 deum
1405 1948 1454 1986 Γ.

111 2003 199 2038 279.
225 2001 313 2037 Inde
342 2008 441 2037 ratae
469 2004 530 2036 34.
582 2013 627 2037 ne
658 2001 787 2038 sortior
817 1999 1088 2051 GFAEhps
1113 2003 1228 2039 decem
1260 2002 1337 2048 fere
1363 2005 1396 2037 et
1421 2005 1508 2037 uett.

60 2052 114 2090 ed.
139 2056 284 2102 praeter
308 2050 405 2088 Rub.
445 2052 563 2087 omnia
590 2064 680 2100 pose
706 2054 741 2087 D
760 2065 832 2089 ma.
850 2065 906 2101 pr.
953 2055 1065 2101 possit
1097 2055 1126 2090 G
1144 2066 1224 2090 mir.
1246 2065 1316 2090 scr.
1421 2054 1510 2088 280.

61 2104 290 2152 Sceptraque
326 2105 370 2138 Τ.
415 2101 599 2150 Certaque
624 2115 647 2150 p
666 2115 747 2139 nar.
768 2115 838 2140 scr.
888 2111 973 2139 sunt
999 2105 1126 2140 merito
1156 2111 1201 2140 tr.
1227 2105 1388 2140 2121220
1415 2106 1512 2147 octo3

58 2166 115 2201 91¹
127 2165 211 2190 uar-
223 2164 294 2189 scr.
336 2165 426 2201 pure
452 2152 596 2188 turbida
615 2154 646 2189 0
663 2165 746 2190 nar.
766 2166 836 2190 scr.
939 2156 1027 2191 281.
1055 2155 1247 2190 Excutitur
1271 2153 1302 2200 f.
1347 2153 1514 2201 Exigitur

61 2207 110 2240 21
125 2206 187 2239 23.
227 2215 300 2252 que
317 2215 387 2239 om.
406 2205 442 2238 D
461 2215 535 2239 ma.
552 2215 609 2251 pr.
649 2216 720 2252 que
745 2205 953 2253 potentibus
980 2217 1061 2254 aeq.
1081 2202 1128 2241 Σ.
1168 2217 1241 2254 que
1265 2205 1430 2252 potentia
1456 2214 1514 2239 se-

62 2265 147 2289 cum
172 2260 227 2289 est
253 2264 446 2301 ηιηιαψν.
549 2256 637 2288 282.
668 2254 717 2289 Vt
736 2267 816 2290 cum
833 2253 894 2291 A.
934 2255 983 2291 Et
1009 2268 1077 2291 con
1105 2256 1184 2291 ciue
1200 2256 1299 2291 No.
1339 2255 1419 2290 ciue
1444 2266 1514 2303 pu-

62 2303 132 2340 dor
157 2306 239 2340 P3.
280 2315 426 2339 manum
456 2304 556 2349 01ης.
579 2301 714 2340 iP'uar.
731 2316 802 2341 scr.
918 2308 1004 2342 283.
1042 2307 1164 2355 thue
1190 2304 1238 2342 Γ.
1283 2305 1412 2354 aliquis
1438 2305 1516 2340 uisa

63 2353 173 2391 modo
203 2360 286 2390 trux
311 2355 534 2389 conuertitur
562 2355 607 2390 O.
654 2361 735 2390 trux
767 2357 862 2391 iussa
889 2369 920 2393 s.
969 2363 1051 2393 trux
1084 2368 1189 2392 uersa
1219 2357 1292 2392 ΟΠ
1309 2367 1436 2392 mma.
1456 2366 1515 2403 pr.

66 2406 237 2452 quinque3
263 2415 384 2440 suar.
401 2416 473 2442 scr.
521 2405 596 2439 uisa
622 2417 702 2440 curn
731 2403 778 2442 Σ.
829 2407 905 2442 uisa
931 2409 1064 2452 (uers.)
1093 2408 1318 2451 conuertitur
1342 2405 1515 2442 DEGO

66 2453 108 2490 A
117 2453 172 2500 bf
191 2453 392 2498 duodecim;
418 2467 441 2503 p
458 2467 540 2490 nar.
561 2467 630 2491 scr.
684 2463 775 2491 uert.
802 2457 957 2503 (conu.)
983 2459 1036 2493 ira
1063 2460 1099 2493 D
1119 2470 1154 2493 m
1171 2470 1244 2494 ma.
1264 2469 1320 2506 pr.
1349 2459 1516 2505 quinque.

68 2511 161 2540 uer-t.
187 2505 247 2540 illa
278 2506 307 2541 G
321 2516 402 2541 nar.
422 2516 492 2541 scr.
525 2504 584 2541 Gl.
604 2507 657 2540 E:
684 2517 705 2540 a
731 2505 876 2543 feritate
894 2507 1034 2544 humilis
1060 2509 1114 2544 fit.
1215 2510 1303 2543 284.
1331 2519 1403 2556 que
1429 2506 1519 2542 dant

69 2550 151 2589 ΓΟ
170 2553 252 2591 duo.
292 2567 364 2603 que
390 2566 470 2590 cum
499 2561 573 2603 tep.
601 2553 642 2590 A
659 2567 733 2592 nna.
747 2568 804 2605 pr.
842 2563 918 2606 tep.
946 2558 1114 2607 salsaque
1139 2558 1240 2595 sarra
1267 2556 1455 2595 BGEbm
1468 2558 1520 2592 20

71 2604 121 2638 33
138 2607 223 2640 tres.
262 2610 338 2654 tep.
366 2611 522 2654 extaque
547 2617 658 2653 yma.
671 2618 728 2655 pr.
750 2606 831 2644 duo.
868 2608 960 2644 falsa
986 2611 1078 2647 ΡΤ.
1104 2621 1176 2658 que
1200 2608 1317 2645 fracta
1344 2609 1392 2644 14
1403 2608 1466 2643 29.

73 2654 444 2753 Εἰδέᾇυὲἒιοΐᾶεοει
468 2657 669 2706 ,,ρα9ῐηα”
695 2658 735 2693 in
752 2669 783 2694 s·
886 2661 974 2696 286.
1002 2659 1144 2710 Sparsit
1163 2657 1210 2696 Γ.
1249 2658 1311 2698 eff.
1337 2658 1457 2695 sidera
1472 2657 1518 2695 0.
