1685 2954
712 105 910 137 memus
1436 105 1538 138 CCIX

92 210 195 249 lanto
220 210 298 249 siue
322 207 500 248 Pallantia
526 205 649 245 Latini
674 213 793 245 mater
817 212 882 243 aut
908 218 999 243 uxor
1023 206 1119 245 dicta
1146 211 1216 256 est,
1242 205 1361 244 Varro
1385 203 1433 245 de
1457 206 1484 246 1.
1509 207 1537 246 1.

91 273 130 318 6,
157 273 223 320 53,
249 273 356 311 Seru.
382 273 473 308 Aen.
500 271 540 318 8,
566 269 631 318 51,
658 268 763 306 Paul.
789 268 893 305 Diae.
921 281 959 318 p.
973 271 1062 317 220,
1080 270 1117 306 6.
1171 268 1313 306 Rursus
1336 266 1442 304 Pales
1466 267 1539 306 dea

92 334 252 372 refertur
275 334 324 372 ad
349 333 527 380 Vestam,
563 329 638 367 uid.
665 330 773 367 Seru.
799 329 847 369 fr.
873 331 920 378 4,
957 337 995 367 et
1028 342 1170 368 sacrum
1202 331 1278 368 eius
1303 328 1481 365 Parilibus
1515 340 1540 366 a

92 395 206 433 Vesta
232 393 390 446 pendet,
426 391 500 430 ou.
529 392 569 440 4,
589 393 661 429 731
683 404 764 442 sq.2
800 391 908 428 Pales
943 391 1012 429 dea
1045 391 1174 429 eadem
1199 391 1428 429 substituitur
1452 390 1539 428 Pal-

92 457 180 494 lanti
216 455 343 494 Palatii
378 448 574 502 ἐπωνύμῳ
609 452 708 503 apud
743 453 907 490 Solinum
941 457 981 500 2,
1009 456 1046 500 §.
1067 456 1115 489 31
1143 453 1202 490 ed.
1229 453 1345 491 Goth.
1399 451 1541 492 Versus

92 518 201 556 Ennii
236 516 334 567 apud
361 516 564 553 Varronem
599 514 646 551 de
673 515 696 551 l.
723 515 749 551 l.
775 516 815 561 7,
842 517 911 552 372
950 516 1106 564 Corpore
1134 516 1332 553 Tartarino
1356 519 1541 564 prognata

90 578 238 617 Paluda
254 579 384 626 uie-ayo
402 576 530 614 audaci
551 577 714 613 sollertia
739 588 892 625 graecae
910 576 1059 613 fabulae
1084 577 1217 614 auxilio
1246 576 1442 627 patriarum
1465 576 1540 614 dis-

92 639 251 677 cordiam
277 639 325 676 de
344 638 509 676 Palladio
536 644 600 675 aut
626 637 794 675 Pallante
820 648 900 674 cum
927 638 1125 675 Penatibus
1152 639 1344 675 coniuncto
1371 639 1542 675 concilia·

91 701 186 738 uisse
211 700 369 738 uidetur.
422 701 499 738 Fac
525 701 633 750 igitur
658 699 839 737 Parilibus
872 712 944 737 non
971 700 1120 737 Vestam
1149 700 1283 736 cultam
1307 698 1442 747 fuisse,
1474 698 1541 737 sed

90 762 276 812 Penates,
305 762 366 813 qui
390 763 553 812 proxime
580 763 812 812 pertinebant
837 761 884 799 ad
912 761 1067 798 Romam
1099 760 1316 810 quadratam
1343 760 1439 797 circa
1468 759 1542 798 Pa-

91 825 237 870 latium,
273 825 310 862 id
344 836 487 861 sacrum
513 824 689 861 Palatuar
724 823 860 860 dictum
893 823 1003 860 :fuisse
1038 833 1174 871 negare
1207 820 1377 858 uidentur
1408 821 1542 860 Festus

91 899 131 937 p.
150 889 239 935 348,
258 889 309 923 26
327 887 426 924 dext.
455 893 492 924 et
517 886 645 923 Muell.
672 885 792 936 suppl.
820 897 905 921 ann.
932 897 970 934 p.
992 885 1087 931 396,
1122 887 1161 920 et
1184 881 1405 920 lustrationis
1433 883 1540 932 ritus,

92 948 140 986 de
166 961 239 999 quo
265 960 377 998 supra
402 961 440 998 p.
458 960 605 985 cmxxx
630 947 725 993 dixi,
762 944 946 981 difficilem
973 944 1192 994 explicatum
1218 942 1353 982 habere
1381 943 1542 982 uidetur.

92 1010 230 1048 Verum
257 1010 337 1047 fieri
364 1010 495 1060 potuit,
522 1015 563 1045 ut
589 1008 742 1046 numinis
768 1006 919 1054 diuersi,
946 1005 1110 1043 fortassis
1136 1005 1230 1043 adeo
1258 1005 1399 1055 Sabini,
1426 1005 1543 1044 feriae

93 1079 247 1122 propter
279 1072 432 1108 nominis
467 1069 733 1107 similitudinem
767 1068 805 1104 in
840 1069 1017 1105 fastorum
1054 1068 1172 1117 prima
1203 1067 1430 1106 ordinatione
1456 1080 1546 1106 con-

93 1134 332 1182 iungerentur
357 1144 438 1168 cum
466 1132 577 1168 natali
606 1131 726 1167 urbis:
763 1129 1069 1180 quemadmodum
1095 1129 1174 1166 fere
1199 1129 1358 1167 Romulo
1384 1130 1544 1167 numinis

91 1194 219 1231 Sabini
245 1194 313 1229 sub
343 1193 588 1242 appellatione
614 1198 826 1229 consecrato
853 1203 1031 1241 nusquam
1058 1203 1234 1241 unquam,
1263 1191 1330 1228 nisi
1355 1192 1391 1228 in
1419 1191 1545 1235 Quiri·

93 1255 168 1292 nali
194 1260 318 1291 monte
345 1254 481 1303 templa
513 1254 612 1291 sacta
637 1260 734 1291 sunt.
787 1254 865 1289 Eae
892 1253 1001 1301 igitur
1025 1252 1139 1289 seriae
1163 1252 1261 1290 Palis
1286 1252 1401 1299 deae,
1433 1262 1545 1301 quam

95 1317 203 1355 deam
230 1316 323 1353 adeo
351 1316 541 1352 obscuram
566 1315 692 1363 fuisse,
720 1322 831 1365 atque
849 1313 1047 1350 Muellerus
1066 1314 1146 1352 Etr.
1166 1319 1205 1363 2,
1226 1327 1266 1365 p.
1279 1316 1328 1351 88
1351 1313 1548 1362 existimat,

95 1379 158 1415 uix
183 1377 409 1428 putauerim,
437 1389 657 1427 quamquam
685 1374 889 1426 antiquiora
916 1375 1068 1423 Virgilio
1096 1376 1163 1413 ecl.
1192 1376 1231 1424 5,
1258 1375 1322 1424 35,
1349 1387 1407 1424 ge.
1436 1378 1472 1419 3,
1500 1378 1546 1423 13

93 1441 170 1478 294
191 1446 227 1477 et
248 1440 398 1476 Tibullo
419 1444 456 1486 l,
477 1443 513 1486 l,
529 1440 599 1486 363
628 1442 665 1483 2,
681 1438 720 1486 5,
741 1440 804 1486 28,
832 1450 923 1488 quos
951 1437 1106 1474 Ouidius
1132 1438 1311 1487 sequitur,
1338 1436 1546 1474 testimonia

95 1502 195 1540 nulla
221 1502 322 1548 noui,
348 1501 377 1538 si
403 1501 505 1551 quasi
531 1507 794 1550 oppresserunt
818 1511 922 1536 sacra
941 1498 1039 1535 Palis
1067 1499 1140 1547 dei,
1166 1499 1285 1549 potuit
1311 1505 1410 1536 certe
1428 1498 1548 1536 Varro

95 1563 126 1600 si
156 1563 405 1612 antiquissima
437 1562 644 1612 indagauit,
681 1562 878 1599 nouissima
911 1559 1174 1610 deprehendit,
1213 1560 1333 1597 media
1366 1560 1550 1610 ignorauit

97 1624 160 1669 (ac
185 1623 233 1660 de
264 1624 439 1662 fastorum
467 1625 595 1663 ordine
629 1624 854 1661 coniecturas
889 1629 1031 1659 tantum
1067 1635 1150 1659 eum
1183 1622 1312 1660 secisse
1344 1634 1456 1673 supra
1481 1621 1548 1660 de-

98 1686 298 1722 monstraui
321 1699 360 1736 p.
379 1688 589 1732 Lxxvnl),
616 1699 750 1723 numen
776 1687 953 1722 incertum
981 1684 1119 1721 habere
1145 1691 1182 1721 et
1208 1684 1255 1721 de
1280 1684 1448 1733 diuerso,
1474 1695 1549 1734 quo

99 1747 184 1784 olim
209 1746 320 1784 fuisse
346 1747 533 1795 uideatur,
563 1760 651 1784 sexu
678 1748 881 1797 disputare.
935 1746 1016 1783 Alio
1045 1745 1155 1782 modo
1182 1757 1257 1782 rem
1286 1746 1461 1796 expedire
1486 1758 1550 1783 co-

98 1816 209 1846 natur
234 1809 478 1858 Goettlingius
512 1809 568 1845 uir
604 1808 906 1857 ingeniosissimus
938 1807 985 1843 de
1021 1820 1100 1857 rep.
1132 1808 1204 1843 Ro.
1232 1819 1269 1856 p.
1289 1809 1375 1855 168,
1405 1805 1551 1855 Φαλῆν

99 1872 327 1908 Graecorum
356 1871 402 1907 ad
428 1877 552 1921 partes
572 1882 731 1916 uocans,
768 1868 843 1904 uid.
865 1868 1051 1918 Aristoph.
1079 1868 1232 1905 Acharn.
1262 1870 1333 1905 251
1360 1875 1397 1905 et
1422 1868 1550 1906 scholl-

98 1933 184 1970 Non
211 1934 295 1970 satis
322 1932 471 1982 dispicio
499 1933 590 1968 sacri
619 1930 905 1968 similitudinem:
945 1937 981 1966 et
1009 1937 1130 1967 tamen
1159 1942 1241 1967 mea
1269 1929 1481 1978 intersoret,
1509 1935 1550 1968 ut

98 2005 347 2043 agnoscerem.
406 1994 576 2044 Namque
608 1992 705 2043 apud
740 1991 913 2030 Ouidium
954 2005 1034 2028 cum
1070 1994 1109 2040 4,
1139 1994 1215 2028 746
1249 1991 1394 2029 ederem
1419 1991 1551 2040 Palen,

98 2055 208 2091 libros
233 2055 437 2105 sequendos
464 2068 543 2093 esse
576 2054 848 2100 existimabam,
881 2066 948 2090 nec
981 2066 1080 2091 eram
1114 2054 1255 2091 nescius
1290 2053 1546 2103 disputationis

26 2137 32 2144 .
98 2116 354 2154 Huschkianae
380 2118 427 2154 ad
453 2118 595 2155 Tibull.
624 2129 662 2166 p.
678 2118 741 2152 23.
795 2115 904 2151 Nunc
939 2117 975 2152 in
1003 2116 1065 2152 tali
1097 2128 1158 2163 re,
1199 2117 1260 2153 ubi
1291 2115 1339 2153 de
1373 2115 1481 2152 unius
1505 2114 1549 2151 li·-

97 2178 227 2216 neolae
255 2178 305 2226 ui,
333 2185 373 2215 ut
398 2186 502 2229 puto,
529 2179 662 2228 agitur,
696 2177 830 2214 nollem
857 2177 986 2213 rationi
1013 2177 1218 2215 obluctatus
1245 2189 1336 2215 esse.

202 2240 291 2277 Item
317 2241 395 2277 sola
423 2247 582 2278 uetustas
609 2241 785 2278 incertum
812 2239 921 2276 deum
949 2238 1147 2276 reddidisse
1172 2238 1315 2276 uidetur
1341 2238 1551 2284 Sancum,

97 2300 145 2339 de
171 2315 244 2352 quo
271 2303 384 2339 multo
413 2301 554 2339 doctior
585 2302 654 2339 suit
680 2301 881 2349 dubitatio,
915 2312 1023 2351 quam
1051 2312 1146 2350 quae
1166 2305 1477 2351 >commemoratur
1503 2300 1551 2337 ab

99 2363 234 2401 Ouidio
261 2366 298 2412 6,
324 2368 398 2400 213
418 2377 473 2414 sq.
525 2363 578 2400 lbi
604 2364 703 2414 quod
730 2363 828 2400 Fidii
855 2375 986 2399 nomen
1015 2374 1036 2399 a
1063 2362 1206 2399 Sabinis
1233 2363 1376 2400 uenisse
1401 2360 1550 2411 dicitur,

98 2436 171 2462 non
198 2426 305 2464 ualde
332 2433 386 2464 est
412 2412 603 2462 credibile:
632 2427 764 2462 abusus
791 2436 834 2461 ea
858 2424 1105 2474 appellatione
1131 2424 1215 2460 olim
1237 2424 1357 2460 Aelius
1376 2422 1483 2467 Stilo,
1511 2428 1553 2460 ut

99 2488 196 2524 Dius
221 2487 348 2525 Fidius
379 2494 473 2525 esset
505 2489 637 2524 Diouis
670 2485 785 2533 filius,
822 2485 896 2522 uid.
925 2485 1034 2522 Varr.
1061 2484 1108 2521 de
1136 2483 1161 2522 1.
1188 2484 1213 2521 l.
1240 2485 1278 2530 5,
1305 2486 1374 2532 663
1416 2484 1551 2521 Graeci

101 2543 244 2591 Πίςιον
269 2549 442 2598 reddunt,
469 2550 621 2597 Dionys.
639 2549 719 2584 Hal.
737 2551 777 2595 2,
793 2549 855 2584 49.
896 2548 1061 2583 Semonis
1087 2557 1218 2583 nomen
1242 2546 1272 2582 si
1293 2544 1417 2583 diuum
1444 2546 1552 2596 signi·

102 2607 200 2656 ficat,
225 2617 334 2660 prout
352 2612 476 2648 docuit
499 2611 708 2659 H'artungus
732 2614 768 2656 1,
789 2622 826 2658 p.
842 2610 908 2655 42,
933 2608 1153 2645 Sabinorum
1179 2620 1252 2645 uox
1278 2618 1366 2657 ergo
1390 2619 1471 2645 esse
1497 2607 1552 2643 ui-

73 2703 82 2709 .
101 2667 221 2709 detur.
262 2675 357 2710 Dius
374 2685 521 2724 quoque
542 2673 603 2709 uix
623 2671 722 2709 aliud
748 2676 803 2709 est
828 2682 871 2708 ac
897 2669 1019 2718 diuus,
1045 2667 1129 2706 uide
1152 2668 1339 2718 ingentem
1365 2667 1551 2719 exemplo·

152 2742 212 2776 On.
230 2744 323 2777 Fasti.
342 2745 460 2784 Proleg.
1189 2729 1226 2767 Ο
