1685 2954
173 64 278 96 XLVI
813 63 979 95 armus

170 178 218 206 ex
243 165 322 203 (Xe,
349 163 397 202 ad
422 163 497 202 diu.
526 164 566 212 7,
595 167 616 200 1
649 161 699 201 de
730 163 859 202 ordine
892 164 1061 203 ludorum
1085 167 1311 204 scenicorum
1336 172 1376 205 et
1400 167 1623 208 Circensium

169 228 348 279 Pompeii.
397 225 455 262 De
480 225 739 262 instauratione
762 225 930 264 ludorum
957 227 1179 266 Circensium
1206 229 1335 266 Matris
1362 228 1497 267 Idaeae
1521 230 1623 282 quod

171 292 258 339 dixi,
283 291 312 328 si
338 286 520 338 displicet,
547 299 615 324 nec
638 287 849 326 satisfacere
875 288 1020 326 uidetur
1044 288 1092 326 ad
1118 290 1371 341 explicandum
1397 289 1492 328 diem
1517 291 1623 330 nefa-

170 360 281 399 stum,
308 349 392 387 uide
419 361 506 385 num
532 361 577 386 ex
601 349 727 387 Dionis
751 350 872 387 uerbis
897 350 963 397 59,
983 354 1029 386 11
1057 350 1104 388 de
1130 354 1401 390 consecratione
1418 351 1622 392 Drusillae:

167 411 234 453 καὶ
262 410 304 450 ἐν
330 411 416 455 τοῖς
449 408 639 461 γενεσίοις
672 406 801 460 αὐτῆς
835 405 955 460 ἑορτή
991 423 1035 449 τε
1068 406 1191 460 ὅμοιά
1226 414 1313 459 τοῖς
1339 411 1624 464 Μεγαλησίοις

167 472 316 527 ἄγηται
340 469 406 511 καὶ
432 465 458 522 ἦ
486 470 687 523 γερουσία,
713 468 740 522 ἣ
767 484 809 510 τε
836 468 962 517 ἱππεὶς
987 467 1156 522 ἓςιᾶται,
1182 475 1353 525 colligere
1378 477 1469 514 uelis
1492 476 1622 526 Mega-

166 539 262 576 lesiis
296 536 366 574 hoc
391 534 451 571 die
482 546 547 571 sen
561 541 659 571 atum
695 546 778 571 esse
811 535 1023 584 epulatum,
1066 536 1372 587 quemadmodum
1404 538 1498 576 ludis
1533 537 1624 576 Ple-

165 601 278 649 beiis,
314 599 374 635 ubi
408 596 494 634 fasti
524 595 658 646 lapidei
693 596 729 633 id
766 595 950 644 indicant,
985 604 1023 635 et
1047 598 1246 646 Romanis,
1283 600 1344 636 ubi
1370 613 1444 638 non
1470 601 1542 638 alia
1566 612 1622 649 re,

164 674 275 715 quam
301 659 432 698 nefasti
457 658 528 695 diei
554 664 641 695 nota
666 657 762 695 idem
789 657 939 695 indicari
964 671 1078 710 supra
1104 661 1241 697 monui.
1292 660 1416 698 Idibus
1442 663 1555 712 April.
1583 668 1623 700 et

165 731 291 763 notam
311 722 394 770 NP,
422 727 460 758 et
485 732 629 757 causam
656 720 748 767 eius,
775 732 851 757 rem
877 732 1016 758 sacram
1037 721 1133 759 Iouis
1155 728 1193 759 et
1211 722 1418 769 Libertatis,
1446 724 1513 760 soli
1537 723 1622 761 fasti

164 785 341 825 Maffeani
365 790 403 821 et
429 781 583 820 Ouidius
618 782 780 820 tradunt.
843 781 988 820 Deinde
1022 783 1229 820 Fordicidia
1266 790 1351 820 sunt
1384 785 1479 821 inter
1511 783 1621 822 serias

162 847 350 887 Varronis.
402 845 534 895 Neque
559 843 774 880 Mutinensis
804 850 926 881 autem
953 845 1126 892 uictoria,
1161 856 1279 894 neque
1305 845 1444 895 imperii
1469 845 1622 895 Augusti

162 910 326 957 initium,
353 907 456 945 XIIX
481 913 520 944 et
545 906 631 943 XVI
659 905 737 954 ΚΓ,
766 905 870 949 =seriis
904 907 1055 956 insignia
1080 907 1251 954 fuerunt,
1289 907 1341 943 uti
1366 906 1500 944 docent
1523 907 1621 945 Maf-

161 971 261 1009 feani
295 976 335 1007 et
360 969 585 1006 Praenestini
618 967 701 1004 fasti
727 967 764 1004 N
790 969 987 1019 ascriptum
1024 968 1212 1005 habentes.
1266 967 1463 1007 Posteriori
1498 975 1620 1008 tamen

161 1033 224 1070 die
248 1032 284 1068 in
311 1031 552 1067 Praenestinis
579 1028 717 1079 aliquid
744 1036 959 1067 annotatum
984 1030 1095 1068 fuisse
1121 1030 1286 1077 uidetur,
1313 1029 1400 1075 sed,
1426 1037 1468 1067 ut
1492 1043 1620 1081 saepe,

160 1093 352 1132 historicae
386 1091 640 1128 admonitionis
666 1096 704 1127 et
729 1091 898 1140 priuatae
923 1093 1041 1129 Verrii
1066 1091 1255 1130 scientiae.
1309 1091 1366 1128 De
1393 1088 1517 1128 Ouidii
1542 1092 1620 1130 eius

159 1156 259 1194 modi
281 1153 535 1192 additamentis
558 1152 710 1202 posthac
732 1154 882 1190 seorsim
905 1160 1047 1203 agetur.
1089 1154 1300 1190 Cerealibus
1327 1153 1414 1203 quin
1441 1153 1619 1203 templum

116 1255 122 1267 Ι,
161 1218 288 1256 Cereri
320 1216 527 1253 dedicatum
562 1215 646 1251 olim
681 1214 814 1263 fuerit,
853 1216 914 1252 uix
943 1222 998 1252 est
1033 1215 1194 1251 dubium.
1248 1214 1323 1252 Sed
1356 1214 1393 1251 id
1429 1215 1620 1272 templum,

160 1279 260 1332 quod
295 1277 522 1329 superfuisse
557 1275 603 1312 ad
640 1288 775 1313 annum
810 1279 885 1313 747
921 1278 1020 1314 testis
1060 1283 1115 1313 est
1151 1276 1344 1324 Dionysius
1377 1276 1458 1313 Lib.
1487 1278 1526 1323 6,
1552 1272 1618 1325 49,

158 1341 313 1393 posthac
339 1340 538 1386 afflictum,
566 1339 717 1387 Augusti
748 1344 868 1376 aetate
895 1339 1060 1375 restititui
1087 1350 1159 1374 non
1186 1338 1346 1387 potuisse
1371 1337 1482 1374 tradit
1507 1331 1543 1374 Τ
1546 1338 1619 1375 aci-

159 1411 219 1441 tus
254 1416 338 1440 ann.
366 1406 404 1449 2,
432 1402 494 1437 49.
549 1400 643 1436 Hinc
680 1413 800 1450 neque
834 1401 920 1437 fasti
945 1400 1050 1437 Maff.
1078 1408 1202 1437 notam
1230 1406 1466 1448 consuetam,
1499 1411 1620 1450 neque

158 1464 316 1504 Ouidius
341 1465 536 1515 quicquam
563 1461 685 1499 habet.
736 1462 938 1510 Parilibus,
974 1464 1010 1499 in
1048 1475 1121 1512 quo
1159 1462 1303 1498 nomine
1328 1461 1518 1499 scribendo
1544 1475 1618 1500 non

158 1534 216 1566 est
249 1525 505 1576 negligendum
542 1523 699 1574 lapidem
727 1524 950 1561 Maffeanum
985 1530 1022 1560 et
1057 1524 1286 1561 membranas
1313 1525 1467 1573 optimas
1494 1522 1618 1561 Ouidii

159 1589 373 1637 conuenire,
404 1587 491 1624 nihil
518 1586 565 1623 de
592 1587 829 1636 equestribus'
845 1586 937 1623 ludis
957 1591 1109 1635 propter
1128 1585 1402 1634 Hispaniensem
1427 1586 1617 1622 uictoriam

155 1656 319 1697 notatur,
348 1655 388 1686 ut
415 1649 570 1686 sortasse
595 1649 663 1685 ista
693 1644 946 1698 ἱπποδρομία
973 1640 1197 1691 ἀθάνατος,
1224 1646 1270 1683 de
1294 1659 1366 1695 qua
1385 1647 1455 1684 Dio
1473 1648 1539 1694 42,
1552 1649 1617 1692 33,

155 1713 333 1761 abrogata
358 1710 470 1747 suerit
491 1724 565 1747 non
594 1711 708 1746 multo
736 1716 929 1759 postquam
955 1710 1026 1745 iam
1056 1716 1131 1744 tum
1158 1708 1448 1758 praetermissam
1474 1707 1618 1745 reduxit

156 1773 385 1812 Octauianus
419 1784 515 1809 anno
540 1774 629 1818 710,
669 1771 739 1807 Dio
767 1771 832 1818 45,
861 1773 898 1807 6.
961 1771 1016 1806 Ab
1051 1769 1237 1807 Hadriano
1273 1770 1394 1807 denuo
1428 1768 1616 1807 reductam

155 1843 310 1874 constat.
363 1835 578 1883 Sequuntur
611 1832 726 1870 feriae
751 1833 918 1879 Vinalia,
956 1833 1120 1881 signatae
1153 1832 1188 1868 iu
1226 1830 1406 1868 inan-more
1429 1829 1616 1868 Mafseano

154 1898 239 1946 NP,
265 1897 393 1946 Pighio
421 1894 567 1945 quidem
595 1900 712 1942 teste,
750 1895 786 1931 in
816 1895 940 1931 tabula
966 1894 1202 1930 Praenestina
1228 1892 1280 1938 F,
1313 1893 1466 1929 omissae
1491 1891 1527 1928 in
1553 1903 1614 1929 ca-

152 1959 317 1998 lendario
346 1956 610 1995 Herwartiano.
663 1955 722 1992 De
748 1956 802 1993 his
831 1963 868 1992 et
894 1956 1015 1992 alteris
1041 1955 1252 2002 vinalibus,
1277 1954 1376 1990 Xllll
1403 1953 1464 1990 ΚΡ
1491 1952 1613 2003 Sept„

152 2021 301 2072 signatis
324 2019 389 2056 NP
411 2020 446 2055 in
475 2017 596 2068 lapide
615 2017 915 2067 Capranicorum‚
942 2017 1026 2055 ΕΡ
1052 2018 1088 2054 in
1108 2016 1294 2053 Maffeano
1318 2015 1613 2064 etsAmiternino,

151 2084 184 2120 F
210 2084 246 2120 in
268 2082 468 2129 Antiatiuo,
494 2081 712 2117 coniunctim
740 2080 934 2116 dicendum
959 2085 1027 2116 est.
1081 2079 1159 2115 lstis
1186 2078 1281 2115 enim
1308 2076 1613 2114 uicissitudinibus

152 2146 305 2196 gliscens
333 2151 571 2192 utrarumque
595 2141 768 2178 seriarum
795 2141 929 2178 obliuio
956 2141 1081 2178 subest
1108 2153 1188 2177 cum
1226 2139 1409 2177 erroribus
1443 2139 1479 2175 in
1507 2139 1612 2175 utris-

153 2219 228 2258 que
255 2204 520 2243 confundendis
551 2204 755 2240 coniuncta.
809 2202 963 2240 Ouidius
987 2203 1122 2239 scilicet
1148 2201 1334 2247 consulto,
1363 2207 1403 2237 ut
1428 2201 1464 2237 in
1493 2200 1612 2244 Quin-

151 2268 364 2319 quatribus,
400 2267 588 2316 uulgarem
624 2272 768 2302 secutus
803 2265 1011 2314 opinionem
1046 2264 1168 2314 priora
1196 2263 1340 2302 Vinalia
1375 2269 1413 2298 et
1444 2262 1539 2300 Iouis
1573 2267 1612 2299 et

150 2330 305 2367 Veneris
342 2341 421 2366 esse
460 2329 594 2365 docet:
638 2339 748 2377 quam
787 2327 994 2376 opinionem
1031 2326 1216 2376 aliquanto
1262 2325 1495 2362 uetustiorem
1530 2335 1611 2361 esse

150 2392 269 2428 Varro
297 2390 444 2438 indicat,
472 2403 554 2426 cum
581 2397 705 2426 monet
730 2391 769 2437 6,
788 2391 855 2425 16:
883 2386 962 2425 Hic
987 2386 1063 2425 dics
1082 2390 1197 2433 louis,
1224 2399 1295 2424 uon
1318 2388 1476 2424 Veneris.
1517 2385 1610 2423 Ver-

149 2454 222 2490 rius
249 2453 434 2500 Flaccus,
455 2458 587 2501 utpote
612 2452 780 2488 Varrone
807 2463 879 2487 uon
910 2449 1112 2497 indoctior,
1140 2451 1201 2498 qui
1229 2458 1350 2485 tamen
1376 2460 1481 2485 sacra
1507 2460 1610 2484 more

149 2522 298 2566 recepta
337 2515 371 2550 in
411 2514 512 2550 fastis
547 2513 791 2550 Praenestinis
832 2519 982 2559 notare,
1022 2525 1094 2548 nou
1134 2510 1402 2561 reprehendere
1439 2509 1608 2555 deberet,

146 2578 288 2629 scripsit
324 2576 421 2627 quod
458 2588 584 2612 uerum
621 2576 786 2624 putauit,
823 2575 928 2611 unius
963 2574 1056 2611 louis
1085 2575 1206 2624 priora
1234 2585 1313 2609 esse
1340 2572 1505 2618 Vinalia,
1543 2569 1608 2608 sed
1666 2593 1670 2598 ·

144 2639 310 2690 sequenti
345 2646 466 2675 tamen
500 2637 581 2684 die,
619 2639 830 2686 proximum
855 2638 1077 2687 superiorem
1105 2636 1196 2674 diem
1222 2634 1356 2682 t'csmm
1380 2634 1607 2671 meretricum
