<?xml version="1.0" encoding="UTF-8"?>
<!DOCTYPE html PUBLIC "-//W3C//DTD XHTML 1.0 Transitional//EN"
    "http://www.w3.org/TR/xhtml1/DTD/xhtml1-transitional.dtd">
<html xmlns="http://www.w3.org/1999/xhtml" xml:lang="en" lang="en">
 <head>
  <title>
</title>
<meta http-equiv="Content-Type" content="text/html;charset=utf-8" />
  <meta name='ocr-system' content='tesseract 3.04.00' />
  <meta name='ocr-capabilities' content='ocr_page ocr_carea ocr_par ocr_line ocrx_word'/>
</head>
<body>
  <div class='ocr_page' id='page_1' title='image "./fastorumlibrisex00oviduoft_0290.png"; bbox 0 0 1685 2954; ppageno 0'>
   <div class='ocr_carea' id='block_1_1' title="bbox 127 80 1174 124">
    <p class='ocr_par' dir='ltr' id='par_1_1' title="bbox 127 80 1174 124">
     <span class='ocr_line' id='line_1_1' title="bbox 127 80 1174 124; baseline 0.002 -13"><span class='ocrx_word' id='word_1_1' title='bbox 127 81 334 111; x_wconf 61' lang='lat' dir='ltr'>CCEXXXH</span> <span class='ocrx_word' id='word_1_2' title='bbox 561 80 690 111; x_wconf 76' lang='lat' dir='ltr'><strong>CODD·</strong></span> <span class='ocrx_word' id='word_1_3' title='bbox 718 89 749 115; x_wconf 80' lang='lat' dir='ltr'>r,</span> <span class='ocrx_word' id='word_1_4' title='bbox 778 88 808 116; x_wconf 72' lang='lat'>⁸,</span> <span class='ocrx_word' id='word_1_5' title='bbox 839 84 868 115; x_wconf 72' lang='lat'>11·</span> <span class='ocrx_word' id='word_1_6' title='bbox 904 82 1174 124; x_wconf 65' lang='lat' dir='ltr'>FL0R1L2G1A3</span> 
     </span>
    </p>
   </div>
   <div class='ocr_carea' id='block_1_2' title="bbox 119 178 1615 1522">
    <p class='ocr_par' dir='ltr' id='par_1_2' title="bbox 124 178 1564 290">
     <span class='ocr_line' id='line_1_2' title="bbox 125 178 1564 234; baseline 0.002 -15"><span class='ocrx_word' id='word_1_7' title='bbox 125 181 367 231; x_wconf 60' lang='lat' dir='ltr'>pomaphicae</span> <span class='ocrx_word' id='word_1_8' title='bbox 390 178 559 230; x_wconf 72' lang='lat' dir='ltr'>scriptus.</span> <span class='ocrx_word' id='word_1_9' title='bbox 613 181 731 220; x_wconf 85' lang='lat' dir='ltr'>Habet</span> <span class='ocrx_word' id='word_1_10' title='bbox 763 193 853 220; x_wconf 88' lang='lat' dir='ltr'>sane</span> <span class='ocrx_word' id='word_1_11' title='bbox 885 182 1086 233; x_wconf 78' lang='lat' dir='ltr'>scripturas</span> <span class='ocrx_word' id='word_1_12' title='bbox 1116 181 1308 221; x_wconf 82' lang='lat' dir='ltr'>nonnullas</span> <span class='ocrx_word' id='word_1_13' title='bbox 1339 181 1438 223; x_wconf 78' lang='lat' dir='ltr'>eius.</span> <span class='ocrx_word' id='word_1_14' title='bbox 1451 182 1564 234; x_wconf 76' lang='lat' dir='ltr'>modi,</span> 
     </span>
     <span class='ocr_line' id='line_1_3' title="bbox 124 243 1550 290; baseline 0 -12"><span class='ocrx_word' id='word_1_15' title='bbox 124 249 167 280; x_wconf 86' lang='lat' dir='ltr'>ut</span> <span class='ocrx_word' id='word_1_16' title='bbox 191 246 229 290; x_wconf 84' lang='lat'>3,</span> <span class='ocrx_word' id='word_1_17' title='bbox 257 243 344 278; x_wconf 77' lang='lat'>351.</span> <span class='ocrx_word' id='word_1_18' title='bbox 1546 251 1550 255; x_wconf 88' lang='grc'><strong>’</strong></span> 
     </span>
    </p>

    <p class='ocr_par' dir='ltr' id='par_1_3' title="bbox 122 302 1569 782">
     <span class='ocr_line' id='line_1_4' title="bbox 226 302 1565 356; baseline 0.004 -18"><span class='ocrx_word' id='word_1_19' title='bbox 226 306 289 339; x_wconf 84' lang='grc'>30.</span> <span class='ocrx_word' id='word_1_20' title='bbox 330 302 470 340; x_wconf 82' lang='lat' dir='ltr'>Littera</span> <span class='ocrx_word' id='word_1_21' title='bbox 494 316 515 342; x_wconf 80' lang='lat' dir='ltr'>r</span> <span class='ocrx_word' id='word_1_22' title='bbox 540 303 699 342; x_wconf 82' lang='lat' dir='ltr'>codicem</span> <span class='ocrx_word' id='word_1_23' title='bbox 724 303 874 342; x_wconf 88' lang='lat' dir='ltr'>denotat</span> <span class='ocrx_word' id='word_1_24' title='bbox 899 305 960 356; x_wconf 88' lang='lat' dir='ltr'>qni</span> <span class='ocrx_word' id='word_1_25' title='bbox 987 318 1080 343; x_wconf 89' lang='lat' dir='ltr'>nunc</span> <span class='ocrx_word' id='word_1_26' title='bbox 1105 313 1161 344; x_wconf 82' lang='lat' dir='ltr'>est</span> <span class='ocrx_word' id='word_1_27' title='bbox 1186 305 1424 343; x_wconf 83' lang='lat' dir='ltr'>bibliothecae</span> <span class='ocrx_word' id='word_1_28' title='bbox 1443 306 1565 356; x_wconf 83' lang='lat' dir='ltr'>regiae</span> 
     </span>
     <span class='ocr_line' id='line_1_5' title="bbox 125 363 1565 413; baseline 0.003 -13"><span class='ocrx_word' id='word_1_29' title='bbox 125 363 396 412; x_wconf 87' lang='lat' dir='ltr'>Berolinensis,</span> <span class='ocrx_word' id='word_1_30' title='bbox 422 366 506 403; x_wconf 86' lang='lat' dir='ltr'>olim</span> <span class='ocrx_word' id='word_1_31' title='bbox 531 366 600 403; x_wconf 87' lang='lat' dir='ltr'>fuit</span> <span class='ocrx_word' id='word_1_32' title='bbox 618 366 722 403; x_wconf 37' lang='lat' dir='ltr'>*Petri</span> <span class='ocrx_word' id='word_1_33' title='bbox 749 374 785 403; x_wconf 89' lang='lat' dir='ltr'>et</span> <span class='ocrx_word' id='word_1_34' title='bbox 811 366 983 404; x_wconf 81' lang='lat' dir='ltr'>Hadriani</span> <span class='ocrx_word' id='word_1_35' title='bbox 1009 367 1234 413; x_wconf 85' lang='lat' dir='ltr'>Relandi,</span> <span class='ocrx_word' id='word_1_36' title='bbox 1270 367 1565 405; x_wconf 77' lang='lat' dir='ltr'>membranaceus</span> 
     </span>
     <span class='ocr_line' id='line_1_6' title="bbox 125 424 1567 479; baseline 0.004 -19"><span class='ocrx_word' id='word_1_37' title='bbox 125 424 266 461; x_wconf 78' lang='lat' dir='ltr'>formae</span> <span class='ocrx_word' id='word_1_38' title='bbox 293 427 525 475; x_wconf 64' lang='lat' dir='ltr'>octonariam,</span> <span class='ocrx_word' id='word_1_39' title='bbox 551 428 774 477; x_wconf 79' lang='lat' dir='ltr'>glossematis</span> <span class='ocrx_word' id='word_1_40' title='bbox 800 430 885 465; x_wconf 84' lang='lat' dir='ltr'>satis</span> <span class='ocrx_word' id='word_1_41' title='bbox 911 429 1128 476; x_wconf 84' lang='lat' dir='ltr'>instructus,</span> <span class='ocrx_word' id='word_1_42' title='bbox 1154 430 1260 479; x_wconf 85' lang='lat' dir='ltr'>pretii</span> <span class='ocrx_word' id='word_1_43' title='bbox 1287 434 1463 479; x_wconf 84' lang='lat' dir='ltr'>quantum</span> <span class='ocrx_word' id='word_1_44' title='bbox 1488 441 1567 466; x_wconf 85' lang='lat' dir='ltr'>me-</span> 
     </span>
     <span class='ocr_line' id='line_1_7' title="bbox 123 487 1567 540; baseline 0.004 -19"><span class='ocrx_word' id='word_1_45' title='bbox 123 487 286 523; x_wconf 86' lang='lat' dir='ltr'>minerim</span> <span class='ocrx_word' id='word_1_46' title='bbox 321 488 597 536; x_wconf 84' lang='lat' dir='ltr'>permediocris,</span> <span class='ocrx_word' id='word_1_47' title='bbox 631 490 765 527; x_wconf 82' lang='lat' dir='ltr'>saeculi</span> <span class='ocrx_word' id='word_1_48' title='bbox 802 496 841 526; x_wconf 90' lang='lat' dir='ltr'>ut</span> <span class='ocrx_word' id='word_1_49' title='bbox 873 490 1034 527; x_wconf 80' lang='lat' dir='ltr'>existimo</span> <span class='ocrx_word' id='word_1_50' title='bbox 1062 492 1180 540; x_wconf 83' lang='lat' dir='ltr'>quarti</span> <span class='ocrx_word' id='word_1_51' title='bbox 1207 491 1349 528; x_wconf 83' lang='lat' dir='ltr'>decimi.</span> <span class='ocrx_word' id='word_1_52' title='bbox 1398 490 1439 527; x_wconf 85' lang='lat' dir='ltr'>In</span> <span class='ocrx_word' id='word_1_53' title='bbox 1465 502 1567 528; x_wconf 81' lang='lat' dir='ltr'>mar·-</span> 
     </span>
     <span class='ocr_line' id='line_1_8' title="bbox 123 548 1567 603; baseline 0.004 -19"><span class='ocrx_word' id='word_1_54' title='bbox 123 548 208 597; x_wconf 86' lang='lat' dir='ltr'>gine</span> <span class='ocrx_word' id='word_1_55' title='bbox 233 555 315 598; x_wconf 90' lang='lat' dir='ltr'>post</span> <span class='ocrx_word' id='word_1_56' title='bbox 341 549 379 597; x_wconf 84' lang='lat'>5,</span> <span class='ocrx_word' id='word_1_57' title='bbox 406 551 480 586; x_wconf 83' lang='lat'>266</span> <span class='ocrx_word' id='word_1_58' title='bbox 506 550 574 587; x_wconf 89' lang='lat' dir='ltr'>hoc</span> <span class='ocrx_word' id='word_1_59' title='bbox 600 551 822 600; x_wconf 79' lang='lat' dir='ltr'>epigramma</span> <span class='ocrx_word' id='word_1_60' title='bbox 849 557 921 587; x_wconf 74' lang='lat' dir='ltr'>estz</span> <span class='ocrx_word' id='word_1_61' title='bbox 958 553 1098 588; x_wconf 66' lang='lat' dir='ltr'>Lucius</span> <span class='ocrx_word' id='word_1_62' title='bbox 1122 557 1176 589; x_wconf 72' lang='lat' dir='ltr'>cst</span> <span class='ocrx_word' id='word_1_63' title='bbox 1199 554 1310 603; x_wconf 68' lang='lat' dir='ltr'>piscis</span> <span class='ocrx_word' id='word_1_64' title='bbox 1335 563 1402 590; x_wconf 72' lang='lat' dir='ltr'>rex</span> <span class='ocrx_word' id='word_1_65' title='bbox 1435 557 1470 589; x_wconf 78' lang='lat' dir='ltr'>et</span> <span class='ocrx_word' id='word_1_66' title='bbox 1492 564 1567 590; x_wconf 75' lang='lat' dir='ltr'>uw-</span> 
     </span>
     <span class='ocr_line' id='line_1_9' title="bbox 123 611 1569 664; baseline 0.003 -19"><span class='ocrx_word' id='word_1_67' title='bbox 123 613 247 646; x_wconf 69' lang='lat' dir='ltr'>stator</span> <span class='ocrx_word' id='word_1_68' title='bbox 271 622 462 660; x_wconf 75' lang='lat' dir='ltr'>aquarum.</span> <span class='ocrx_word' id='word_1_69' title='bbox 519 615 604 650; x_wconf 74' lang='lat' dir='ltr'>Vox</span> <span class='ocrx_word' id='word_1_70' title='bbox 630 612 716 649; x_wconf 79' lang='lat' dir='ltr'>hacc</span> <span class='ocrx_word' id='word_1_71' title='bbox 741 611 938 649; x_wconf 70' lang='lat' dir='ltr'>discordat.</span> <span class='ocrx_word' id='word_1_72' title='bbox 975 611 1091 649; x_wconf 75' lang='lat' dir='ltr'>luteus</span> <span class='ocrx_word' id='word_1_73' title='bbox 1118 613 1178 650; x_wconf 79' lang='lat' dir='ltr'>ille</span> <span class='ocrx_word' id='word_1_74' title='bbox 1201 626 1347 664; x_wconf 80' lang='lat' dir='ltr'>parum.</span> <span class='ocrx_word' id='word_1_75' title='bbox 1402 616 1569 651; x_wconf 71' lang='lat' dir='ltr'>Deum-at</span> 
     </span>
     <span class='ocr_line' id='line_1_10' title="bbox 122 667 1569 725; baseline 0.003 -18"><span class='ocrx_word' id='word_1_76' title='bbox 122 669 182 708; x_wconf 66' lang='lat' dir='ltr'>hic</span> <span class='ocrx_word' id='word_1_77' title='bbox 205 670 384 718; x_wconf 68' lang='lat' dir='ltr'>homines,</span> <span class='ocrx_word' id='word_1_78' title='bbox 419 674 476 712; x_wconf 80' lang='lat' dir='ltr'>hic</span> <span class='ocrx_word' id='word_1_79' title='bbox 505 673 663 722; x_wconf 71' lang='lat' dir='ltr'>piscibus</span> <span class='ocrx_word' id='word_1_80' title='bbox 696 672 905 709; x_wconf 75' lang='lat' dir='ltr'>insidiatur·-</span> <span class='ocrx_word' id='word_1_81' title='bbox 960 675 1089 711; x_wconf 75' lang='lat' dir='ltr'>Esurit</span> <span class='ocrx_word' id='word_1_82' title='bbox 1119 667 1178 712; x_wconf 70' lang='lat' dir='ltr'>mo</span> <span class='ocrx_word' id='word_1_83' title='bbox 1209 687 1370 725; x_wconf 51' lang='grc' dir='ltr'>πωροι,</span> <span class='ocrx_word' id='word_1_84' title='bbox 1397 675 1459 713; x_wconf 74' lang='lat' dir='ltr'>hic</span> <span class='ocrx_word' id='word_1_85' title='bbox 1491 675 1569 712; x_wconf 68' lang='lat' dir='ltr'>ali-</span> 
     </span>
     <span class='ocr_line' id='line_1_11' title="bbox 123 733 1080 782; baseline 0.002 -13"><span class='ocrx_word' id='word_1_86' title='bbox 123 733 267 782; x_wconf 80' lang='lat' dir='ltr'>quando</span> <span class='ocrx_word' id='word_1_87' title='bbox 292 740 410 773; x_wconf 78' lang='lat' dir='ltr'>satur.</span> <span class='ocrx_word' id='word_1_88' title='bbox 457 735 546 771; x_wconf 89' lang='lat' dir='ltr'>Post</span> <span class='ocrx_word' id='word_1_89' title='bbox 571 736 607 781; x_wconf 85' lang='lat'>6,</span> <span class='ocrx_word' id='word_1_90' title='bbox 622 734 697 770; x_wconf 81' lang='lat'>586</span> <span class='ocrx_word' id='word_1_91' title='bbox 723 734 795 771; x_wconf 92' lang='lat' dir='ltr'>duo</span> <span class='ocrx_word' id='word_1_92' title='bbox 821 733 909 770; x_wconf 87' lang='lat' dir='ltr'>folia</span> <span class='ocrx_word' id='word_1_93' title='bbox 935 733 1080 771; x_wconf 84' lang='lat' dir='ltr'>desunt.</span> 
     </span>
    </p>

    <p class='ocr_par' dir='ltr' id='par_1_4' title="bbox 119 795 1615 969">
     <span class='ocr_line' id='line_1_12' title="bbox 223 795 1615 847; baseline 0.002 -15"><span class='ocrx_word' id='word_1_94' title='bbox 223 799 284 832; x_wconf 82' lang='lat'>31.</span> <span class='ocrx_word' id='word_1_95' title='bbox 337 795 509 833; x_wconf 90' lang='lat' dir='ltr'>Codicem</span> <span class='ocrx_word' id='word_1_96' title='bbox 536 795 766 832; x_wconf 81' lang='lat' dir='ltr'>chartaceum</span> <span class='ocrx_word' id='word_1_97' title='bbox 799 795 917 832; x_wconf 78' lang='lat' dir='ltr'>forma</span> <span class='ocrx_word' id='word_1_98' title='bbox 942 797 1175 845; x_wconf 86' lang='lat' dir='ltr'>quaternaria</span> <span class='ocrx_word' id='word_1_99' title='bbox 1206 808 1315 847; x_wconf 90' lang='lat' dir='ltr'>quem</span> <span class='ocrx_word' id='word_1_100' title='bbox 1339 809 1360 835; x_wconf 72' lang='grc' dir='ltr'><em>ε</em></span> <span class='ocrx_word' id='word_1_101' title='bbox 1383 796 1523 846; x_wconf 83' lang='lat' dir='ltr'>signaui</span> <span class='ocrx_word' id='word_1_102' title='bbox 1543 808 1568 835; x_wconf 81' lang='lat' dir='ltr'>a</span> <span class='ocrx_word' id='word_1_103' title='bbox 1610 826 1615 828; x_wconf 85' lang='lat'><em>-</em></span> 
     </span>
     <span class='ocr_line' id='line_1_13' title="bbox 119 854 1569 907; baseline 0.002 -14"><span class='ocrx_word' id='word_1_104' title='bbox 119 855 232 894; x_wconf 88' lang='lat' dir='ltr'>Petro</span> <span class='ocrx_word' id='word_1_105' title='bbox 258 857 433 894; x_wconf 87' lang='lat' dir='ltr'>Seruio</span> <span class='ocrx_word' id='word_1_106' title='bbox 469 856 608 894; x_wconf 88' lang='lat' dir='ltr'>medico</span> <span class='ocrx_word' id='word_1_107' title='bbox 643 857 809 893; x_wconf 88' lang='lat' dir='ltr'>Romano</span> <span class='ocrx_word' id='word_1_108' title='bbox 845 854 942 892; x_wconf 92' lang='lat' dir='ltr'>dono</span> <span class='ocrx_word' id='word_1_109' title='bbox 977 864 1168 907; x_wconf 85' lang='lat' dir='ltr'>acceperat</span> <span class='ocrx_word' id='word_1_110' title='bbox 1195 859 1374 896; x_wconf 86' lang='lat' dir='ltr'>Heinsius.</span> <span class='ocrx_word' id='word_1_111' title='bbox 1425 858 1569 896; x_wconf 81' lang='lat' dir='ltr'>Desunt</span> 
     </span>
     <span class='ocr_line' id='line_1_14' title="bbox 120 910 995 969; baseline 0 -14"><span class='ocrx_word' id='word_1_112' title='bbox 120 919 262 969; x_wconf 80' lang='lat' dir='ltr'>singula</span> <span class='ocrx_word' id='word_1_113' title='bbox 287 917 374 955; x_wconf 80' lang='lat' dir='ltr'>solia</span> <span class='ocrx_word' id='word_1_114' title='bbox 400 925 484 968; x_wconf 89' lang='lat' dir='ltr'>post</span> <span class='ocrx_word' id='word_1_115' title='bbox 508 922 544 965; x_wconf 87' lang='grc'>3,</span> <span class='ocrx_word' id='word_1_116' title='bbox 570 917 644 953; x_wconf 84' lang='grc'>285</span> <span class='ocrx_word' id='word_1_117' title='bbox 670 923 707 954; x_wconf 91' lang='lat' dir='ltr'>et</span> <span class='ocrx_word' id='word_1_118' title='bbox 727 910 816 965; x_wconf 39' lang='lat' dir='ltr'>‘post</span> <span class='ocrx_word' id='word_1_119' title='bbox 841 918 879 965; x_wconf 85' lang='lat'>6,</span> <span class='ocrx_word' id='word_1_120' title='bbox 906 918 995 955; x_wconf 79' lang='lat'>225.</span> 
     </span>
    </p>

    <p class='ocr_par' dir='ltr' id='par_1_5' title="bbox 119 978 1570 1277">
     <span class='ocr_line' id='line_1_15' title="bbox 222 978 1570 1030; baseline 0.001 -14"><span class='ocrx_word' id='word_1_121' title='bbox 222 983 284 1017; x_wconf 85' lang='lat'>32.</span> <span class='ocrx_word' id='word_1_122' title='bbox 337 980 463 1016; x_wconf 87' lang='lat' dir='ltr'>Codex</span> <span class='ocrx_word' id='word_1_123' title='bbox 491 979 791 1024; x_wconf 80' lang='lat' dir='ltr'>Tolosanus‚</span> <span class='ocrx_word' id='word_1_124' title='bbox 818 981 854 1025; x_wconf 82' lang='lat' dir='ltr'>t,</span> <span class='ocrx_word' id='word_1_125' title='bbox 882 979 1071 1016; x_wconf 84' lang='lat' dir='ltr'>Bernardo</span> <span class='ocrx_word' id='word_1_126' title='bbox 1097 978 1290 1028; x_wconf 88' lang='lat' dir='ltr'>Medonio,</span> <span class='ocrx_word' id='word_1_127' title='bbox 1315 979 1376 1030; x_wconf 91' lang='lat' dir='ltr'>qui</span> <span class='ocrx_word' id='word_1_128' title='bbox 1402 980 1570 1028; x_wconf 77' lang='lat' dir='ltr'>contulit,</span> 
     </span>
     <span class='ocr_line' id='line_1_16' title="bbox 121 1039 1570 1089; baseline 0 -11"><span class='ocrx_word' id='word_1_129' title='bbox 121 1046 214 1078; x_wconf 77' lang='lat' dir='ltr'>teste</span> <span class='ocrx_word' id='word_1_130' title='bbox 236 1040 306 1076; x_wconf 89' lang='lat' dir='ltr'>fuit</span> <span class='ocrx_word' id='word_1_131' title='bbox 331 1040 510 1078; x_wconf 80' lang='lat' dir='ltr'>Samuelis</span> <span class='ocrx_word' id='word_1_132' title='bbox 536 1040 657 1086; x_wconf 86' lang='lat' dir='ltr'>Petiti,</span> <span class='ocrx_word' id='word_1_133' title='bbox 683 1045 811 1089; x_wconf 85' lang='lat' dir='ltr'>postea</span> <span class='ocrx_word' id='word_1_134' title='bbox 836 1039 1015 1076; x_wconf 88' lang='lat' dir='ltr'>Ranchini</span> <span class='ocrx_word' id='word_1_135' title='bbox 1043 1041 1229 1078; x_wconf 85' lang='lat' dir='ltr'>cuiusdam</span> <span class='ocrx_word' id='word_1_136' title='bbox 1255 1041 1432 1079; x_wconf 85' lang='lat' dir='ltr'>senatoris</span> <span class='ocrx_word' id='word_1_137' title='bbox 1451 1042 1570 1078; x_wconf 89' lang='lat' dir='ltr'>Tolo-</span> 
     </span>
     <span class='ocr_line' id='line_1_17' title="bbox 119 1101 1570 1153; baseline 0.001 -14"><span class='ocrx_word' id='word_1_138' title='bbox 119 1103 214 1150; x_wconf 84' lang='lat' dir='ltr'>saui,</span> <span class='ocrx_word' id='word_1_139' title='bbox 238 1102 357 1139; x_wconf 81' lang='lat' dir='ltr'>forma</span> <span class='ocrx_word' id='word_1_140' title='bbox 382 1101 552 1149; x_wconf 86' lang='lat' dir='ltr'>maxima,</span> <span class='ocrx_word' id='word_1_141' title='bbox 579 1101 892 1149; x_wconf 79' lang='lat' dir='ltr'>membranaceus,</span> <span class='ocrx_word' id='word_1_142' title='bbox 918 1101 1105 1152; x_wconf 83' lang='lat' dir='ltr'>eleganter</span> <span class='ocrx_word' id='word_1_143' title='bbox 1128 1103 1285 1153; x_wconf 82' lang='lat' dir='ltr'>scriptus</span> <span class='ocrx_word' id='word_1_144' title='bbox 1305 1110 1342 1140; x_wconf 86' lang='lat' dir='ltr'>et</span> <span class='ocrx_word' id='word_1_145' title='bbox 1361 1103 1570 1141; x_wconf 83' lang='lat' dir='ltr'>continebat</span> 
     </span>
     <span class='ocr_line' id='line_1_18' title="bbox 119 1161 1570 1212; baseline 0 -11"><span class='ocrx_word' id='word_1_146' title='bbox 119 1164 212 1202; x_wconf 88' lang='lat' dir='ltr'>miro</span> <span class='ocrx_word' id='word_1_147' title='bbox 241 1164 368 1201; x_wconf 87' lang='lat' dir='ltr'>ordine</span> <span class='ocrx_word' id='word_1_148' title='bbox 396 1161 462 1199; x_wconf 82' lang='lat' dir='ltr'>has</span> <span class='ocrx_word' id='word_1_149' title='bbox 490 1163 655 1199; x_wconf 83' lang='lat' dir='ltr'>carminis</span> <span class='ocrx_word' id='word_1_150' title='bbox 681 1169 824 1212; x_wconf 82' lang='lat' dir='ltr'>partes:</span> <span class='ocrx_word' id='word_1_151' title='bbox 856 1163 956 1200; x_wconf 82' lang='lat' dir='ltr'>lib.3</span> <span class='ocrx_word' id='word_1_152' title='bbox 984 1177 1021 1201; x_wconf 93' lang='lat' dir='ltr'>u.</span> <span class='ocrx_word' id='word_1_153' title='bbox 1041 1166 1115 1203; x_wconf 89' lang='grc'>762</span> <span class='ocrx_word' id='word_1_154' title='bbox 1142 1164 1191 1202; x_wconf 85' lang='lat' dir='ltr'>ad</span> <span class='ocrx_word' id='word_1_155' title='bbox 1216 1164 1278 1202; x_wconf 90' lang='lat' dir='ltr'>lib.</span> <span class='ocrx_word' id='word_1_156' title='bbox 1297 1165 1323 1202; x_wconf 87' lang='lat'>4</span> <span class='ocrx_word' id='word_1_157' title='bbox 1349 1176 1386 1201; x_wconf 92' lang='lat' dir='ltr'>u.</span> <span class='ocrx_word' id='word_1_158' title='bbox 1402 1165 1479 1201; x_wconf 85' lang='grc'>877</span> <span class='ocrx_word' id='word_1_159' title='bbox 1504 1176 1570 1201; x_wconf 80' lang='lat' dir='ltr'>us-</span> 
     </span>
     <span class='ocr_line' id='line_1_19' title="bbox 121 1222 1568 1277; baseline 0 -14"><span class='ocrx_word' id='word_1_160' title='bbox 121 1238 212 1277; x_wconf 84' lang='lat' dir='ltr'>que:</span> <span class='ocrx_word' id='word_1_161' title='bbox 239 1226 301 1263; x_wconf 90' lang='lat' dir='ltr'>lib.</span> <span class='ocrx_word' id='word_1_162' title='bbox 317 1230 342 1262; x_wconf 90' lang='lat'><strong>2</strong></span> <span class='ocrx_word' id='word_1_163' title='bbox 369 1237 405 1261; x_wconf 92' lang='lat' dir='ltr'>u.</span> <span class='ocrx_word' id='word_1_164' title='bbox 421 1226 469 1260; x_wconf 84' lang='grc'>33</span> <span class='ocrx_word' id='word_1_165' title='bbox 485 1222 531 1260; x_wconf 83' lang='lat' dir='ltr'>ad</span> <span class='ocrx_word' id='word_1_166' title='bbox 545 1223 640 1261; x_wconf 78' lang='lat'>532:</span> <span class='ocrx_word' id='word_1_167' title='bbox 667 1224 797 1261; x_wconf 91' lang='lat' dir='ltr'>librum</span> <span class='ocrx_word' id='word_1_168' title='bbox 817 1231 957 1262; x_wconf 79' lang='lat' dir='ltr'>sextum</span> <span class='ocrx_word' id='word_1_169' title='bbox 983 1232 1119 1263; x_wconf 71' lang='lat' dir='ltr'>totumz</span> <span class='ocrx_word' id='word_1_170' title='bbox 1146 1226 1208 1263; x_wconf 92' lang='lat' dir='ltr'>lib.</span> <span class='ocrx_word' id='word_1_171' title='bbox 1227 1226 1251 1263; x_wconf 85' lang='lat'><strong>5</strong></span> <span class='ocrx_word' id='word_1_172' title='bbox 1276 1238 1315 1263; x_wconf 93' lang='lat' dir='ltr'>u.</span> <span class='ocrx_word' id='word_1_173' title='bbox 1331 1224 1466 1262; x_wconf 81' lang='lat' dir='ltr'>601-ad</span> <span class='ocrx_word' id='word_1_174' title='bbox 1479 1227 1568 1263; x_wconf 88' lang='grc'><strong>726.</strong></span> 
     </span>
    </p>

    <p class='ocr_par' dir='ltr' id='par_1_6' title="bbox 120 1286 1571 1522">
     <span class='ocr_line' id='line_1_20' title="bbox 223 1286 1569 1337; baseline -0.001 -12"><span class='ocrx_word' id='word_1_175' title='bbox 223 1291 284 1325; x_wconf 79' lang='lat'>33.</span> <span class='ocrx_word' id='word_1_176' title='bbox 338 1288 517 1322; x_wconf 82' lang='lat' dir='ltr'>Accurate</span> <span class='ocrx_word' id='word_1_177' title='bbox 543 1296 565 1321; x_wconf 83' lang='lat' dir='ltr'>a</span> <span class='ocrx_word' id='word_1_178' title='bbox 590 1297 648 1322; x_wconf 88' lang='lat' dir='ltr'>me</span> <span class='ocrx_word' id='word_1_179' title='bbox 673 1286 806 1323; x_wconf 84' lang='lat' dir='ltr'>collata</span> <span class='ocrx_word' id='word_1_180' title='bbox 831 1293 916 1324; x_wconf 88' lang='lat' dir='ltr'>suut</span> <span class='ocrx_word' id='word_1_181' title='bbox 942 1288 1048 1324; x_wconf 89' lang='lat' dir='ltr'>etiam</span> <span class='ocrx_word' id='word_1_182' title='bbox 1074 1287 1364 1336; x_wconf 80' lang='lat' dir='ltr'>florilegium</span> <span class='ocrx_word' id='word_1_183' title='bbox 1390 1286 1488 1337; x_wconf 87' lang='lat' dir='ltr'>quod</span> <span class='ocrx_word' id='word_1_184' title='bbox 1512 1287 1569 1323; x_wconf 89' lang='lat' dir='ltr'>in·</span> 
     </span>
     <span class='ocr_line' id='line_1_21' title="bbox 120 1346 1570 1399; baseline -0.001 -12"><span class='ocrx_word' id='word_1_185' title='bbox 120 1349 288 1387; x_wconf 82' lang='lat' dir='ltr'>scribitur</span> <span class='ocrx_word' id='word_1_186' title='bbox 305 1347 492 1384; x_wconf 91' lang='lat' dir='ltr'>Berolin</span> <span class='ocrx_word' id='word_1_187' title='bbox 504 1358 625 1394; x_wconf 89' lang='lat' dir='ltr'>ense,</span> <span class='ocrx_word' id='word_1_188' title='bbox 647 1346 925 1395; x_wconf 61' lang='lat' dir='ltr'>Sanmnitium,</span> <span class='ocrx_word' id='word_1_189' title='bbox 944 1347 992 1385; x_wconf 87' lang='lat' dir='ltr'>de</span> <span class='ocrx_word' id='word_1_190' title='bbox 1011 1361 1083 1398; x_wconf 89' lang='lat' dir='ltr'>quo</span> <span class='ocrx_word' id='word_1_191' title='bbox 1103 1348 1186 1386; x_wconf 91' lang='lat' dir='ltr'>uide</span> <span class='ocrx_word' id='word_1_192' title='bbox 1205 1348 1323 1399; x_wconf 84' lang='lat' dir='ltr'>praef.</span> <span class='ocrx_word' id='word_1_193' title='bbox 1340 1347 1432 1385; x_wconf 83' lang='lat' dir='ltr'>trist.</span> <span class='ocrx_word' id='word_1_194' title='bbox 1447 1360 1485 1398; x_wconf 86' lang='lat' dir='ltr'>p.</span> <span class='ocrx_word' id='word_1_195' title='bbox 1496 1358 1570 1393; x_wconf 70' lang='lat'>110,</span> 
     </span>
     <span class='ocr_line' id='line_1_22' title="bbox 120 1408 1570 1460; baseline -0.003 -11"><span class='ocrx_word' id='word_1_196' title='bbox 120 1423 194 1449; x_wconf 89' lang='lat' dir='ltr'>non</span> <span class='ocrx_word' id='word_1_197' title='bbox 221 1417 404 1447; x_wconf 89' lang='lat' dir='ltr'>uetustum</span> <span class='ocrx_word' id='word_1_198' title='bbox 431 1408 525 1446; x_wconf 88' lang='lat' dir='ltr'>adeo</span> <span class='ocrx_word' id='word_1_199' title='bbox 552 1415 663 1457; x_wconf 87' lang='lat' dir='ltr'>atque</span> <span class='ocrx_word' id='word_1_200' title='bbox 690 1408 778 1444; x_wconf 90' lang='lat' dir='ltr'>olim</span> <span class='ocrx_word' id='word_1_201' title='bbox 804 1410 1005 1457; x_wconf 86' lang='lat' dir='ltr'>putabam,</span> <span class='ocrx_word' id='word_1_202' title='bbox 1031 1410 1096 1447; x_wconf 88' lang='lat' dir='ltr'>sed</span> <span class='ocrx_word' id='word_1_203' title='bbox 1122 1411 1258 1448; x_wconf 88' lang='lat' dir='ltr'>minine</span> <span class='ocrx_word' id='word_1_204' title='bbox 1283 1409 1570 1460; x_wconf 81' lang='lat' dir='ltr'>aspernandum,</span> 
     </span>
     <span class='ocr_line' id='line_1_23' title="bbox 120 1468 1571 1522; baseline -0.001 -12"><span class='ocrx_word' id='word_1_205' title='bbox 120 1479 159 1511; x_wconf 88' lang='lat' dir='ltr'>et</span> <span class='ocrx_word' id='word_1_206' title='bbox 183 1472 273 1509; x_wconf 82' lang='lat' dir='ltr'>solia</span> <span class='ocrx_word' id='word_1_207' title='bbox 292 1471 431 1522; x_wconf 84' lang='lat' dir='ltr'>aliquot</span> <span class='ocrx_word' id='word_1_208' title='bbox 447 1471 593 1508; x_wconf 89' lang='lat' dir='ltr'>alterius</span> <span class='ocrx_word' id='word_1_209' title='bbox 612 1468 772 1507; x_wconf 89' lang='lat' dir='ltr'>eiusdem</span> <span class='ocrx_word' id='word_1_210' title='bbox 792 1469 888 1507; x_wconf 91' lang='lat' dir='ltr'>modi</span> <span class='ocrx_word' id='word_1_211' title='bbox 913 1472 1032 1508; x_wconf 89' lang='lat' dir='ltr'>nescio</span> <span class='ocrx_word' id='word_1_212' title='bbox 1051 1472 1112 1508; x_wconf 90' lang='lat' dir='ltr'>ubi</span> <span class='ocrx_word' id='word_1_213' title='bbox 1137 1472 1286 1509; x_wconf 81' lang='lat' dir='ltr'>inuenta</span> <span class='ocrx_word' id='word_1_214' title='bbox 1315 1477 1352 1508; x_wconf 90' lang='lat' dir='ltr'>et</span> <span class='ocrx_word' id='word_1_215' title='bbox 1376 1471 1413 1507; x_wconf 90' lang='lat' dir='ltr'>in</span> <span class='ocrx_word' id='word_1_216' title='bbox 1439 1470 1571 1508; x_wconf 88' lang='lat' dir='ltr'>biblio-</span> 
     </span>
    </p>
   </div>
   <div class='ocr_carea' id='block_1_3' title="bbox 120 1531 1644 1585">
    <p class='ocr_par' dir='ltr' id='par_1_7' title="bbox 120 1531 1644 1585">
     <span class='ocr_line' id='line_1_24' title="bbox 120 1531 1644 1585; baseline -0.001 -14"><span class='ocrx_word' id='word_1_217' title='bbox 120 1533 265 1571; x_wconf 82' lang='lat' dir='ltr'>thecam</span> <span class='ocrx_word' id='word_1_218' title='bbox 290 1534 347 1570; x_wconf 88' lang='lat' dir='ltr'>cui</span> <span class='ocrx_word' id='word_1_219' title='bbox 373 1533 503 1571; x_wconf 82' lang='lat' dir='ltr'>eximia</span> <span class='ocrx_word' id='word_1_220' title='bbox 522 1545 603 1569; x_wconf 90' lang='lat' dir='ltr'>cum</span> <span class='ocrx_word' id='word_1_221' title='bbox 623 1531 848 1568; x_wconf 80' lang='lat' dir='ltr'>humanitate</span> <span class='ocrx_word' id='word_1_222' title='bbox 864 1539 1010 1581; x_wconf 88' lang='lat' dir='ltr'>praeest</span> <span class='ocrx_word' id='word_1_223' title='bbox 1025 1534 1157 1570; x_wconf 83' lang='lat' dir='ltr'>collata</span> <span class='ocrx_word' id='word_1_224' title='bbox 1176 1545 1198 1570; x_wconf 89' lang='lat' dir='ltr'>a</span> <span class='ocrx_word' id='word_1_225' title='bbox 1214 1532 1423 1583; x_wconf 89' lang='lat' dir='ltr'>Theophilo</span> <span class='ocrx_word' id='word_1_226' title='bbox 1440 1532 1472 1569; x_wconf 91' lang='lat' dir='ltr'><strong>F</strong></span> <span class='ocrx_word' id='word_1_227' title='bbox 1474 1532 1571 1570; x_wconf 82' lang='lat' dir='ltr'>ried·</span> <span class='ocrx_word' id='word_1_228' title='bbox 1637 1570 1644 1585; x_wconf 59' lang='grc'>,</span> 
     </span>
    </p>
   </div>
   <div class='ocr_carea' id='block_1_4' title="bbox 119 1593 1573 2694">
    <p class='ocr_par' dir='ltr' id='par_1_8' title="bbox 119 1593 1573 2138">
     <span class='ocr_line' id='line_1_25' title="bbox 119 1593 1571 1642; baseline -0.001 -9"><span class='ocrx_word' id='word_1_229' title='bbox 119 1595 295 1633; x_wconf 84' lang='lat' dir='ltr'>laendero</span> <span class='ocrx_word' id='word_1_230' title='bbox 320 1595 437 1631; x_wconf 87' lang='lat' dir='ltr'>amico</span> <span class='ocrx_word' id='word_1_231' title='bbox 464 1594 687 1631; x_wconf 86' lang='lat' dir='ltr'>suauissimo.</span> <span class='ocrx_word' id='word_1_232' title='bbox 739 1593 879 1629; x_wconf 86' lang='lat' dir='ltr'>Abhinc</span> <span class='ocrx_word' id='word_1_233' title='bbox 911 1596 1221 1632; x_wconf 86' lang='lat' dir='ltr'>enumerabuntur</span> <span class='ocrx_word' id='word_1_234' title='bbox 1247 1593 1389 1630; x_wconf 81' lang='lat' dir='ltr'>codices</span> <span class='ocrx_word' id='word_1_235' title='bbox 1414 1606 1571 1642; x_wconf 88' lang='lat' dir='ltr'>quorum</span> 
     </span>
     <span class='ocr_line' id='line_1_26' title="bbox 121 1653 1570 1706; baseline -0.001 -12"><span class='ocrx_word' id='word_1_236' title='bbox 121 1658 264 1706; x_wconf 88' lang='lat' dir='ltr'>integra</span> <span class='ocrx_word' id='word_1_237' title='bbox 290 1656 493 1705; x_wconf 83' lang='lat' dir='ltr'>scripturae</span> <span class='ocrx_word' id='word_1_238' title='bbox 519 1655 675 1691; x_wconf 88' lang='lat' dir='ltr'>uarietas</span> <span class='ocrx_word' id='word_1_239' title='bbox 701 1653 748 1691; x_wconf 89' lang='lat' dir='ltr'>ad</span> <span class='ocrx_word' id='word_1_240' title='bbox 777 1666 835 1691; x_wconf 89' lang='lat' dir='ltr'>me</span> <span class='ocrx_word' id='word_1_241' title='bbox 861 1666 933 1691; x_wconf 89' lang='lat' dir='ltr'>non</span> <span class='ocrx_word' id='word_1_242' title='bbox 960 1657 1143 1705; x_wconf 84' lang='lat' dir='ltr'>peruenit.</span> <span class='ocrx_word' id='word_1_243' title='bbox 1186 1656 1327 1692; x_wconf 89' lang='lat' dir='ltr'>Eorum</span> <span class='ocrx_word' id='word_1_244' title='bbox 1353 1654 1462 1705; x_wconf 86' lang='lat' dir='ltr'>longe</span> <span class='ocrx_word' id='word_1_245' title='bbox 1487 1655 1570 1706; x_wconf 86' lang='lat' dir='ltr'>plu-</span> 
     </span>
     <span class='ocr_line' id='line_1_27' title="bbox 121 1716 1572 1767; baseline -0.001 -11"><span class='ocrx_word' id='word_1_246' title='bbox 121 1720 231 1756; x_wconf 85' lang='lat' dir='ltr'>rimos</span> <span class='ocrx_word' id='word_1_247' title='bbox 258 1722 304 1754; x_wconf 84' lang='lat' dir='ltr'>ab</span> <span class='ocrx_word' id='word_1_248' title='bbox 325 1718 473 1754; x_wconf 83' lang='lat' dir='ltr'>Heinsio</span> <span class='ocrx_word' id='word_1_249' title='bbox 494 1716 623 1754; x_wconf 88' lang='lat' dir='ltr'>eadem</span> <span class='ocrx_word' id='word_1_250' title='bbox 643 1729 731 1753; x_wconf 85' lang='lat' dir='ltr'>cura</span> <span class='ocrx_word' id='word_1_251' title='bbox 758 1727 830 1765; x_wconf 88' lang='lat' dir='ltr'>qua</span> <span class='ocrx_word' id='word_1_252' title='bbox 856 1716 1062 1766; x_wconf 87' lang='lat' dir='ltr'>superiores</span> <span class='ocrx_word' id='word_1_253' title='bbox 1088 1718 1352 1767; x_wconf 84' lang='lat' dir='ltr'>peruestigatos</span> <span class='ocrx_word' id='word_1_254' title='bbox 1378 1728 1457 1754; x_wconf 84' lang='lat' dir='ltr'>esse</span> <span class='ocrx_word' id='word_1_255' title='bbox 1482 1728 1572 1754; x_wconf 88' lang='lat' dir='ltr'>con-</span> 
     </span>
     <span class='ocr_line' id='line_1_28' title="bbox 121 1776 1571 1829; baseline 0 -12"><span class='ocrx_word' id='word_1_256' title='bbox 121 1787 216 1828; x_wconf 88' lang='lat' dir='ltr'>stat,</span> <span class='ocrx_word' id='word_1_257' title='bbox 251 1779 316 1817; x_wconf 87' lang='lat' dir='ltr'>sed</span> <span class='ocrx_word' id='word_1_258' title='bbox 343 1780 529 1829; x_wconf 90' lang='lat' dir='ltr'>perierunt</span> <span class='ocrx_word' id='word_1_259' title='bbox 554 1779 624 1815; x_wconf 86' lang='lat' dir='ltr'>iam</span> <span class='ocrx_word' id='word_1_260' title='bbox 651 1777 792 1828; x_wconf 87' lang='lat' dir='ltr'>pridem</span> <span class='ocrx_word' id='word_1_261' title='bbox 818 1778 895 1815; x_wconf 88' lang='lat' dir='ltr'>eius</span> <span class='ocrx_word' id='word_1_262' title='bbox 921 1776 1079 1814; x_wconf 86' lang='lat' dir='ltr'>schedae</span> <span class='ocrx_word' id='word_1_263' title='bbox 1104 1778 1251 1816; x_wconf 85' lang='lat' dir='ltr'>Italicae</span> <span class='ocrx_word' id='word_1_264' title='bbox 1274 1785 1312 1816; x_wconf 88' lang='lat' dir='ltr'>et</span> <span class='ocrx_word' id='word_1_265' title='bbox 1337 1778 1430 1815; x_wconf 83' lang='lat' dir='ltr'>aliae</span> <span class='ocrx_word' id='word_1_266' title='bbox 1455 1789 1571 1828; x_wconf 86' lang='lat' dir='ltr'>quae·</span> 
     </span>
     <span class='ocr_line' id='line_1_29' title="bbox 122 1838 1571 1890; baseline -0.001 -12"><span class='ocrx_word' id='word_1_267' title='bbox 122 1842 231 1890; x_wconf 86' lang='lat' dir='ltr'>dam,</span> <span class='ocrx_word' id='word_1_268' title='bbox 267 1841 363 1878; x_wconf 87' lang='lat' dir='ltr'>uude</span> <span class='ocrx_word' id='word_1_269' title='bbox 387 1853 564 1878; x_wconf 87' lang='lat' dir='ltr'>summam</span> <span class='ocrx_word' id='word_1_270' title='bbox 590 1847 731 1878; x_wconf 84' lang='lat' dir='ltr'>tantum</span> <span class='ocrx_word' id='word_1_271' title='bbox 759 1838 936 1876; x_wconf 83' lang='lat' dir='ltr'>conficere</span> <span class='ocrx_word' id='word_1_272' title='bbox 963 1844 1000 1875; x_wconf 90' lang='lat' dir='ltr'>et</span> <span class='ocrx_word' id='word_1_273' title='bbox 1027 1838 1062 1875; x_wconf 90' lang='lat' dir='ltr'>in</span> <span class='ocrx_word' id='word_1_274' title='bbox 1093 1839 1133 1876; x_wconf 85' lang='lat' dir='ltr'>iis</span> <span class='ocrx_word' id='word_1_275' title='bbox 1161 1851 1256 1889; x_wconf 86' lang='lat' dir='ltr'>quae</span> <span class='ocrx_word' id='word_1_276' title='bbox 1280 1846 1478 1890; x_wconf 84' lang='lat' dir='ltr'>supersunt</span> <span class='ocrx_word' id='word_1_277' title='bbox 1503 1852 1571 1878; x_wconf 90' lang='lat' dir='ltr'>uo-</span> 
     </span>
     <span class='ocr_line' id='line_1_30' title="bbox 121 1900 1571 1952; baseline -0.001 -11"><span class='ocrx_word' id='word_1_278' title='bbox 121 1903 317 1942; x_wconf 88' lang='lat' dir='ltr'>luminibus</span> <span class='ocrx_word' id='word_1_279' title='bbox 359 1909 534 1940; x_wconf 86' lang='lat' dir='ltr'>annotare</span> <span class='ocrx_word' id='word_1_280' title='bbox 575 1909 630 1940; x_wconf 90' lang='lat' dir='ltr'>est</span> <span class='ocrx_word' id='word_1_281' title='bbox 663 1902 808 1940; x_wconf 85' lang='lat' dir='ltr'>solitus:</span> <span class='ocrx_word' id='word_1_282' title='bbox 853 1901 889 1937; x_wconf 91' lang='lat' dir='ltr'>in</span> <span class='ocrx_word' id='word_1_283' title='bbox 930 1900 1017 1937; x_wconf 89' lang='lat' dir='ltr'>locis</span> <span class='ocrx_word' id='word_1_284' title='bbox 1055 1900 1318 1938; x_wconf 78' lang='lat' dir='ltr'>difficilioribus</span> <span class='ocrx_word' id='word_1_285' title='bbox 1354 1901 1571 1952; x_wconf 78' lang='lat' dir='ltr'>plerumque</span> 
     </span>
     <span class='ocr_line' id='line_1_31' title="bbox 121 1961 1573 2016; baseline -0.002 -13"><span class='ocrx_word' id='word_1_286' title='bbox 121 1966 319 2016; x_wconf 84' lang='lat' dir='ltr'>ascriptum</span> <span class='ocrx_word' id='word_1_287' title='bbox 355 1965 401 2002; x_wconf 88' lang='lat' dir='ltr'>ab</span> <span class='ocrx_word' id='word_1_288' title='bbox 437 1976 482 2001; x_wconf 89' lang='lat' dir='ltr'>eo</span> <span class='ocrx_word' id='word_1_289' title='bbox 515 1963 660 2002; x_wconf 84' lang='lat' dir='ltr'>uideas:</span> <span class='ocrx_word' id='word_1_290' title='bbox 698 1964 781 2002; x_wconf 78' lang='lat' dir='ltr'>uide</span> <span class='ocrx_word' id='word_1_291' title='bbox 804 1975 888 2000; x_wconf 72' lang='lat' dir='ltr'>nar.</span> <span class='ocrx_word' id='word_1_292' title='bbox 908 1973 978 2001; x_wconf 78' lang='lat' dir='ltr'>sor.</span> <span class='ocrx_word' id='word_1_293' title='bbox 1030 1961 1168 2000; x_wconf 89' lang='lat' dir='ltr'>Verum</span> <span class='ocrx_word' id='word_1_294' title='bbox 1203 1970 1324 2001; x_wconf 87' lang='lat' dir='ltr'>tamen</span> <span class='ocrx_word' id='word_1_295' title='bbox 1350 1975 1447 2013; x_wconf 86' lang='lat' dir='ltr'>quae</span> <span class='ocrx_word' id='word_1_296' title='bbox 1472 1975 1573 2001; x_wconf 80' lang='lat' dir='ltr'>sum-</span> 
     </span>
     <span class='ocr_line' id='line_1_32' title="bbox 121 2021 1571 2076; baseline -0.001 -12"><span class='ocrx_word' id='word_1_297' title='bbox 121 2029 247 2064; x_wconf 82' lang='lat' dir='ltr'>matim</span> <span class='ocrx_word' id='word_1_298' title='bbox 277 2027 323 2063; x_wconf 84' lang='lat' dir='ltr'>ab</span> <span class='ocrx_word' id='word_1_299' title='bbox 352 2026 499 2062; x_wconf 88' lang='lat' dir='ltr'>Heinsio</span> <span class='ocrx_word' id='word_1_300' title='bbox 532 2037 577 2062; x_wconf 87' lang='lat' dir='ltr'>ex</span> <span class='ocrx_word' id='word_1_301' title='bbox 611 2025 776 2062; x_wconf 88' lang='lat' dir='ltr'>uberiore</span> <span class='ocrx_word' id='word_1_302' title='bbox 807 2036 906 2075; x_wconf 84' lang='lat' dir='ltr'>penu</span> <span class='ocrx_word' id='word_1_303' title='bbox 941 2030 1135 2063; x_wconf 75' lang='lat' dir='ltr'>enotantur</span> <span class='ocrx_word' id='word_1_304' title='bbox 1166 2032 1251 2064; x_wconf 87' lang='lat' dir='ltr'>sunt</span> <span class='ocrx_word' id='word_1_305' title='bbox 1283 2021 1390 2076; x_wconf 81' lang='lat' dir='ltr'>pr‘etii</span> <span class='ocrx_word' id='word_1_306' title='bbox 1414 2023 1571 2075; x_wconf 73' lang='lat' dir='ltr'>ingentis</span> 
     </span>
     <span class='ocr_line' id='line_1_33' title="bbox 122 2088 737 2138; baseline -0.007 -11"><span class='ocrx_word' id='word_1_307' title='bbox 122 2102 167 2127; x_wconf 85' lang='lat' dir='ltr'>ac</span> <span class='ocrx_word' id='word_1_308' title='bbox 192 2100 289 2126; x_wconf 90' lang='lat' dir='ltr'>nunc</span> <span class='ocrx_word' id='word_1_309' title='bbox 314 2089 468 2138; x_wconf 89' lang='lat' dir='ltr'>primum</span> <span class='ocrx_word' id='word_1_310' title='bbox 495 2088 737 2124; x_wconf 86' lang='lat' dir='ltr'>innotescunt.</span> 
     </span>
    </p>

    <p class='ocr_par' dir='ltr' id='par_1_9' title="bbox 123 2145 1571 2570">
     <span class='ocr_line' id='line_1_34' title="bbox 223 2145 1569 2197; baseline -0.002 -10"><span class='ocrx_word' id='word_1_311' title='bbox 223 2152 285 2189; x_wconf 79' lang='lat'>34.</span> <span class='ocrx_word' id='word_1_312' title='bbox 339 2153 374 2187; x_wconf 93' lang='lat'>1.</span> <span class='ocrx_word' id='word_1_313' title='bbox 414 2148 586 2186; x_wconf 87' lang='lat' dir='ltr'>Codicem</span> <span class='ocrx_word' id='word_1_314' title='bbox 612 2149 927 2186; x_wconf 85' lang='lat' dir='ltr'>membranaceum</span> <span class='ocrx_word' id='word_1_315' title='bbox 954 2148 1274 2187; x_wconf 82' lang='lat' dir='ltr'>Colonieusem</span> <span class='ocrx_word' id='word_1_316' title='bbox 1303 2147 1446 2197; x_wconf 83' lang='lat' dir='ltr'>collegii</span> <span class='ocrx_word' id='word_1_317' title='bbox 1469 2145 1569 2184; x_wconf 85' lang='lat' dir='ltr'>Lau·</span> 
     </span>
     <span class='ocr_line' id='line_1_35' title="bbox 123 2209 1569 2259; baseline -0.001 -9"><span class='ocrx_word' id='word_1_318' title='bbox 123 2213 277 2251; x_wconf 83' lang='lat' dir='ltr'>rentiani</span> <span class='ocrx_word' id='word_1_319' title='bbox 305 2211 518 2248; x_wconf 88' lang='lat' dir='ltr'>Franciscus</span> <span class='ocrx_word' id='word_1_320' title='bbox 544 2210 687 2248; x_wconf 84' lang='lat' dir='ltr'>Modius</span> <span class='ocrx_word' id='word_1_321' title='bbox 724 2216 875 2248; x_wconf 84' lang='lat' dir='ltr'>nouant.</span> <span class='ocrx_word' id='word_1_322' title='bbox 902 2210 987 2248; x_wconf 89' lang='lat' dir='ltr'>lect.</span> <span class='ocrx_word' id='word_1_323' title='bbox 1016 2222 1047 2248; x_wconf 90' lang='lat' dir='ltr'>c.</span> <span class='ocrx_word' id='word_1_324' title='bbox 1065 2211 1114 2248; x_wconf 80' lang='lat'>63</span> <span class='ocrx_word' id='word_1_325' title='bbox 1146 2211 1181 2247; x_wconf 88' lang='lat' dir='ltr'>in</span> <span class='ocrx_word' id='word_1_326' title='bbox 1208 2209 1358 2248; x_wconf 85' lang='lat' dir='ltr'>Gruteri</span> <span class='ocrx_word' id='word_1_327' title='bbox 1392 2209 1503 2259; x_wconf 75' lang='lat' dir='ltr'>lamp.</span> <span class='ocrx_word' id='word_1_328' title='bbox 1529 2221 1569 2259; x_wconf 78' lang='lat' dir='ltr'>p·</span> 
     </span>
     <span class='ocr_line' id='line_1_36' title="bbox 125 2270 1570 2323; baseline -0.003 -12"><span class='ocrx_word' id='word_1_329' title='bbox 125 2276 344 2312; x_wconf 74' lang='lat'>168—170</span> <span class='ocrx_word' id='word_1_330' title='bbox 371 2273 560 2323; x_wconf 80' lang='lat' dir='ltr'>aliquoties</span> <span class='ocrx_word' id='word_1_331' title='bbox 586 2271 633 2308; x_wconf 88' lang='lat' dir='ltr'>ad</span> <span class='ocrx_word' id='word_1_332' title='bbox 660 2278 782 2320; x_wconf 84' lang='lat' dir='ltr'>partes</span> <span class='ocrx_word' id='word_1_333' title='bbox 811 2273 977 2320; x_wconf 84' lang='lat' dir='ltr'>uocauit,</span> <span class='ocrx_word' id='word_1_334' title='bbox 1003 2273 1065 2322; x_wconf 87' lang='lat' dir='ltr'>qui</span> <span class='ocrx_word' id='word_1_335' title='bbox 1091 2271 1416 2322; x_wconf 80' lang='lat' dir='ltr'>praestantissimus</span> <span class='ocrx_word' id='word_1_336' title='bbox 1444 2270 1570 2320; x_wconf 79' lang='lat' dir='ltr'>utique</span> 
     </span>
     <span class='ocr_line' id='line_1_37' title="bbox 123 2331 1570 2383; baseline -0.002 -10"><span class='ocrx_word' id='word_1_337' title='bbox 123 2337 234 2373; x_wconf 79' lang='lat' dir='ltr'>fuisse</span> <span class='ocrx_word' id='word_1_338' title='bbox 260 2335 404 2372; x_wconf 87' lang='lat' dir='ltr'>uidetur</span> <span class='ocrx_word' id='word_1_339' title='bbox 429 2341 465 2371; x_wconf 87' lang='lat' dir='ltr'>et</span> <span class='ocrx_word' id='word_1_340' title='bbox 490 2338 527 2378; x_wconf 90' lang='lat'>2,</span> <span class='ocrx_word' id='word_1_341' title='bbox 554 2334 629 2370; x_wconf 79' lang='lat'>394</span> <span class='ocrx_word' id='word_1_342' title='bbox 655 2340 766 2382; x_wconf 83' lang='lat' dir='ltr'>atque</span> <span class='ocrx_word' id='word_1_343' title='bbox 799 2333 883 2370; x_wconf 89' lang='lat' dir='ltr'>alibi</span> <span class='ocrx_word' id='word_1_344' title='bbox 920 2345 1007 2371; x_wconf 84' lang='lat' dir='ltr'>uera</span> <span class='ocrx_word' id='word_1_345' title='bbox 1032 2332 1254 2383; x_wconf 78' lang='lat' dir='ltr'>suppeditat.</span> <span class='ocrx_word' id='word_1_346' title='bbox 1305 2331 1458 2368; x_wconf 84' lang='lat' dir='ltr'>Frustra</span> <span class='ocrx_word' id='word_1_347' title='bbox 1485 2343 1570 2370; x_wconf 84' lang='lat' dir='ltr'>eum</span> 
     </span>
     <span class='ocr_line' id='line_1_38' title="bbox 125 2392 1571 2447; baseline -0.002 -14"><span class='ocrx_word' id='word_1_348' title='bbox 125 2397 306 2447; x_wconf 86' lang='lat' dir='ltr'>quaesiuit</span> <span class='ocrx_word' id='word_1_349' title='bbox 333 2396 499 2433; x_wconf 83' lang='lat' dir='ltr'>Heinsius</span> <span class='ocrx_word' id='word_1_350' title='bbox 526 2407 622 2432; x_wconf 87' lang='lat' dir='ltr'>anno</span> <span class='ocrx_word' id='word_1_351' title='bbox 651 2398 772 2443; x_wconf 83' lang='lat'><strong>1673,</strong></span> <span class='ocrx_word' id='word_1_352' title='bbox 801 2395 874 2434; x_wconf 82' lang='lat' dir='ltr'>uid.</span> <span class='ocrx_word' id='word_1_353' title='bbox 900 2408 987 2446; x_wconf 79' lang='lat' dir='ltr'>epp.</span> <span class='ocrx_word' id='word_1_354' title='bbox 1013 2395 1060 2433; x_wconf 87' lang='lat' dir='ltr'>ad</span> <span class='ocrx_word' id='word_1_355' title='bbox 1086 2395 1224 2432; x_wconf 86' lang='lat' dir='ltr'>Graeu.</span> <span class='ocrx_word' id='word_1_356' title='bbox 1253 2406 1291 2442; x_wconf 88' lang='lat' dir='ltr'>p.</span> <span class='ocrx_word' id='word_1_357' title='bbox 1308 2393 1397 2428; x_wconf 81' lang='lat'>150:</span> <span class='ocrx_word' id='word_1_358' title='bbox 1435 2392 1571 2430; x_wconf 77' lang='lat' dir='ltr'>frustra</span> 
     </span>
     <span class='ocr_line' id='line_1_39' title="bbox 125 2454 1571 2508; baseline -0.002 -12"><span class='ocrx_word' id='word_1_359' title='bbox 125 2471 195 2508; x_wconf 86' lang='lat' dir='ltr'>ego</span> <span class='ocrx_word' id='word_1_360' title='bbox 222 2457 598 2507; x_wconf 84' lang='lat' dir='ltr'>sperauiDarmstadii</span> <span class='ocrx_word' id='word_1_361' title='bbox 624 2457 718 2504; x_wconf 84' lang='lat' dir='ltr'>sore,</span> <span class='ocrx_word' id='word_1_362' title='bbox 746 2470 818 2507; x_wconf 92' lang='lat' dir='ltr'>quo</span> <span class='ocrx_word' id='word_1_363' title='bbox 847 2469 1019 2495; x_wconf 83' lang='lat' dir='ltr'>noueram</span> <span class='ocrx_word' id='word_1_364' title='bbox 1046 2462 1280 2506; x_wconf 82' lang='lat' dir='ltr'>recuperatos</span> <span class='ocrx_word' id='word_1_365' title='bbox 1300 2465 1323 2491; x_wconf 86' lang='lat' dir='ltr'>a</span> <span class='ocrx_word' id='word_1_366' title='bbox 1340 2454 1457 2491; x_wconf 77' lang='lat' dir='ltr'>Gallis</span> <span class='ocrx_word' id='word_1_367' title='bbox 1483 2454 1571 2494; x_wconf 80' lang='lat' dir='ltr'>olim</span> 
     </span>
     <span class='ocr_line' id='line_1_40' title="bbox 126 2519 918 2570; baseline -0.001 -12"><span class='ocrx_word' id='word_1_368' title='bbox 126 2519 302 2570; x_wconf 87' lang='lat' dir='ltr'>quosdam</span> <span class='ocrx_word' id='word_1_369' title='bbox 330 2519 518 2556; x_wconf 78' lang='lat' dir='ltr'>thesauros</span> <span class='ocrx_word' id='word_1_370' title='bbox 541 2519 740 2557; x_wconf 79' lang='lat' dir='ltr'>Rhenanus</span> <span class='ocrx_word' id='word_1_371' title='bbox 767 2520 918 2558; x_wconf 85' lang='lat' dir='ltr'>delatos.</span> 
     </span>
    </p>

    <p class='ocr_par' dir='ltr' id='par_1_10' title="bbox 127 2575 1573 2694">
     <span class='ocr_line' id='line_1_41' title="bbox 225 2575 1573 2631; baseline -0.003 -14"><span class='ocrx_word' id='word_1_372' title='bbox 225 2581 288 2618; x_wconf 80' lang='lat'>35.</span> <span class='ocrx_word' id='word_1_373' title='bbox 341 2584 376 2617; x_wconf 90' lang='grc'>2.</span> <span class='ocrx_word' id='word_1_374' title='bbox 418 2581 497 2616; x_wconf 86' lang='lat' dir='ltr'>Hoc</span> <span class='ocrx_word' id='word_1_375' title='bbox 525 2593 674 2619; x_wconf 88' lang='lat' dir='ltr'>numero</span> <span class='ocrx_word' id='word_1_376' title='bbox 702 2579 858 2619; x_wconf 86' lang='lat' dir='ltr'>indicaui</span> <span class='ocrx_word' id='word_1_377' title='bbox 885 2579 1061 2631; x_wconf 71' lang='lat' dir='ltr'>quicquid</span> <span class='ocrx_word' id='word_1_378' title='bbox 1081 2591 1103 2615; x_wconf 85' lang='lat' dir='ltr'>a</span> <span class='ocrx_word' id='word_1_379' title='bbox 1130 2578 1266 2615; x_wconf 85' lang='lat' dir='ltr'>Carolo</span> <span class='ocrx_word' id='word_1_380' title='bbox 1289 2577 1491 2627; x_wconf 86' lang='lat' dir='ltr'>Neapoli</span> <span class='ocrx_word' id='word_1_381' title='bbox 1515 2575 1573 2613; x_wconf 66' lang='lat' dir='ltr'>di«</span> 
     </span>
     <span class='ocr_line' id='line_1_42' title="bbox 127 2637 1571 2694; baseline -0.004 -12"><span class='ocrx_word' id='word_1_382' title='bbox 127 2656 256 2684; x_wconf 83' lang='lat' dir='ltr'>uersae</span> <span class='ocrx_word' id='word_1_383' title='bbox 281 2643 480 2694; x_wconf 83' lang='lat' dir='ltr'>scripturae</span> <span class='ocrx_word' id='word_1_384' title='bbox 507 2643 676 2692; x_wconf 83' lang='lat' dir='ltr'>traditur,</span> <span class='ocrx_word' id='word_1_385' title='bbox 707 2644 768 2693; x_wconf 88' lang='lat' dir='ltr'>qui</span> <span class='ocrx_word' id='word_1_386' title='bbox 796 2655 972 2693; x_wconf 82' lang='lat' dir='ltr'>nusquam</span> <span class='ocrx_word' id='word_1_387' title='bbox 1000 2647 1167 2681; x_wconf 77' lang='lat' dir='ltr'>accurate</span> <span class='ocrx_word' id='word_1_388' title='bbox 1192 2647 1281 2691; x_wconf 90' lang='lat' dir='ltr'>quot</span> <span class='ocrx_word' id='word_1_389' title='bbox 1301 2639 1445 2678; x_wconf 83' lang='lat' dir='ltr'>codices</span> <span class='ocrx_word' id='word_1_390' title='bbox 1469 2637 1571 2677; x_wconf 73' lang='lat' dir='ltr'>uide-</span> 
     </span>
    </p>
   </div>
  </div>
 </body>
</html>
