1685 2954
137 90 216 134 168
695 104 1014 134 Fas'ronvM

251 203 403 257 obfuit,
436 203 488 245 ad
514 203 668 258 rigidos
695 211 961 259 promptaque
988 205 1127 259 lingua
1154 217 1290 246 senes.
1497 210 1576 245 310
1639 186 1645 195 ⁸

195 272 376 314 Conscia
403 284 521 313 mens
549 273 650 313 recti
681 273 813 314 famae
841 272 1053 314 mendacia
1081 274 1180 326 risit,

246 338 334 379 Sed
364 352 438 380 nos
468 340 509 379 in
545 340 687 380 uitium
717 341 880 381 credula
910 342 1026 381 turba
1053 354 1206 381 sumus.

193 407 312 446 Haec
341 407 408 446 ubi
437 413 640 448 castarum
669 410 871 461 processit
900 410 950 448 ab
981 409 1143 462 agmine
1172 413 1342 448 matrum

249 474 306 524 Et
335 473 520 514 manibus
549 488 688 527 puram
719 475 893 516 fluminis
923 477 1060 517 hausit
1089 489 1247 528 aquam,

195 541 276 582 Ter
305 548 430 594 caput
456 543 607 595 irrorat,
637 548 700 583 ter
728 543 833 582 tollit
861 543 901 582 in
932 543 1101 582 aethera
1126 544 1301 595 palmas:
1501 546 1578 582 315

249 606 504 661 Quicumque
535 609 747 662 aspiciunt,
779 615 917 649 mente
946 622 1084 649 carere
1112 616 1275 661 putant:

194 675 503 728 Summissoque
532 689 643 730 genu
672 676 812 714 uoltus
841 674 881 714 in
909 674 1087 728 imagine
1117 675 1236 715 diuae

250 743 376 796 Figit‚
409 748 450 782 et
478 743 556 782 hos
586 742 671 781 edit
701 740 811 781 crine
841 742 1002 781 iacente
1032 754 1175 782 sonos:

197 809 405 863 Supplicis
436 811 541 850 alma
570 815 680 861 tuae,
711 809 888 862 genitrix
917 808 1093 849 fecunda
1122 810 1298 861 deorum,

250 875 410 930 Accipe
439 878 515 918 sub
547 883 660 918 certa
691 870 931 916 condicione
960 889 1119 929 preces.
1505 883 1584 917 320

197 945 330 985 Casta
356 957 495 998 negor.
534 943 570 984 si
599 950 643 984 tu
672 943 852 995 damnaS,
883 945 1080 984 meruisse
1110 944 1285 985 fatebor:

254 1013 390 1052 Morte
414 1013 522 1052 luam
550 1023 708 1064 poenas
736 1009 871 1051 iudice
900 1011 1010 1051 uicta
1038 1011 1129 1052 dea.

201 1079 287 1120 Sed
316 1079 353 1120 si
382 1079 533 1120 crimen
561 1079 695 1130 abest,
726 1083 768 1117 tu
796 1084 961 1118 nostrae
989 1079 1160 1133 pignora
1188 1080 1299 1120 uitae

253 1146 320 1186 Re
348 1146 476 1199 dabis,
508 1152 551 1186 et
579 1151 721 1186 castas
750 1151 868 1186 casta
896 1158 1070 1198 sequere
1098 1159 1253 1188 manus.

200 1211 326 1266 Dixit,
358 1219 403 1254 et
432 1214 585 1267 exiguo
615 1213 752 1254 funem
781 1212 996 1255 conamine
1024 1215 1169 1255 traxit:
1508 1219 1585 1256 325

197 1355 284 1389 310.
321 1351 414 1389 Obf.
442 1358 479 1389 et
505 1351 637 1401 rigidos
669 1353 784 1390 Gbm.
832 1351 920 1390 Obs.
948 1359 985 1390 et
1011 1353 1056 1389 ad
1083 1353 1215 1402 rigidos
1241 1365 1273 1390 r.
1324 1353 1412 1390 obs.
1440 1355 1474 1390 in
1504 1355 1590 1403 rigi-

149 1402 215 1439 dos
241 1399 299 1439 Π.
350 1402 481 1439 obfuit
517 1410 554 1439 et
589 1403 694 1452 rigidi
722 1411 962 1453 promptaque
996 1407 1058 1440 20.
1108 1410 1322 1453 promtaque
1349 1402 1441 1440 ΒΓ.
1487 1404 1589 1452 rigid.

151 1454 349 1503 linguaque
373 1460 544 1502 prompta
571 1454 595 1491 h
620 1452 710 1490 alit?
735 1459 769 1490 et
793 1458 879 1490 παπ.
906 1453 960 1490 cd.
1006 1460 1176 1504 prompta
1201 1455 1321 1502 lingua
1347 1458 1467 1491 Ema.
1484 1467 1540 1503 pr.
1558 1454 1589 1500 f.

150 1504 275 1552 lingua
301 1515 410 1540 senex
438 1506 483 1540 E.
531 1505 652 1552 lingua
678 1505 771 1540 senis
798 1507 925 1540 Euar.
941 1516 1011 1542 scr.
1050 1505 1171 1553 lingua
1196 1517 1303 1540 sonos
1330 1506 1457 1541 caeteri
1481 1516 1592 1552 prae-

152 1558 206 1590 ter
231 1566 320 1602 quos
344 1565 486 1602 sequor,
512 1555 548 1590 A
560 1557 591 1591 B
605 1555 675 1591 ΟΒ
685 1557 718 1590 F
729 1556 762 1591 G
773 1552 949 1600 FEbfm
961 1568 984 1604 p
995 1567 1014 1591 r
1023 1567 1096 1590 nm.
1106 1566 1161 1603 pr.
1173 1567 1192 1590 s
1201 1556 1224 1589 6
1236 1557 1283 1589 10
1295 1558 1339 1589 12
1351 1558 1399 1589 22
1409 1557 1457 1589 33
1476 1553 1593 1590 trede-
1638 1588 1642 1589 ⁷
1669 1530 1672 1534 -

154 1606 223 1642 cim
249 1603 353 1640 alios.
462 1608 547 1640 311.
584 1613 683 1640 niens
712 1606 788 1641 ueri
812 1602 900 1641 BA
909 1602 946 1639 E
955 1618 1016 1641 ms
1039 1604 1172 1652 fraym.
1200 1603 1330 1640 Fricdl.
1359 1608 1450 1641 octo.
1494 1616 1594 1641 mens

153 1654 241 1690 facti
268 1658 352 1690 tres.
392 1655 480 1690 recti
506 1652 648 1703 linguae
674 1657 752 1691 P3.
792 1655 972 1691 mendatia
1003 1657 1049 1691 G.
1088 1653 1206 1691 mend.
1235 1654 1326 1690 ridet
1352 1653 1595 1702 bynta.soc.h

155 1702 237 1750 flor.
268 1703 388 1740 Berol.
417 1704 554 1753 aliquot
580 1709 613 1740 et
638 1709 725 1742 uolt.
752 1705 827 1750 εὼς
859 1703 1079 1741 ‹Dani-,scia
1097 1706 1311 1741 test.Heins.
1422 1708 1508 1741 312.
1543 1706 1595 1742 ui-

88 1762 93 1768 ⁴
160 1755 252 1798 cium
280 1755 416 1792 DEG.
519 1758 604 1790 313.
635 1761 721 1791 cast.
750 1755 894 1791 secessit
918 1752 963 1790 Σ.
1013 1761 1098 1790 cast.
1127 1754 1291 1804 procedit
1317 1758 1378 1791 23.
1417 1762 1594 1792 castarum

160 1799 290 1854 procul
316 1805 388 1840 exit
414 1805 460 1841 ab
486 1807 548 1841 41.
588 1817 689 1854 proc.
711 1805 755 1841 ad
784 1817 877 1854 agm.
906 1808 954 1841 28
966 1808 1026 1841 33.
1068 1805 1112 1840 ab
1138 1817 1206 1842 om.
1233 1803 1266 1840 b.
1367 1807 1454 1842 314.
1481 1805 1597 1843 haurit

161 1854 246 1891 duo.
347 1856 434 1891 315.
461 1855 598 1891 inrorat
622 1853 670 1891 Γ.
713 1856 788 1891 toll.
817 1855 863 1891 ad
889 1854 985 1892 aeth.
1009 1858 1040 1891 B
1055 1854 1218 1904 Ohmps
1243 1854 1380 1904 aliquot
1397 1860 1430 1891 ct
1446 1855 1596 1893 «celnod.

163 1905 241 1941 ton.
271 1904 317 1939 ad
343 1906 462 1941 sidera
488 1918 519 1941 s.
559 1906 636 1943 toll.
664 1906 710 1941 ab
736 1905 884 1942 aethere
908 1917 1014 1942 unus.
1053 1905 1128 1942 toll.
1157 1905 1202 1941 ad
1229 1917 1314 1941 aera
1331 1918 1436 1942 wius.
1476 1907 1510 1942 in
1537 1918 1597 1943 ae·

162 1955 265 1991 there
290 1953 369 1991 OG)
391 1960 467 1991 test.
488 1958 613 1992 Heius.
633 1953 763 1992 P²P>3
777 1961 860 1993 tres.
900 1956 934 1992 in
961 1968 1045 1992 aere
1071 1957 1155 1992 EN
1178 1955 1285 1992 alites.
1363 1972 1370 1981 s
1387 1957 1473 1992 317.
1501 1956 1597 1993 Sub·

161 2005 340 2054 missaque
367 2003 415 2040 Γ.
462 2007 549 2042 uult.
578 2005 669 2050 libri,
697 2009 806 2043 etiam
831 2005 914 2052 Ilf„
939 2011 1080 2054 practer
1105 2007 1153 2041 A.
1199 2006 1392 2055 uultusque
1417 2007 1450 2041 in
1478 2009 1521 2043 P.
1561 2007 1596 2043 in

162 2068 232 2092 om.
260 2059 305 2092 Ε.
346 2055 463 2092 uultus
491 2056 670 2104 inmagine
696 2059 746 2093 D.
851 2059 936 2093 318.
964 2057 1047 2092 Fiiit
1073 2054 1122 2091 Γ.
1160 2056 1255 2092 Fixit
1281 2056 1304 2093 h
1321 2061 1407 2093 velt.
1425 2055 1477 2093 ed.
1516 2057 1598 2106 Egit
1619 2098 1621 2102 Α

162 2109 225 2144 Μ.
267 2112 304 2142 et
330 2106 404 2142 edit
432 2118 493 2142 eos
520 2107 617 2143 crine
642 2109 707 2143 20.
748 2106 812 2143 hos
839 2107 912 2155 egit
938 2107 1036 2142 crine
1062 2105 1128 2152 11f.
1143 2106 1167 2143 h
1190 2117 1268 2142 sex.
1312 2107 1377 2144 hos
1404 2108 1500 2143 crine
1525 2107 1597 2155 egit
1623 2126 1655 2144 .-

162 2158 231 2193 iac.
253 2159 296 2193 E.
338 2156 403 2192 hos
423 2157 507 2205 legit
520 2169 626 2193 unus.
666 2156 731 2193 hos
748 2156 866 2194 reddit
886 2159 945 2194 17.
984 2169 1089 2194 senos
1110 2159 1144 2193 E
1153 2168 1290 2205 nicapr.
1393 2159 1476 2193 319.
1501 2156 1595 2203 Sub-

159 2207 262 2256 plicis
287 2219 320 2244 r.
358 2206 512 2256 Suplicis
540 2205 629 2244 ΕΓ.
670 2207 850 2256 Simplicis
870 2204 917 2244 Σ.
956 2210 1117 2254 genetrix
1140 2205 1205 2242 (1222
1223 2206 1292 2243 ΓΙ).
1332 2219 1413 2256 gen.
1440 2205 1596 2242 secunda

161 2257 285 2303 114².st
336 2269 418 2305 gen.
446 2258 603 2294 facunda
635 2255 702 2294 ²1¹<
729 2258 822 2294 soec.
850 2257 902 2294 cd.
931 2257 1058 2294 Elzeu.
1161 2260 1248 2294 320.
1287 2258 1414 2306 Aspice
1439 2256 1506 2292 sub
1532 2258 1594 2291 20.

163 2315 262 2343 certa
288 2308 442 2343 coitione
468 2307 534 2354 Ilf.
578 2308 781 2344 conditione
807 2307 890 2345 libri
914 2313 1057 2356 praeter
1086 2309 1132 2345 G.
1235 2311 1320 2344 321.
1356 2307 1462 2343 Casta
1488 2317 1597 2354 negat

162 2357 360 2406 (mmpr.)
386 2357 448 2394 sed
483 2365 520 2394 tu
558 2358 727 2394 meruisse
760 2358 825 2394 sat.
852 2357 883 2404 f.
937 2358 1113 2408 dampnas
1140 2360 1280 2405 DEG,
1307 2368 1375 2393 non
1400 2355 1466 2401 111⁶.

209 2410 296 2443 322.
323 2416 438 2455 penas·
460 2411 547 2453 DE,
573 2413 614 2444 ut
637 2420 784 2456 semper,
810 2420 880 2444 mm
899 2408 965 2454 lis.
1004 2422 1113 2458 poen.
1140 2409 1256 2445 indice
1286 2410 1326 2444 F.
1368 2405 1435 2442 dea
1462 2412 1515 2441 est
1534 2403 1594 2444 Λ.

211 2458 299 2503 325,
327 2459 411 2501 324,
440 2462 528 2505 321,
556 2463 642 2505 322,
669 2462 758 2505 323,
785 2461 859 2496 326
884 2463 1026 2508 irunsp.
1047 2459 1076 2505 f.
1179 2461 1263 2494 323.
1290 2457 1329 2492 Si
1356 2456 1439 2491 mihi
1465 2457 1597 2492 crimen

164 2506 243 2544 Db.
282 2506 357 2542 Sed
383 2509 411 2543 si
438 2506 521 2544 mihi
549 2510 681 2545 crimen
701 2506 747 2544 Σ.
782 2514 925 2545 nostrae
952 2511 1096 2545 crimina
1116 2509 1209 2544 uitae
1229 2509 1408 2553 Gunapr.
1448 2507 1600 2554 pignora

161 2568 270 2595 curae
293 2558 333 2593 G.
436 2562 481 2594 32
490 2560 522 2595 4.
550 2560 619 2596 Rei
645 2560 746 2595 dabis
769 2561 815 2596 B.
855 2559 1002 2596 Reddas
1029 2567 1064 2596 et
1082 2562 1117 2595 D
1132 2554 1248 2594 GAb
1264 2561 1309 2592 33
1331 2568 1408 2593 sex.
1454 2555 1598 2593 Reddes

161 2612 199 2695 iet
225 2607 248 2643 5
262 2609 306 2642 13
318 2609 369 2642 20
384 2613 551 2693 ᾳ“ιι1α’ῑιιον.
591 2621 744 2660 sequare
761 2606 852 2646 DA
870 2607 936 2646 ‘Pb
947 2614 968 2649 5
983 2612 1026 2646 13
1037 2611 1087 2645 20
1097 2611 1142 2644 33
1164 2607 1288 2644 (lucem.
1395 2608 1479 2644 325.
1507 2606 1597 2654 exig.

179 2669 288 2694 unere
313 2669 393 2696 con.
461 2685 469 2694 .
