1685 2954
699 53 756 81 DE
786 52 920 81 FERIIS
1425 49 1541 78 CLVII

94 166 133 206 p.
147 156 237 204 340,
258 155 362 192 7sin.
388 153 650 203 suppleuerunt
677 157 763 188 ante
786 151 1019 199 Muellerum,
1044 151 1101 188 cui
1126 150 1235 201 plane
1260 149 1448 187 assentior.
1496 149 1540 187 Si

94 217 220 254 missos
247 216 358 254 facias
381 226 509 266 pueros
537 214 691 251 linonios
723 213 871 250 feriatos
898 213 965 250 Vll
990 212 1050 250 Kl'
1077 213 1163 250 Mai.
1191 211 1387 249 seeundum
1415 210 1538 250 Verrii

95 279 254 315 tabulam
281 277 549 314 Praenestinam
577 282 614 311 et
641 287 684 311 ea
710 275 883 323 collegia,
920 274 966 310 ad
993 286 1087 324 quae
1113 275 1362 324 Quinquatrus
1391 280 1429 310 et
1453 273 1539 311 Idus

95 339 216 376 Maiae
249 338 468 389 potissimum
505 337 778 386 pertinuerunt,
814 335 888 375 uid.
916 334 989 372 Ou.
1019 339 1056 383 3,
1075 338 1146 373 821
1167 349 1260 386 sqq„
1293 335 1331 384 5,
1350 334 1422 371 675
1442 348 1539 385 sqq.‚

96 407 235 438 restant
260 400 372 436 seriae
398 399 633 448 piscatorum,
660 396 806 446 quando
827 396 922 433 diem
940 397 1074 444 festum
1089 398 1229 447 scripsit
1248 397 1451 454 Ouidius'u.
1465 399 1541 434 239

97 469 135 499 et
160 473 283 498 omnes
309 460 390 497 festi
416 466 500 496 sunt
525 459 647 497 feriati
672 458 868 495 secundum
897 459 1011 495 Macr.
1037 466 1105 495 sat.
1136 463 1172 506 l,
1199 463 1241 495 11
1270 466 1378 506 extu,
1412 458 1462 495 VI
1487 458 1541 495 ld.

97 524 191 568 1un.‚
227 523 276 558 uti
309 534 421 571 supra
458 521 748 557 demonstrabam
778 532 982 568 p.1.xvn,
1019 526 1056 557 et
1083 520 1274 557 Kalendae
1300 521 1459 570 Apriles,
1495 520 1542 558 de

97 596 249 634 quarum
274 584 372 620 seriis
399 582 496 632 quod
523 583 607 619 satis
634 588 688 618 est
714 582 825 632 paulo
853 582 1007 619 antehac
1032 582 1103 618 dixi
1130 595 1166 632 p.
1182 594 1370 618 cxxxvu
1392 588 1428 619 et
1447 594 1542 620 ext..

196 646 384 683 Feriarum
411 652 584 681 statarum
612 644 800 681 discrimen
827 645 896 681 suit
917 644 1139 694 potissimum
1162 645 1336 680 maiorum
1364 650 1402 680 et
1429 646 1544 681 mino-

96 720 190 744 rum.
245 707 383 744 Omnes
409 707 562 756 signari‚
590 707 647 743 uel
675 707 865 756 significari
891 706 1016 742 litteris
1042 705 1108 741 NP
1136 705 1171 741 in
1198 705 1329 741 tabulis
1354 717 1464 754 supra
1491 711 1546 742 est

98 775 276 806 notatum.
331 769 469 807 Omnes
503 782 574 805 uno
607 768 665 805 die
698 768 1015 817 transigebantur,
1050 779 1124 803 non
1159 766 1334 803 continuis
1360 766 1545 816 pluribus:

97 831 197 880 quod
225 844 309 867 num
335 832 372 867 in
398 832 587 867 annalibus
615 837 652 867 et
679 829 899 878 conceptiuis
925 828 1021 864 idem
1046 829 1093 865 sit
1113 829 1360 876 obseruatum,
1387 841 1460 865 non
1487 842 1546 865 sa-

98 893 142 929 tis
174 892 291 929 habeo
319 894 560 943 exploratum.
613 891 861 928 Tertullianus
889 902 934 926 ex
961 890 1176 926 auctoritate
1201 889 1323 926 Verrii
1349 889 1471 926 Flacci
1495 890 1547 927 ita

97 955 241 1004 scripsit
274 954 320 991 de
354 955 534 991 idololatr.
565 967 603 1003 p.
620 955 695 989 622
722 952 781 988 ed.
808 952 916 988 Pan:
955 953 1058 988 Nam
1089 950 1239 987 ethnicis
1264 951 1371 988 semel
1402 964 1548 989 annuus

99 1015 176 1053 dies
201 1018 347 1065 quisque
372 1016 489 1063 festus
513 1020 566 1052 est
585 1028 653 1051 -ε
680 1025 827 1063 excerpe
851 1013 1017 1061 singulas
1041 1013 1276 1050 solennitates
1299 1016 1489 1051 nationum
1515 1018 1550 1051 et

98 1079 138 1115 in
163 1077 322 1114 ordinem
346 1083 447 1125 texe,
481 1081 703 1126 pentecosten
738 1075 883 1125 implere
916 1087 988 1112 non
1013 1080 1192 1124 poterunt.
1244 1074 1344 1111 Idem
1371 1077 1550 1126 excerpsit

97 1139 230 1176 Festus
257 1152 293 1188 p.
310 1139 398 1186 257,
423 1143 442 1174 1
466 1139 552 1185 sin.,
591 1138 650 1174 ubi
687 1137 733 1173 de
760 1137 1048 1186 Quinquatribus
1074 1136 1302 1172 Varroniana
1334 1137 1380 1172 de
1407 1138 1431 1175 l.
1459 1138 1483 1174 l.
1510 1140 1550 1186 6,

101 1201 150 1237 14
176 1207 431 1250 exponuntur,
465 1212 560 1250 quae
587 1199 787 1249 neglexisse
814 1198 989 1235 Ouidium
1016 1200 1054 1245 3,
1081 1199 1157 1233 810
1181 1203 1296 1247 patet.
1349 1198 1550 1237 Minoribus

99 1261 196 1298 feriis
223 1263 367 1299 statutis
394 1274 570 1298 accenseo
596 1273 720 1298 omnes
747 1267 900 1311 propter
921 1259 1118 1296 Caesarum
1146 1271 1203 1296 res
1231 1266 1349 1309 gestas
1374 1261 1410 1297 in
1437 1260 1550 1299 fastos

99 1323 337 1371 introductas,
365 1323 412 1360 de
440 1324 570 1373 quibus
598 1323 697 1373 quod
723 1323 809 1359 satis
836 1323 881 1358 sit
907 1322 944 1358 in
970 1320 1214 1371 superioribus
1243 1328 1298 1357 est
1324 1328 1549 1360 annotatum.

99 1385 292 1422 Proximae
324 1385 391 1421 illis
425 1393 509 1422 sunt
543 1397 637 1436 quae
667 1391 820 1435 propter
848 1383 1066 1433 templorum
1094 1389 1130 1420 et
1155 1383 1369 1420 sacellorum
1401 1383 1551 1421 dedica-

100 1448 217 1485 tiones
243 1447 429 1483 institutae
454 1459 528 1483 non
555 1459 680 1484 omnes
708 1445 868 1484 eiusdem
895 1445 999 1482 fuere
1025 1445 1254 1482 celebritatis.
1302 1446 1395 1482 Cum
1423 1445 1469 1483 de
1495 1453 1552 1484 ta-

100 1510 187 1546 bula
213 1508 398 1546 Maffeana
424 1508 689 1559 disceptarem,
726 1508 833 1546 docui
858 1508 905 1545 de
929 1508 993 1556 iis,
1027 1518 1122 1557 quae
1148 1507 1280 1543 leuiter
1309 1507 1488 1545 indicatae
1513 1509 1552 1546 in

103 1582 148 1608 ea
172 1571 423 1620 reperiunturt
460 1572 489 1607 si
520 1571 784 1621 disputationes
819 1570 865 1607 de
899 1570 1039 1607 sacellis
1066 1567 1289 1618 aedibusque
1323 1570 1432 1606 sacris
1459 1569 1552 1607 Oui-

105 1631 220 1669 dianis
246 1632 396 1679 adieris,
422 1633 622 1682 intelliges,
650 1646 732 1669 cum
760 1631 1023 1669 uniuscuiusuis
1048 1630 1283 1667 dedicationis
1309 1642 1418 1667 causa
1442 1630 1551 1668 ferias

104 1692 218 1730 fuisse
245 1700 344 1730 certo
372 1699 526 1741 constet,
554 1706 643 1743 quas
665 1694 844 1730 addiderit
863 1692 1036 1730 Ouidius:
1062 1693 1091 1728 si
1113 1704 1207 1741 quae
1227 1692 1419 1742 utrobique
1445 1694 1554 1729 omis-

105 1766 168 1791 sae
194 1760 299 1802 sunt,
332 1755 496 1804 proxima
523 1757 545 1800 §
572 1757 868 1792 recensebantur.
923 1755 1050 1802 Itaque
1076 1753 1229 1789 maiores
1253 1752 1362 1790 serias
1389 1756 1554 1804 appella-

106 1815 220 1852 uerim
247 1826 329 1862 eas,
366 1827 519 1865 quarum
546 1817 743 1866 peculiaria
768 1816 911 1852 nomina
935 1827 1018 1850 cum
1048 1815 1083 1849 in
1110 1814 1212 1849 fastis
1238 1815 1447 1851 marmoreis
1474 1816 1554 1865 qui-

105 1876 229 1913 busuis
265 1876 492 1924 indicantur,
528 1883 603 1914 tum
641 1889 663 1914 a
688 1878 854 1914 Varrone
881 1876 926 1912 de
954 1876 977 1912 l.
1004 1876 1028 1912 l.
1057 1877 1096 1923 6,
1125 1878 1289 1911 12—23
1317 1876 1555 1926 explicantur.

106 1938 244 1975 Earum
272 1939 430 1975 omnium
456 1951 639 1989 peraeque
665 1940 812 1988 insignis
839 1938 908 1975 fuit
934 1943 1109 1985 uetustas,
1135 1938 1165 1974 si
1191 1937 1391 1974 discesseris
1418 1939 1463 1974 ab
1481 1942 1555 1975 Au-

108 2000 306 2048 gustalibus
333 2000 383 2037 IV
409 2000 462 2036 ld.
490 1999 592 2048 Oct.,
628 2013 722 2050 quae
739 2000 919 2036 ‚obnoxia
951 2000 1033 2036 aeui
1060 1998 1232 2036 Ouidiani
1258 2000 1418 2049 prauitas
1444 2001 1556 2037 inter-

49 2068 54 2073 '
106 2061 240 2111 posuit.
293 2061 529 2110 Reliquarum
557 2062 673 2098 nullas
694 2063 762 2099 Cn.
782 2062 926 2109 Flauio,
953 2062 1061 2097 immo
1088 2061 1243 2097 fortasse
1269 2061 1385 2098 nullas
1413 2062 1556 2100 decem-

106 2123 195 2159 uiris
222 2122 360 2172 legibus
386 2123 583 2160 scribendis
609 2131 752 2161 constat
777 2136 856 2161 esse
885 2124 1126 2160 recentiores:
1153 2123 1285 2172 partim
1313 2123 1473 2161 ultimam
1500 2132 1557 2162 at-

107 2184 250 2234 tingunt
276 2185 541 2234 antiquitatem,
568 2187 699 2235 partim
721 2199 793 2223 non
821 2186 928 2235 longe
948 2184 1121 2222 differunt
1143 2197 1164 2221 a
1184 2186 1379 2223 minoribus
1405 2193 1558 2237 propter

107 2246 327 2296 templorum
353 2245 599 2284 dedicationes
626 2260 671 2285 ex
696 2248 736 2285 S.
766 2249 809 2285 C.
837 2249 1054 2298 plerumque
1087 2246 1251 2283 inductis.
1305 2247 1401 2285 Nam
1429 2255 1466 2286 et
1492 2251 1558 2286 mi-

108 2319 190 2344 rum
217 2314 297 2355 est,
324 2313 362 2344 et
388 2314 526 2344 certum
541 2309 748 2359 ,Megalesia
775 2315 812 2346 et
838 2309 1018 2357 Floralia,
1054 2321 1149 2359 quae
1176 2316 1317 2346 constat
1342 2310 1498 2350 saeculo*
1514 2311 1560 2348 ab

108 2369 157 2407 V.
186 2370 232 2407 C.
256 2376 359 2407 sexto
386 2371 550 2407 instituta
576 2383 669 2420 esse,
697 2384 916 2422 quamquam
944 2372 1066 2421 priora
1092 2383 1114 2408 a
1143 2371 1306 2408 Varrone
1332 2374 1354 2419 §
1377 2372 1438 2421 15,
1465 2373 1560 2410 scili-

109 2436 169 2468 cet
193 2438 346 2481 propter
371 2431 541 2469 ludorum
566 2432 643 2469 dies
667 2432 814 2470 deor-um
841 2446 956 2470 causa
980 2435 1188 2480 institutos,
1216 2439 1471 2481 recensentur,
1498 2445 1561 2470 eo-

111 2492 194 2529 dem
221 2493 329 2530 modo
356 2506 399 2530 ac
425 2495 583 2544 reliquos
610 2496 645 2531 in
672 2495 773 2531 fastis
807 2496 912 2531 nullis
938 2495 1139 2544 perscripta
1164 2494 1301 2532 haberi.
1355 2495 1562 2531 Nouissima

112 2552 220 2601 igitur
245 2561 330 2592 sunt
349 2547 569 2604 Fordicidia,
595 2556 788 2600 Liberalia,
817 2557 995 2593 Cerealia.
1048 2555 1255 2593 Fordicidia
1280 2558 1309 2593 si
1335 2557 1476 2593 Telluri
1504 2570 1562 2592 re·-

113 2612 342 2666 sidebantur,
377 2624 488 2667 prout
525 2617 611 2655 dicit
636 2616 790 2655 Ouidius
816 2619 854 2666 4,
877 2618 972 2664 665,
1011 2608 1119 2668 quam
1153 2630 1229 2655 rem
1263 2629 1381 2668 paene
1416 2616 1562 2653 dubiam
