1685 2954
586 155 687 186 me.
718 153 932 186 sexrvs
1207 184 1211 185 ⁷
1405 134 1490 179 255

97 261 271 302 Auferat
297 272 351 300 ex
378 257 509 300 oeulis
537 255 709 297 ueniens
738 266 881 296 aurora
909 254 1074 307 booten,

156 327 442 380 continuaque
470 323 537 365 die
566 323 682 366 sidus
711 323 891 379 Hyantis
920 321 1006 363 erit.
1409 319 1490 358 734

463 735 702 778 LIBER
748 732 1073 775 SEXTVS.

102 903 208 961 Hie
237 931 401 973 quoque
429 915 585 958 mensis
613 915 741 957 habet
769 913 915 955 dubias
942 913 983 954 in
1011 911 1175 954 nomine
1205 925 1378 955 causas:

159 988 278 1041 Quae
306 989 511 1041 placeant,
539 987 687 1040 positis
715 985 901 1025 omnibus
929 982 1021 1036 ipse
1049 984 1182 1037 leges.

102 1058 239 1099 Facta
269 1069 427 1098 canam.
468 1054 547 1096 sed
576 1058 704 1105 erunt,
735 1053 803 1105 qui
832 1065 897 1092 me
926 1051 1098 1092 finxisse
1127 1053 1356 1106 loquantur,

159 1126 366 1178 Nullaque
396 1123 555 1164 mortali
583 1121 746 1162 numina
775 1122 867 1161 uisa
895 1125 1052 1173 putent.

103 1195 183 1235 Est
211 1193 315 1233 deus
343 1191 384 1232 iu
412 1191 544 1244 nobis,
573 1190 759 1244 agitante
789 1189 1037 1230 calescimus
1065 1188 1152 1228 illo:
1475 1190 1499 1227 5

159 1260 343 1312 Impetus
371 1259 440 1300 hie
469 1271 615 1299 sacrae
644 1257 802 1297 semina
828 1257 977 1296 mentis
1005 1256 1145 1296 habet.

104 1327 192 1368 Fas
219 1326 315 1366 mihi
342 1326 562 1380 praecipue
588 1325 726 1364 uoltus
755 1322 911 1363 uidisse
939 1321 1118 1375 deorum,

160 1394 243 1434 Vel
272 1394 368 1447 quia
398 1406 490 1434 sum
517 1398 651 1444 uates,
681 1391 749 1431 uel
779 1388 875 1443 quia
902 1401 1022 1430 saera
1051 1402 1168 1431 cano.

107 1462 187 1502 Est
213 1473 361 1502 nemus
390 1461 600 1501 arboribus
629 1460 814 1510 densum,
843 1463 1034 1499 secretus
1063 1458 1114 1498 ab
1144 1458 1251 1498 omni

159 1528 279 1569 Voee
308 1529 439 1581 loeus,
469 1529 506 1569 si
533 1540 615 1568 non
645 1527 949 1580 obstreperetur
977 1525 1111 1579 aquis.
1454 1532 1506 1566 10

107 1593 190 1635 Hie
219 1608 300 1649 ego
330 1596 592 1649 quaerebam,
622 1595 762 1648 coepti
791 1607 896 1648 quae
924 1595 1080 1635 mensis
1109 1592 1225 1649 origo

164 1663 308 1714 Esset,
337 1668 381 1702 et
407 1663 449 1702 in
477 1676 575 1704 cura
602 1663 777 1704 nominis
806 1663 928 1704 huius
957 1675 1080 1704 eram.

53 1773 194 1822 reliqui.
243 1773 376 1809 boeten
404 1770 679 1820 (G?)DEGE
691 1774 800 1811 bma.
817 1786 886 1810 sec.
931 1774 1075 1810 boetem
1102 1772 1157 1810 M
1165 1771 1210 1809 N
1219 1771 1429 1823 OHAep.

106 1826 196 1861 734.
226 1824 483 1873 Continuoque
513 1822 564 1861 Ψ.
606 1825 901 1872 Continuumque
926 1824 1003 1860 dies
1028 1824 1095 1861 sid.
1119 1827 1200 1860 Zm
1216 1837 1287 1861 ma.
1304 1837 1360 1874 pr.
1401 1826 1506 1866 iantis

55 1877 105 1912 D.
145 1874 251 1921 biatis
275 1877 322 1913 E.
360 1875 490 1911 hiantis
521 1876 570 1911 G.
610 1874 753 1911 Gloss.:
782 1873 861 1922 erit]
890 1875 1081 1924 apparebit
1107 1877 1156 1910 D.
1196 1876 1331 1911 orietur
1356 1878 1400 1912 E.
1442 1889 1507 1914 ex-

55 1925 155 1975 plicit
177 1924 325 1975 quintus
356 1927 403 1963 G.
445 1925 605 1975 Explicit
631 1925 776 1974 quintus
801 1925 876 1962 lib'.
902 1925 1011 1975 incip.
1041 1928 1110 1962 vl'.
1138 1925 1185 1962 de
1211 1928 1288 1963 ffise
1313 1927 1400 1963 iunii
1425 1926 1459 1965 b.

105 2041 306 2080 SEXTVS
333 2041 487 2078 LIBER
512 2041 699 2079 lNCIPIT
729 2045 774 2079 B.
827 2042 869 2079 P.
891 2041 1047 2079 0V1D11
1072 2042 1291 2081 NASONIS
1318 2044 1508 2082 FASTO·

55 2093 167 2131 RVM
190 2092 344 2130 LIBER
360 2092 412 2129 Vl
437 2093 506 2130 ET
537 2093 760 2130 VLTIMVS
787 2093 972 2130 INCIPIT
997 2106 1034 2143 p.
1074 2094 1186 2131 Liber
1206 2096 1266 2131 vl'
1283 2095 1459 2133 fastorum
1479 2101 1507 2134 t.

107 2171 156 2209 V.
178 2174 215 2210 l.
249 2169 333 2207 hab.
362 2171 480 2208 uarias
505 2183 612 2209 unus.
651 2170 736 2209 dub.
751 2185 813 2222 gx
839 2185 935 2210 nom.
962 2174 1058 2210 DG.
1097 2172 1185 2210 dub.
1211 2172 1258 2211 de
1285 2187 1382 2211 nom.
1409 2172 1509 2225 Hpt

56 2222 105 2258 41
131 2232 212 2259 sex.
260 2221 347 2258 dub.
375 2222 442 2258 sub
469 2235 569 2258 nom.
597 2219 674 2271 Σ9.
777 2226 814 2259 2.
843 2223 987 2272 placeat
1011 2235 1043 2260 r.
1085 2224 1231 2272 placent
1254 2228 1315 2262 M.
1353 2226 1431 2275 ipse
1456 2226 1510 2263 le-

57 2283 122 2321 gas
148 2273 269 2309 1220.
309 2273 386 2322 ipse
411 2273 492 2322 lege
507 2274 626 2322 2233.
730 2276 767 2310 3.
794 2276 883 2310 Acta
909 2274 1006 2323 leges
1032 2275 1097 2310 sed
1121 2277 1165 2311 Τ.
1206 2277 1297 2312 Acta
1323 2287 1403 2313 cau.
1424 2275 1507 2314 duo.

56 2323 157 2363 Vera
183 2334 264 2359 can.
291 2322 433 2360 balius.
475 2323 539 2360 sed
566 2324 610 2360 e?
632 2324 695 2372 qui
720 2323 798 2362 Db.
838 2323 903 2362 sed
930 2326 998 2362 erit
1028 2322 1080 2363 Ψ.
1118 2326 1239 2362 fixisse
1265 2325 1295 2372 f.
1336 2326 1422 2364 finx.
1448 2326 1507 2363 fa-

58 2377 183 2413 tentur
209 2375 255 2412 E.
307 2372 394 2410 finx.
430 2374 598 2424 loquatur
629 2372 681 2412 Ψ.
738 2375 824 2412 finx.
852 2376 1049 2425 loquentur
1083 2373 1213 2413 GHA
1236 2376 1350 2414 decem
1374 2376 1450 2424 fere
1474 2382 1509 2415 et

60 2427 146 2461 weit.
165 2422 237 2469 ed.;
261 2435 469 2474 puar.scr.
580 2426 616 2462 4.
651 2431 784 2475 putant
813 2427 858 2463 0.
969 2427 1006 2464 5.
1042 2428 1128 2464 nob.
1156 2427 1343 2475 flagitante
1371 2426 1404 2464 b.

110 2474 148 2509 6.
173 2475 264 2524 Imp.
292 2474 377 2511 hinc
401 2471 508 2511 NH.
547 2487 651 2517 sacr.
678 2478 804 2513 semita
831 2473 878 2514 Σ.
924 2489 1017 2514 sacr.
1044 2477 1181 2514 somnia
1206 2481 1270 2515 22.
1315 2490 1409 2516 sacr.
1435 2491 1506 2516 no-

61 2522 158 2560 mina
182 2526 244 2561 29.
286 2525 419 2562 mensis
447 2525 479 2572 f.
581 2528 619 2562 7.
645 2526 721 2564 uid.
748 2527 896 2564 dearum
919 2524 994 2564 ΣΙ).
1098 2530 1134 2565 8.
1161 2529 1233 2564 Aut
1257 2541 1293 2579 q.
1320 2542 1350 2566 s.
1378 2542 1415 2567 u.
1443 2536 1508 2566 aut

66 2575 112 2612 Τ.
209 2576 247 2611 9.
274 2577 393 2613 arbor.
422 2576 543 2613 densis
568 2575 650 2614 ᾶιιο.
689 2578 791 2615 dens.
812 2590 959 2615 securus
983 2579 1028 2615 ab
1045 2575 1102 2615 A.
1203 2581 1263 2616 10.
1291 2592 1364 2617 non
1391 2576 1506 2617 astre-

62 2628 212 2672 peretur
227 2627 302 2674 Ε9.
339 2639 412 2665 non
431 2633 726 2677 constreperetur
746 2630 790 2666 0.
831 2641 904 2665 non
923 2629 1167 2678 obstiperetur
1186 2628 1354 2680 bma.pr.
1392 2632 1505 2667 obstr.

63 2685 159 2723 aqua
175 2676 226 2711 D.
267 2677 378 2715 obstr.
399 2678 475 2715 auis
495 2679 555 2715 14.
660 2682 721 2716 11.
748 2680 842 2716 Hinc
867 2691 936 2729 ego
961 2678 1041 2717 edd.
1056 2679 1150 2718 Rub.
1164 2680 1507 2719 Vic.Ald.Mediol.

114 2727 175 2763 12.
202 2725 238 2763 in
264 2737 372 2765 causa
396 2741 494 2767 nom.
521 2729 567 2767 Ε.
