1685 2954
187 96 246 127 Lx
703 118 708 124 .
795 97 1021 128 msronch

188 196 237 234 de
263 209 334 247 qua
361 196 445 234 uide
469 195 563 233 infra
588 195 761 234 Varronis
786 197 847 235 lib.
875 210 903 234 v
930 198 973 235 de
997 198 1162 246 sacellis,
1197 206 1235 236 et
1269 198 1315 236 de
1342 203 1519 236 structura
1545 211 1626 237 uer-

189 272 292 296 suum
319 261 408 306 707,
435 271 508 307 sq.:
707 281 756 289 -
781 264 886 297 testes
912 264 1022 296 estote
1038 259 1198 308 Philippi
1682 260 1685 263 ’

449 322 498 356 Et
521 331 670 367 quorum
693 323 834 369 sparsis
860 321 999 358 ossibus
1025 320 1117 357 albet
1141 320 1283 359 liumus.

187 381 307 419 Possit
342 381 399 417 hic
436 380 646 428 offendere,
684 381 783 430 quod
817 382 862 418 de
898 393 936 417 se
970 382 1054 430 ipsis
1089 383 1327 419 testimonium
1356 383 1422 419 illis
1449 382 1625 430 defertur,

187 441 491 492 quemadmodum
518 444 553 478 in
580 443 673 479 male
700 443 824 479 habito
851 442 1081 478 Ponticorum
1109 443 1188 479 loco
1214 445 1252 489 3,
1278 448 1314 490 2,
1342 448 1410 481 23:

449 506 532 541 Sint
558 504 626 541 hac
653 507 807 541 contenti
832 505 952 553 uenia,
979 504 1191 554 signentque
1215 506 1330 543 licebit

498 567 659 613 Pttryari
682 565 820 611 factum
847 577 900 600 me
926 577 1062 613 quoque
1085 571 1172 603 teste
1195 580 1317 612 smum

187 627 249 663 ubi
273 628 458 676 si9nesquc
483 627 733 675 corrigendum
759 634 862 675 puto.
916 625 1048 663 Differt
1085 628 1193 664 etiam
1218 629 1410 665 Fastorum
1443 631 1542 667 locus
1579 632 1625 667 ab

186 689 254 725 illis
280 691 318 736 6,
337 690 410 724 765
437 701 508 737 sq.‚
534 688 699 737 Proper-t,
727 691 764 734 3,
791 688 830 735 5,
857 690 906 724 37
931 689 1018 735 lac„
1046 688 1159 725 Ouid.
1175 690 1263 726 ‘hen
1289 693 1350 734 20,
1373 694 1442 726 101
1463 705 1517 741 sq.
1569 693 1626 729 Ex

186 762 232 787 eo
257 757 379 787 tamen
406 749 577 799 loquendi
603 762 669 785 usu
689 757 848 785 nostruin
876 750 1055 798 explicare
1075 750 1183 798 malo,
1211 763 1317 800 quam
1346 760 1408 787 aut
1434 752 1627 790 emendare

187 816 224 850 E
245 825 418 862 quowm,
452 818 514 847 aut
539 813 680 860 sparsis
707 810 752 847 de
779 811 854 847 aliis
884 824 954 847 non
982 810 1177 860 Philippis,
1212 811 1275 847 sed
1302 812 1451 848 diuersis
1478 814 1511 849 iu
1539 814 1625 851 locis

187 875 311 911 occisis
338 875 515 923 accipere.
558 873 654 909 Inest
680 871 733 907 uis
760 879 796 908 et
819 880 1005 916 uenustas,
1032 885 1142 921 quum
1164 874 1265 921 quasi
1292 874 1470 910 obliuione
1495 876 1626 924 sepulti
1674 898 1685 905 -

185 936 244 973 isti
271 948 343 972 non
369 935 501 984 sepulti
527 935 739 970 excitantur.
776 934 942 981 Eorum,
971 945 1065 983 quae
1091 934 1136 970 ad
1164 934 1403 971 Octauianum
1430 937 1626 984 pertinent,
1683 973 1685 979 ,

185 997 418 1034 memorabile
445 1002 498 1032 est
524 996 610 1031 illud
639 999 675 1042 1,
701 995 775 1031 589
802 1007 856 1044 sq.
891 995 937 1031 de
962 996 1112 1043 Augusti
1143 996 1386 1045 appellatione
1416 1004 1454 1033 et
1479 999 1625 1046 prouin-

186 1060 248 1095 ciis
275 1058 432 1094 redditis.
474 1057 628 1093 Videtur
653 1057 709 1092 hic
734 1068 779 1092 ex
803 1056 976 1092 fastorum
1004 1057 1318 1093 Praenestinorum
1346 1059 1547 1107 cognitione
1572 1061 1627 1097 le-

185 1121 240 1157 uis
269 1119 397 1169 culpae
423 1119 564 1155 macula
591 1118 725 1155 Ouidio
752 1118 917 1167 aspergi,
954 1119 1015 1167 qui
1043 1118 1170 1155 eodem
1203 1119 1261 1155 die
1286 1119 1412 1156 Iduum
1440 1124 1476 1158 et
1501 1122 1625 1170 Augu-

185 1189 279 1219 stum
303 1181 506 1230 prouincias
527 1180 722 1216 reddidisse
743 1179 842 1226 dicit,
870 1186 906 1216 et
923 1192 967 1216 ex
985 1180 1025 1216 S.
1040 1180 1082 1216 C.
1103 1180 1303 1229 populique
1324 1182 1509 1218 uoluntate
1534 1182 1622 1219 illud

187 1256 385 1293 cognomen
412 1242 597 1291 adeptum.
652 1242 802 1279 Verrius
827 1254 928 1287 uero,
958 1248 996 1277 ut
1022 1242 1259 1278 Censorinum
1285 1249 1322 1278 et
1349 1242 1517 1279 Orosium
1545 1244 1624 1280 lon-

188 1307 267 1355 gius
294 1303 517 1341 discedentes
545 1304 738 1348 mittamus,
763 1303 850 1339 illud
881 1304 979 1352 prius
1006 1303 1136 1346 Idibus,
1166 1303 1233 1338 hoc
1259 1303 1408 1339 alterum
1436 1304 1536 1340 Xx‘ll
1561 1305 1622 1341 ΚΡ
1683 1313 1685 1326 ³

184 1368 296 1404 Febr.
323 1366 460 1403 factum
487 1365 614 1411 tradit,
648 1372 758 1414 atque
791 1365 887 1401 istud
923 1364 1066 1414 quidem
1101 1364 1186 1400 satis
1222 1364 1430 1413 manifesto,
1467 1367 1538 1403 hoc
1569 1367 1623 1404 his
1682 1402 1685 1408 ⁴

186 1429 305 1467 uerbis
346 1428 519 1465 seruatis:
568 1427 652 1463 lMP
669 1453 678 1462 .
692 1427 885 1463 CAESAR
899 1451 1114 1462 .........
1149 1425 1323 1465 PPELL.
1340 1428 1453 1465 ‚TVS
1466 1458 1476 1466 .
1494 1429 1620 1467 lPSO.
1681 1455 1685 1463 .

184 1492 352 1530 VILET
367 1489 606 1537 .AGR1P[pa
634 1491 741 1533 coss.]
779 1488 991 1536 Cogitabam
1027 1486 1073 1523 de
1105 1488 1307 1537 supplendo
1342 1501 1414 1525 non
1440 1491 1622 1539 Auynsto,
1683 1493 1685 1498 '

184 1554 249 1592 sed
274 1554 460 1600 Principe;
486 1551 550 1587 sed
577 1550 686 1587 habet
712 1550 795 1597 hoc,
823 1562 886 1585 cur
912 1547 1110 1596 displiceat.
1163 1549 1253 1586 Esto
1278 1550 1402 1598 igitur,
1431 1558 1623 1603 utrumque
1682 1566 1685 1579 ¹

183 1616 406 1654 coniunxisse
426 1612 612 1659 Ouidium,
640 1625 711 1648 non
737 1611 954 1660 ignorantia,
979 1609 1044 1645 sed
1067 1623 1139 1658 quo
1166 1612 1283 1660 aptius
1309 1612 1396 1648 illud
1423 1626 1622 1662 cognomen
1681 1623 1685 1633 ⁴

182 1678 335 1723 louiale‚
361 1689 397 1712 u.
425 1677 519 1719 608,
544 1674 671 1710 Iouiali
696 1673 788 1720 diei,
818 1672 960 1717 idibus,
988 1673 1209 1710 conueniret.
1261 1674 1395 1709 Verum
1423 1674 1509 1723 quid
1533 1675 1622 1712 illud
1678 1719 1682 1722 ⁵

182 1751 261 1776 esse
287 1738 447 1773 dicamus
473 1736 668 1782 acuminis,
705 1734 802 1784 quod
837 1735 993 1770 omnium
1029 1733 1278 1769 historicorum
1313 1734 1396 1770 fidei
1428 1743 1621 1785 repugnat,
1676 1775 1680 1778 Δ

182 1799 354 1851 quodque
388 1798 492 1847 pueri
524 1797 632 1833 hodie
666 1798 796 1832 rectius
830 1802 979 1841 teuent,
1016 1808 1095 1830 cum
1125 1808 1159 1831 u.
1187 1796 1261 1832 589
1295 1799 1410 1833 onmis
1433 1800 1621 1846 prouincia

181 1861 324 1899 reddita
349 1857 506 1895 dicitur?
543 1858 644 1908 quasi
671 1858 716 1894 de
743 1856 819 1893 ulla
846 1856 1029 1905 prouincia
1056 1857 1216 1905 ignotum
1243 1869 1320 1894 esse
1346 1860 1534 1907 potuisset,
1560 1872 1620 1897 es-

181 1930 284 1961 setne
309 1921 490 1967 Caesaris,
517 1933 562 1956 an
589 1919 714 1969 populi
738 1918 908 1955 Romani.
961 1918 1068 1954 Solus
1095 1918 1145 1953 Io.
1175 1917 1397 1954 Scliraderus
1423 1921 1550 1957 mirum
1577 1923 1620 1958 il—
1674 1949 1677 1951 -

181 1985 243 2023 lud
270 1996 382 2033 genus
408 1981 577 2033 loquendi
611 1981 709 2031 apud
737 1979 907 2017 Ouidium
935 1979 1209 2025 animaduertit,
1244 1979 1439 2017 emendare
1464 1983 1620 2021 animum

180 2060 253 2084 non
280 2045 433 2082 induxit.
473 2043 594 2080 Credo
621 2044 706 2078 olim
732 2043 903 2090 scriptum
930 2040 1039 2076 fuisse
1057 2040 1210 2086 Ermmis,
1238 2040 1322 2078 inde
1347 2041 1493 2088 sactum,
1521 2046 1620 2094 quod
1677 2063 1679 2066 ·

181 2107 288 2145 codd.
316 2107 508 2156 plerosque
536 2105 668 2141 habere
696 2103 818 2149 uides,
856 2115 942 2151 pro:
979 2100 1204 2149 Redditaquc
1229 2102 1391 2139 immunis
1417 2108 1618 2152 prouincia,

180 2171 251 2206 hoc
276 2175 330 2206 est
359 2168 439 2204 belli
465 2167 649 2212 immunis,
677 2166 819 2213 quieta,
847 2164 905 2200 ubi
932 2165 1043 2200 otium-
1069 2170 1135 2208 est,
1162 2163 1214 2198 uti
1240 2164 1367 2200 Cicero
1394 2165 1439 2201 ad
1467 2167 1553 2203 sam.
1582 2173 1619 2217 2,
1672 2168 1674 2172 ’

183 2233 231 2267 17
257 2230 357 2276 dixit,
383 2228 481 2277 quod
508 2228 704 2277 opponitur
729 2226 888 2262 onerosis
913 2225 1119 2274 prouinciis,
1147 2236 1236 2273 quas
1259 2225 1404 2263 Verrius
1432 2227 1528 2266 dixit.
1567 2231 1620 2268 lta
1670 2241 1673 2245 ’

181 2291 321 2342 scripsit
347 2290 499 2328 Ouidius
526 2289 614 2324 Met.
645 2292 681 2332 l,
701 2289 794 2323 100:
1524 2297 1527 2299 ·
1580 2289 1587 2292 ·

481 2349 618 2387 Mollia
642 2360 789 2385 securae
813 2347 1030 2396 perayebant
1057 2349 1131 2384 ulia
1157 2352 1299 2396 flentes:

480 2415 571 2459 Ipsa
596 2421 732 2459 quoquc
757 2409 920 2445 immunis
948 2414 1137 2458 rastroque
1165 2411 1316 2458 intacta,
1342 2423 1404 2448 -nec
1425 2413 1511 2450 ullis

477 2475 617 2510 Saucia
641 2471 842 2509 uolneribus
867 2492 916 2498 —
939 2471 1059 2508 tellus.

180 2545 218 2576 et
243 2540 283 2586 7,
310 2538 404 2573 229:
479 2554 529 2562 -—-
555 2546 663 2583 neque
687 2546 770 2571 eras
795 2533 958 2570 immunis
985 2535 1134 2582 Enipea.
1157 2555 1206 2562 —

178 2599 384 2637 Proximum
411 2609 571 2646 quoque,
598 2595 695 2644 quod
722 2596 818 2632 Non.
842 2595 950 2631 Febr.
978 2595 1130 2630 traditur
1156 2594 1253 2644 apud
1274 2593 1529 2642 Ouidium‚‹de
1545 2596 1617 2634 Pa-

182 2662 245 2699 tris
269 2660 414 2697 Patriae
439 2658 651 2708 cognomine
676 2657 711 2693 in
737 2659 935 2706 Augustum
963 2655 1091 2694 collato
1120 2668 1141 2692 a
1166 2656 1266 2693 fastis
1288 2655 1529 2695 Praenestinis
1554 2671 1617 2696 ne·
1655 2661 1658 2664 ⁴
