1685 2954
99 68 260 99 CCLXV1
631 83 636 90 =
715 69 938 102 ms‘ronvu

99 171 190 216 123,
222 169 285 219 qui
318 175 437 206 tamen
473 167 551 206 aliis
582 168 688 207 rebus
723 170 902 216 intentus,
928 171 1022 208 Tac.
1049 182 1134 209 ann.
1163 172 1278 219 1‚31,
1304 171 1414 221 paulo
1446 178 1529 221 post

96 236 250 267 mortem
276 231 428 279 Augusti
454 228 600 267 demum
624 231 726 282 signa
751 231 871 270 denuo
897 239 1033 281 mouet,
1062 234 1154 271 Tac.
1179 233 1228 269 ib.
1254 245 1288 269 c.
1305 233 1367 271 50.
1418 233 1528 272 Vides

96 290 184 328 nihil
209 302 288 328 esse
313 303 469 340 causae,
504 304 569 329 cur
601 291 697 331 hisce
722 294 823 331 annis
850 301 914 332 aut
944 295 1070 332 Ianum
1097 294 1238 331 tertium
1265 295 1447 342 clausum,
1482 295 1529 334 de

95 364 169 401 qua
194 364 235 388 re
260 364 391 401 magna
416 360 472 390 est
497 353 684 391 doctorum
703 354 891 403 dissensio,
917 355 1027 405 idque
1052 356 1150 392 innui
1171 357 1215 393 ab
1236 355 1370 393 Ouidio
1390 358 1528 402 u.281‚

96 418 161 449 aut
186 425 251 449 cur
275 414 432 464 reliquos
456 426 567 465 supra
592 417 729 466 positos
764 429 889 454 uersus
916 417 963 454 ad
997 424 1138 467 tempus
1165 417 1345 467 triumpho
1372 418 1530 455 Germa-

95 473 164 511 nici
190 475 409 512 Germanico
435 477 534 526 prius
560 477 707 527 aliquod
732 484 898 527 spectare
923 486 1104 527 putemus.
1155 478 1342 516 Pertinent
1368 491 1455 528 ergo
1480 477 1528 516 ad

94 547 229 573 annum
256 538 330 574 769
356 544 418 575 aut
443 541 518 575 770
543 546 579 576 et
614 538 659 576 ad
685 550 813 589 pacem
848 551 943 587 quae
975 540 1012 576 in
1048 552 1113 589 spe
1147 547 1234 576 tunc
1264 540 1345 577 suit.
1398 541 1529 578 Fuisse

94 597 224 647 colligo
249 610 294 635 ex
319 600 481 649 opusculi
507 600 653 637 exordio
680 600 784 646 alius,
811 599 909 648 quod
936 600 1055 637 nescio
1081 613 1127 637 an
1147 602 1241 638 circa
1265 602 1360 639 idem
1385 609 1528 653 tempus

92 659 264 709 scriptum
291 673 371 697 esse
398 669 578 712 oporteat.
630 661 681 697 lbi
708 668 783 697 est:
1126 662 1134 665 “

244 723 429 768 Qua-ntum
455 726 581 760 etenim
606 726 754 772 possent
781 723 870 758 anni
896 723 1094 759 certissima
1118 724 1224 771 signa
1249 743 1295 750 —

241 785 286 820 Si
309 795 381 821 non
407 790 549 835 parta
582 785 715 833 quies
748 787 781 819 te
804 782 969 832 praeside
991 783 1171 833 puppibus
1196 797 1330 833 aequor

247 845 451 895 Cultorique
473 846 577 883 dwret
602 850 731 889 terras,
756 844 882 894 procul
908 857 1036 882 arma
1061 844 1275 882 silerent?
1299 868 1349 875 -—

241 908 342 943 Pax
367 911 445 944 tua
470 911 577 956 tuque
601 906 702 944 adsis
718 908 812 944 ‘nato
837 918 1034 956 numenque
1058 907 1240 945 secundes.

93 968 264 1018 Agnoscis
284 969 416 1004 Aratea
440 968 550 1017 ipsius
566 968 788 1015 Germanici,
815 980 908 1018 quae
934 975 1018 1018 post
1043 980 1176 1006 annum
1195 971 1270 1006 767
1291 970 1425 1020 scripta
1450 981 1529 1008 esse

93 1031 201 1067 docet
227 1042 263 1066 u.
283 1030 370 1073 561,
397 1029 458 1065 ubi
483 1028 530 1066 de
555 1030 705 1078 Augusti
730 1031 1008 1077 consecratione,
1036 1038 1073 1068 et
1098 1044 1134 1067 u.
1157 1033 1243 1078 186,
1269 1032 1330 1068 ubi
1355 1034 1530 1070 maiestas

91 1092 231 1130 'riberii
256 1091 570 1136 commemoratur,
597 1091 662 1128 cfr.
684 1091 776 1130 Plin.
792 1103 922 1141 paneg.
942 1104 974 1129 c.
991 1096 1057 1128 11:
1085 1092 1220 1130 dicauit
1246 1093 1343 1131 cael-o
1365 1093 1529 1131 Tiberius

91 1155 317 1203 Auyustum,
343 1152 405 1189 sed
429 1157 469 1189 ut
493 1155 695 1190 niaiestatis
718 1165 846 1190 atamen
870 1153 1068 1202 induceret,
1102 1161 1177 1191 tum
1202 1155 1238 1191 in
1264 1155 1386 1204 primis
1414 1155 1528 1191 uersi-

92 1216 159 1253 bus
186 1215 322 1252 Tiberii
349 1221 386 1251 et
411 1214 505 1251 Iouis
531 1216 766 1264 comparatio,
793 1218 1004 1260 auctoritas,
1029 1228 1150 1261 sacra,
1176 1216 1242 1254 cfr.
1263 1216 1416 1253 Sueton.
1437 1216 1527 1253 Tib.

91 1291 124 1315 c.
144 1280 209 1326 27,
244 1277 306 1327 qui
340 1276 462 1326 primis
495 1277 714 1326 temporibus
750 1277 876 1314 eadem
902 1278 1082 1314 uocabula
1109 1284 1313 1315 auersatum
1339 1269 1528 1315 Tiberium

92 1339 215 1377 tradit.
254 1339 334 1375 Alia
360 1337 536 1388 quaedam
563 1339 646 1374 olim
673 1337 822 1374 disserui
847 1339 984 1388 prolus.
1011 1339 1057 1375 ad
1084 1340 1158 1376 Ibin
1186 1353 1223 1390 p.
1242 1342 1329 1378 379.
1371 1340 1527 1376 Germa-

92 1402 210 1438 nicum
237 1413 308 1437 non
335 1405 389 1436 est
415 1400 601 1449 probabile
623 1399 669 1436 de
695 1412 787 1450 pace
813 1401 983 1437 cecinisse
1002 1406 1088 1437 ante
1107 1400 1259 1438 hiberna
1284 1401 1369 1438 anni
1388 1402 1463 1437 769
1488 1406 1527 1438 et

91 1463 246 1500 reditum
271 1462 449 1509 Romam,
479 1461 570 1498 Tac.
596 1475 680 1499 ann.
707 1466 747 1510 2,
768 1464 830 1500 26.
882 1461 1018 1505 Quidni
1044 1474 1130 1512 ergo
1164 1463 1240 1499 eius
1267 1462 1433 1512 exemplo
1457 1475 1527 1512 po-

92 1524 263 1562 tissimum
284 1523 454 1561 Ouidium
473 1522 653 1573 scripsisse
673 1535 766 1572 quae
786 1536 896 1573 supra
922 1523 1036 1573 legisti
1062 1523 1263 1569 credamus,
1290 1524 1352 1573 qui
1376 1524 1405 1559 si
1430 1523 1526 1561 sorte

90 1586 196 1624 Pont.
222 1589 261 1633 4,
288 1589 348 1634 16,
374 1588 423 1622 39
452 1585 559 1622 libros
578 1585 791 1627 ,Germanici
822 1585 994 1622 ineditam
1028 1597 1152 1623 curam
1186 1585 1300 1632 dixit,
1336 1591 1374 1621 at
1400 1590 1523 1622 tamen

90 1651 168 1687 otia
192 1653 339 1698 pontum
374 1646 500 1685 habere
533 1659 569 1682 u.
595 1648 644 1683 68
674 1646 820 1684 uidetur
852 1648 982 1685 dixisse
1016 1649 1101 1697 quia
1137 1648 1173 1684 in
1209 1646 1524 1696 prognosticorum

89 1711 137 1748 fr.
154 1715 193 1759 2,
218 1723 257 1747 u.
276 1712 325 1747 88
351 1708 485 1746 OrelL:
520 1710 651 1745 Pacem
682 1708 837 1746 mumhus
868 1708 974 1747 habet
1005 1710 1158 1759 legerat.
1216 1708 1343 1758 ltaque
1375 1714 1525 1746 uentum

89 1774 233 1811 iamiam
259 1778 314 1809 est
339 1770 385 1807 ad
412 1771 667 1807 Germanicum
694 1770 911 1819 Caesarem,
947 1772 1046 1808 cuius
1070 1771 1199 1809 honori
1223 1776 1371 1822 praeter
1396 1783 1432 1806 u.
1448 1769 1524 1809 285

88 1847 203 1886 supra
226 1834 381 1884 positum
408 1832 514 1883 primi
541 1832 663 1881 uiginti
688 1844 751 1869 sex
766 1832 871 1870 huius
896 1834 975 1870 libri
993 1846 1117 1872 uersus
1138 1833 1246 1870 dicati
1266 1838 1365 1881 sunt,
1390 1832 1523 1887 quibus

88 1896 250 1935 fortassis
274 1908 337 1932 sex
363 1895 457 1931 circa
483 1906 615 1931 annum
641 1894 714 1931 753
738 1895 858 1944 scripti
892 1896 1016 1933 inserti
1047 1901 1131 1933 sunt
1156 1899 1193 1941 1,
1212 1898 1249 1939 2,
1264 1895 1303 1942 7,
1319 1896 1359 1942 8,
1380 1897 1439 1939 13,
1458 1895 1520 1932 14.

90 1960 381 1996 Consentaneum
408 1963 463 1993 est
489 1968 568 1993 cum
598 1967 655 1992 res
681 1962 799 2006 gestas
825 1958 1070 2008 temporisque
1094 1955 1245 2004 indicia,
1271 1968 1365 2006 quae
1390 1956 1427 1993 in
1452 1955 1523 1993 hoc

88 2022 181 2060 libro
207 2020 278 2057 alio
304 2026 415 2068 atque
451 2019 486 2054 in
519 2018 664 2067 reliquis
695 2018 803 2055 modo
836 2019 1077 2056 obseruantur
1102 2015 1422 2066 desideranturue,
1454 2017 1522 2055 de-

89 2081 405 2120 monstrauerimus
431 2079 477 2117 ad
503 2079 657 2117 eundem
684 2081 874 2118 terminum
901 2081 1112 2118 collineare=
1145 2086 1424 2117 consentaneum
1450 2085 1519 2126 est,

87 2144 258 2193 inquam,
291 2142 417 2180 eadem
444 2155 556 2192 opera
582 2143 730 2192 Augusti
757 2143 910 2180 uiuentis
938 2143 1156 2179 mentionem
1183 2142 1353 2189 deletam,
1380 2140 1520 2178 Tiberii

87 2205 236 2254 eiusque
262 2211 422 2241 actorum
444 2211 482 2241 et
501 2205 709 2241 Germanici
733 2205 937 2255 suppletam
964 2211 1073 2254 atque
1098 2203 1273 2240 adiectam
1303 2203 1518 2247 existimare.

85 2265 278 2303 Manifesto
309 2267 346 2303 id
381 2267 486 2304 docet
519 2278 643 2303 uersus
668 2266 742 2302 285
776 2273 812 2303 et
846 2267 1009 2316 proxime
1035 2265 1211 2302 coniuncti
1238 2265 1299 2314 qui
1329 2269 1424 2300 sunt.
1476 2262 1518 2298 ln

85 2328 167 2365 libri
193 2329 368 2366 uestibulo
395 2329 482 2366 nihil
510 2335 564 2366 est
591 2329 677 2365 certi
704 2328 750 2365 de
777 2340 820 2365 ea
846 2340 886 2365 re
912 2328 1124 2377 argumenti.
1177 2325 1286 2371 Quod
1312 2323 1519 2362 facundiam

84 2390 183 2427 illam
209 2391 456 2440 principalem,
482 2390 530 2428 de
554 2403 627 2441 qua
653 2391 724 2428 Dio
742 2390 846 2427 Cass.
866 2389 930 2437 56,
951 2391 1015 2437 26,
1040 2390 1193 2426 sensisse
1216 2399 1256 2424 se
1281 2386 1367 2422 dixit
1393 2392 1518 2435 poeta,

85 2457 208 2502 potest
240 2458 277 2488 et
309 2451 451 2489 uidetur
483 2453 634 2502 legisse,
673 2458 713 2489 ut
739 2453 919 2489 orationes
945 2451 1093 2488 Maximi
1120 2451 1251 2488 Cottae
1278 2447 1386 2484 Pont.
1415 2451 1454 2495 3,
1478 2447 1518 2484 5.

84 2513 261 2551 Poemata
286 2514 413 2551 eodem
439 2528 513 2564 quo
537 2515 610 2551 illic
639 2514 748 2552 modo
773 2514 898 2552 laudat
920 2514 1027 2550 Pont.
1045 2514 1082 2560 4,
1100 2515 1138 2560 8,
1157 2511 1332 2548 69—78.
1376 2508 1417 2545 ld
1439 2520 1520 2545 car-

85 2588 170 2614 men
195 2588 277 2612 eum
303 2583 478 2624 arguente
506 2589 540 2613 u.
557 2579 608 2614 63
633 2578 806 2627 scriptum
839 2576 886 2613 sit
918 2576 1101 2625 aliquanto
1127 2578 1208 2622 post
1234 2583 1418 2609 excessum
1444 2571 1519 2607 Au-

84 2638 202 2689 gusti,
226 2638 331 2677 simul
356 2646 569 2688 argumento
603 2645 658 2678 est
689 2649 810 2689 neque
834 2636 1037 2676 dedicatum
1069 2635 1260 2686 quicquam
1286 2639 1395 2672 antea
1423 2632 1518 2671 Ger·
