1685 2954
548 138 649 170 mn.
679 138 929 175 QVAM-vs
1215 182 1218 185 Α
1384 120 1464 166 201

87 245 155 286 An
182 241 316 299 magis
343 241 451 283 hunc
477 251 628 281 morem
657 241 795 295 pietas
821 236 981 280 Aeneia
1008 237 1120 293 fecit,

143 314 365 354 Innocuum
391 309 502 350 uicto
532 308 599 348 cui
627 307 738 348 dedit
762 307 870 362 ignis
898 304 1006 348 iter?
1384 309 1465 346 800

86 380 197 421 Num
225 386 362 421 tamen
389 381 457 417 est
482 386 580 415 uero
607 376 786 429 propiuS,
814 386 906 415 cum
935 373 1101 416 condita
1120 374 1252 417 Roma
1279 378 1358 427 est,

143 445 367 488 Transferri
393 444 530 485 iussos
557 442 598 486 in
627 455 734 483 noua
762 448 877 484 tecta
905 442 1012 483 lares

86 511 370 566 Mutantisque
397 512 560 553 domum
589 509 716 551 tectis
744 510 979 565 agrestibus
1006 510 1144 564 ignem

141 582 198 621 Et
224 587 463 621 cessaturae
491 578 760 631 supposuisse
789 591 929 631 casae,

86 649 168 690 Per
194 647 380 689 flammas
409 647 585 703 saluisse
611 658 753 700 pecus,
782 647 958 687 saluisse
987 642 1184 687 colonos?
1388 647 1468 684 805

142 714 263 767 Quod
291 715 338 757 fit
365 716 492 757 natali
517 727 625 755 nunc
654 726 827 767 quoque,
856 715 1003 767 Roma,
1030 721 1114 756 tuo.

87 784 183 836 Ipse
210 784 344 824 locum
372 796 497 825 casus
525 783 611 823 uati
636 782 748 823 facit.
786 782 911 823 Vrbis
938 782 1053 836 origo

141 850 282 892 Venit.
319 850 420 892 ades
448 850 584 903 factis,
611 862 762 904 magne
789 848 967 903 Quirine,
995 847 1092 891 tuis.

87 920 173 960 Iam
203 920 335 960 luerat
360 930 518 972 poenas
546 918 671 958 frater
696 917 931 969 Numitoris,
958 922 1002 958 et
1020 929 1149 974 vomne

144 988 359 1028 Pastorum
388 985 554 1040 gemino
583 985 660 1026 sub
688 984 794 1026 duce
821 984 971 1038 uolgus
999 990 1099 1026 erat.
1392 987 1473 1023 810

87 1054 341 1097 contrahere
370 1059 560 1107 agrestes
590 1059 632 1093 et
660 1052 820 1092 moenia
845 1064 997 1105 ponere
1024 1051 1185 1106 utrique

145 1120 361 1164 Conuenit.
402 1121 631 1174 ambigitur,
659 1119 820 1160 moenia
843 1126 970 1173 ponat
996 1125 1099 1160 uter.

88 1190 158 1231 Nil
186 1201 290 1242 opus
317 1194 397 1241 est,
427 1188 540 1241 dixit,
569 1188 802 1240 certamine,
830 1188 1039 1241 Romulus,
1068 1187 1168 1228 ulloz

82 1302 171 1338 799.
205 1301 278 1337 Aut
302 1312 397 1350 mag.
425 1297 517 1337 ΕΓ.
562 1300 617 1336 An
643 1300 722 1349 pius
750 1311 880 1337 aeneas
906 1311 1024 1337 mores
1049 1299 1114 1337 hos
1140 1298 1260 1337 attulit
1284 1297 1332 1337 ad
1358 1311 1424 1336 nos
1448 1301 1473 1336 3

36 1352 97 1391 34.
198 1353 286 1388 800.
312 1352 509 1399 Ignocuum
521 1347 570 1387 Γ.
611 1351 706 1386 uicto
724 1351 785 1400 qui
803 1350 903 1387 dedit
921 1350 987 1396 llf.
1028 1351 1118 1399 ignis
1144 1362 1213 1387 om.
1233 1352 1273 1388 in
1287 1349 1410 1388 ordine
1427 1352 1474 1388 Ε.

85 1404 173 1439 801.
198 1404 277 1448 Ita«,
304 1401 415 1446 Num,
440 1400 522 1447 ΗΤΣ,
542 1400 744 1450 utuidebqr
760 1400 893 1448 uidere,
919 1401 983 1438 sub
998 1413 1074 1438 ras.
1091 1404 1126 1437 D
1141 1399 1210 1450 ³157»
1219 1401 1475 1448 (test.G=ron.).

34 1453 144 1489 Hunc
169 1459 290 1489 tamen
316 1453 448 1489 Atest.
463 1454 589 1489 Heius.
603 1451 633 1497 f.
678 1451 788 1488 Nunc
813 1457 934 1488 tamen
959 1452 1099 1499 (Atest.
1115 1451 1326 1499 Gron.)1lf.
1344 1454 1384 1489 in
1397 1463 1478 1489 ras.

36 1501 451 1541 BGFGOEAMma.
469 1514 525 1551 pr.
547 1500 588 1538 A
602 1501 622 1538 b
638 1514 776 1550 mmm.
790 1514 827 1538 m
849 1507 942 1548 ουτος
963 1515 988 1551 p
1002 1515 1165 1540 nar-scr.
1211 1502 1254 1539 Id
1282 1509 1403 1540 tamen
1431 1503 1477 1540 0.

37 1555 142 1589 Haec
174 1560 293 1590 tamen
328 1556 371 1590 Τ.
416 1554 497 1589 Hoc
527 1559 646 1588 tamen
682 1556 730 1589 M
755 1557 788 1589 et
812 1551 919 1591 bma.
937 1565 1024 1599 sec.;
1055 1554 1178 1591 Guar.
1196 1565 1266 1591 scr.
1292 1557 1326 1590 et
1350 1552 1479 1601 reliqui

37 1615 172 1642 omnes.
216 1610 336 1639 tamen
362 1603 431 1639 hoc
457 1616 529 1640 non
557 1609 611 1639 est
635 1604 784 1652 propius
811 1602 873 1641 A.
914 1609 1034 1640 tamen
1060 1617 1148 1641 uero
1175 1603 1243 1640 hoc
1267 1604 1419 1654 propius
1444 1601 1477 1649 f.

38 1661 160 1691 tamen
187 1660 242 1689 est
267 1654 388 1702 prouis
415 1665 494 1689 cum
522 1656 556 1690 E
572 1666 644 1690 υια.
662 1666 718 1702 pr.
760 1661 880 1690 tamen
908 1661 962 1690 est
987 1657 1133 1704 proauis
1159 1667 1240 1691 cum
1266 1657 1387 1692 Ema.
1407 1665 1476 1690 sec.

39 1711 95 1742 est
120 1704 270 1753 propius
295 1715 384 1739 uero
411 1715 492 1738 cum
510 1701 556 1740 Σ.
598 1710 653 1740 est
679 1716 804 1740 uerum
825 1705 993 1753 proprius
1016 1708 1135 1742 Ema.
1150 1709 1231 1741 tert.
1271 1711 1326 1741 est
1353 1715 1479 1740 uerum

39 1767 147 1805 prop.
172 1751 249 1791 ΟΦ
264 1751 330 1790 ΨΙ)
349 1757 516 1801 quatuor.
556 1766 637 1789 cum
663 1755 804 1801 cognita
830 1766 1016 1802 τητηαφικ
1057 1762 1110 1791 est
1134 1760 1248 1804 postr.
1267 1754 1337 1792 abi.
1358 1765 1478 1791 mma.

38 1817 97 1854 pr.
200 1806 287 1840 802.
314 1804 428 1840 iussos
455 1805 493 1839 ’ὶη
512 1815 588 1840 ras.
610 1816 657 1839 m.
701 1804 736 1838 T
741 1804 908 1839 ransferri
935 1806 1030 1840 uisos
1055 1816 1132 1841 δατ.
1172 1806 1207 1839 T
1211 1805 1381 1841 ransserri
1406 1805 1480 1841 ius-

39 1857 86 1892 sit
111 1855 147 1891 in
177 1855 223 1892 0.
263 1853 473 1890 Transferri
497 1855 629 1889 iussum
660 1860 713 1890 est
738 1855 772 1889 in
794 1852 882 1889 NA
893 1851 938 1890 Σ.
986 1855 1194 1890 Transferri
1220 1856 1334 1891 uisum
1361 1862 1416 1891 est
1443 1854 1479 1890 in

39 1919 64 1955 p
83 1916 164 1952 seoe3
189 1916 212 1953 9
229 1917 395 1942 ‘etansciu
498 1906 586 1940 803.
611 1904 866 1953 Mutantesque
893 1904 974 1941 libri
990 1911 1131 1953 praeter
1152 1904 1217 1951 11f.
1257 1917 1329 1955 que
1353 1907 1480 1942 domos

40 1969 65 2007 p
86 1968 168 1992 tear.
186 1967 258 1992 scr.
309 1955 405 1991 dom.
440 1955 545 1991 rectis
578 1953 597 1989 b
612 1966 684 1990 vna.
703 1966 759 2002 pt.
815 1967 892 2001 agr.
919 1956 1018 2003 ignes
1043 1956 1124 1992 ΑΕ
1138 1968 1212 1992 incr.
1231 1968 1300 1992 sec.
1324 1953 1375 1993 Ψ.

92 2007 180 2042 804.
206 2007 353 2054 subpos.
374 2008 462 2042 DE.
500 2017 726 2053 supposuere
749 2004 813 2051 Ilf.
832 2006 920 2052 fort.
939 2005 1015 2041 ead.
1029 2019 1103 2042 wita.
1125 2018 1217 2044 corr.
1235 2007 1335 2051 N03
1360 2017 1479 2055 petar·

40 2069 112 2094 scr.
150 2057 374 2106 subposuere
398 2068 431 2092 r.
534 2056 620 2091 805.
647 2055 719 2092 Per
737 2056 916 2092 flammam
936 2053 983 2092 Γ.
1023 2057 1183 2093 flammas
1202 2057 1374 2106 siluisque
1399 2068 1481 2106 pec.

41 2107 214 2156 siluisque
240 2107 308 2142 col.
336 2106 402 2152 ΗΓ.
450 2105 487 2141 fl.
514 2106 680 2153 saliitque
706 2118 785 2153 pec.
813 2107 940 2142 saliere
966 2107 1036 2144 col.
1068 2108 1110 2143 0.
1156 2108 1289 2143 saliisse
1316 2119 1395 2156 pec.
1422 2118 1481 2142 sa-

40 2157 136 2194 liisse
162 2153 830 2194 BGDEFGAMOHWAETIJ
840 2156 952 2206 fhpr
976 2156 1171 2205 quindecim
1189 2154 1264 2203 fere
1282 2162 1315 2194 et
1330 2156 1480 2194 uettmd.

5 2205 57 2218 'W
93 2209 182 2245 807.
219 2208 318 2243 locus
345 2206 433 2253 fort.
462 2209 657 2255 Dmmpr.
678 2205 743 2243 sub
763 2219 841 2244 ras.
887 2209 956 2243 loc.
985 2208 1099 2243 causis
1126 2220 1230 2243 unus.
1276 2208 1357 2256 Ipse
1382 2208 1484 2243 locus

43 2269 170 2295 causas
197 2258 272 2293 uati
298 2260 380 2293 413
392 2259 441 2292 29
452 2259 571 2293 3334.
609 2258 728 2293 locum
754 2259 828 2294 uati
854 2270 956 2294 casus
981 2255 1485 2304 Ilt'.BGNHAfmst44

0 2312 2 2354 ἰ
44 2308 227 2345 duodecim
252 2307 339 2353 fere.
386 2308 504 2343 locum
531 2308 606 2344 n‘ati
632 2319 733 2344 casus
760 2307 792 2346 b.
902 2310 987 2344 808.
1023 2308 1125 2345 adest
1150 2308 1217 2354 Ilf.
1235 2321 1309 2348 ma.
1325 2320 1382 2356 pr.

0 2359 3 2408 Ι
95 2361 181 2395 809.
223 2370 358 2407 paenas
387 2360 436 2394 D.
487 2369 570 2406 pen.
606 2361 651 2395 E.
699 2358 811 2395 frater
838 2372 907 2396 om.
925 2358 945 2394 b
963 2371 1038 2396 ma.
1053 2371 1110 2408 pr.
1158 2372 1268 2407 poen.
1298 2356 1485 2394 numitoris

47 2407 160 2444 frater
187 2412 248 2444 14.
358 2410 445 2447 810.
482 2408 642 2445 Pastoris
676 2411 722 2446 Z.
776 2410 935 2458 geminos
960 2408 1118 2455 Ilf.ma.
1137 2421 1192 2457 pr.
1242 2409 1371 2457 uulgus
1403 2407 1487 2445 labri

47 2462 188 2506 praeter
204 2459 254 2494 A.
293 2459 392 2507 unlg.
420 2458 522 2494 adest
550 2460 595 2496 0.
698 2461 785 2496 811.
814 2460 1014 2496 Contraere
1040 2471 1117 2508 agr.
1145 2465 1182 2495 et
1206 2471 1343 2507 ponere
1368 2459 1486 2495 menia

50 2514 121 2543 utr.
148 2510 193 2544 Ε.
231 2510 372 2545 maenia
399 2511 449 2545 D.
486 2508 628 2545 moenia
653 2516 766 2558 ponet
790 2517 861 2546 utr.
889 2509 954 2556 111⁶.
994 2521 1079 2558 pon.
1107 2510 1275 2559 utrinque
1300 2511 1361 2545 34.
1400 2521 1486 2558 pon.

50 2563 204 2606 uterque
228 2563 392 2606 quatuor.
495 2563 582 2595 812.
610 2560 701 2596 Cum
728 2561 829 2596 uenit
849 2561 944 2596 amb.
963 2559 1030 2605 ΗΓ.
1071 2560 1230 2608 Contigit
1255 2560 1349 2595 amb.
1367 2562 1487 2597 Dina.-

50 2618 108 2656 pr.
153 2608 282 2656 ambig.
309 2610 453 2646 nomina
484 2622 571 2660 pon.
600 2612 633 2646 B
646 2611 856 2659 GFma.pr.
870 2609 919 2647 A
933 2607 1022 2648 ΟΠ
1036 2607 1153 2657 ΨΤ9
1166 2622 1203 2646 m
1218 2622 1242 2659 p
1257 2622 1277 2647 r
1291 2622 1311 2646 s
1327 2609 1487 2646 sedecim.

52 2669 152 2694 nom.
177 2658 279 2706 ponit
307 2662 534 2710 Tmma.pr.
575 2672 693 2697 moen.
721 2667 835 2709 ponet
863 2658 916 2699 (D.
1016 2663 1102 2700 813.
1128 2661 1184 2698 Pil
1210 2673 1271 2710 op.
1298 2663 1334 2698 E
1343 2672 1417 2698 vta.
1428 2670 1485 2707 pr.

51 2705 137 2750 Non
163 2719 224 2757 op.
248 2711 321 2745 tres
345 2714 378 2747 et
401 2715 488 2753 uett.
514 2710 568 2749 ed.
611 2711 769 2749 romulus
794 2711 862 2749 isto
891 2709 1003 2750 (DM.
