<?xml version="1.0" encoding="UTF-8"?>
<!DOCTYPE html PUBLIC "-//W3C//DTD XHTML 1.0 Transitional//EN"
    "http://www.w3.org/TR/xhtml1/DTD/xhtml1-transitional.dtd">
<html xmlns="http://www.w3.org/1999/xhtml" xml:lang="en" lang="en">
 <head>
  <title>
</title>
<meta http-equiv="Content-Type" content="text/html;charset=utf-8" />
  <meta name='ocr-system' content='tesseract 3.04.00' />
  <meta name='ocr-capabilities' content='ocr_page ocr_carea ocr_par ocr_line ocrx_word'/>
</head>
<body>
  <div class='ocr_page' id='page_1' title='image "./fastorumlibrisex00oviduoft_0120.png"; bbox 0 0 1685 2954; ppageno 0'>
   <div class='ocr_carea' id='block_1_1' title="bbox 155 87 987 119">
    <p class='ocr_par' dir='ltr' id='par_1_1' title="bbox 155 87 987 119">
     <span class='ocr_line' id='line_1_1' title="bbox 155 87 987 119; baseline 0.002 -2"><span class='ocrx_word' id='word_1_1' title='bbox 155 88 244 119; x_wconf 84' lang='lat' dir='ltr'><strong>cxn</strong></span> <span class='ocrx_word' id='word_1_2' title='bbox 781 87 987 119; x_wconf 77' lang='lat' dir='ltr'>VARRONIS</span> 
     </span>
    </p>
   </div>
   <div class='ocr_carea' id='block_1_2' title="bbox 112 185 1589 2700">
    <p class='ocr_par' dir='ltr' id='par_1_2' title="bbox 133 185 1589 1101">
     <span class='ocr_line' id='line_1_2' title="bbox 149 185 1589 244; baseline 0.006 -18"><span class='ocrx_word' id='word_1_3' title='bbox 149 191 281 226; x_wconf 85' lang='lat' dir='ltr'><strong>cimum</strong></span> <span class='ocrx_word' id='word_1_4' title='bbox 305 187 400 235; x_wconf 79' lang='lat' dir='ltr'><strong>feci,</strong></span> <span class='ocrx_word' id='word_1_5' title='bbox 432 185 618 224; x_wconf 84' lang='lat' dir='ltr'><strong>confertur</strong></span> <span class='ocrx_word' id='word_1_6' title='bbox 649 198 732 225; x_wconf 89' lang='lat' dir='ltr'><strong>cum</strong></span> <span class='ocrx_word' id='word_1_7' title='bbox 765 190 944 227; x_wconf 85' lang='lat' dir='ltr'><strong>sententia</strong></span> <span class='ocrx_word' id='word_1_8' title='bbox 970 190 1166 242; x_wconf 80' lang='lat' dir='ltr'><strong>Varronis,</strong></span> <span class='ocrx_word' id='word_1_9' title='bbox 1204 204 1314 244; x_wconf 89' lang='lat' dir='ltr'><strong>quam</strong></span> <span class='ocrx_word' id='word_1_10' title='bbox 1348 193 1422 233; x_wconf 73' lang='lat' dir='ltr'><strong>alio</strong></span> <span class='ocrx_word' id='word_1_11' title='bbox 1446 194 1522 235; x_wconf 82' lang='lat' dir='ltr'><strong>loco</strong></span> <span class='ocrx_word' id='word_1_12' title='bbox 1546 197 1589 236; x_wconf 82' lang='lat' dir='ltr'><strong>de</strong></span> 
     </span>
     <span class='ocr_line' id='line_1_3' title="bbox 146 248 1587 302; baseline 0.005 -14"><span class='ocrx_word' id='word_1_13' title='bbox 146 249 377 300; x_wconf 65' lang='lat' dir='ltr'><strong>religionibus</strong></span> <span class='ocrx_word' id='word_1_14' title='bbox 402 248 549 298; x_wconf 79' lang='lat' dir='ltr'><strong>loquens</strong></span> <span class='ocrx_word' id='word_1_15' title='bbox 573 248 716 287; x_wconf 81' lang='lat' dir='ltr'>dixerit.</span> <span class='ocrx_word' id='word_1_16' title='bbox 765 250 904 294; x_wconf 87' lang='lat' dir='ltr'><strong>Quaeri</strong></span> <span class='ocrx_word' id='word_1_17' title='bbox 929 258 1072 302; x_wconf 85' lang='lat' dir='ltr'><strong>potest,</strong></span> <span class='ocrx_word' id='word_1_18' title='bbox 1107 267 1192 291; x_wconf 89' lang='lat' dir='ltr'><strong>num</strong></span> <span class='ocrx_word' id='word_1_19' title='bbox 1218 256 1241 292; x_wconf 88' lang='lat' dir='ltr'><strong>ii</strong></span> <span class='ocrx_word' id='word_1_20' title='bbox 1267 256 1336 292; x_wconf 89' lang='lat' dir='ltr'><strong>loci</strong></span> <span class='ocrx_word' id='word_1_21' title='bbox 1361 255 1492 295; x_wconf 86' lang='lat' dir='ltr'><strong>diuersi</strong></span> <span class='ocrx_word' id='word_1_22' title='bbox 1517 258 1587 296; x_wconf 85' lang='lat' dir='ltr'><strong>hu-</strong></span> 
     </span>
     <span class='ocr_line' id='line_1_4' title="bbox 147 309 1587 363; baseline 0.006 -14"><span class='ocrx_word' id='word_1_23' title='bbox 147 313 203 349; x_wconf 91' lang='lat' dir='ltr'><strong>ius</strong></span> <span class='ocrx_word' id='word_1_24' title='bbox 228 312 340 361; x_wconf 88' lang='lat' dir='ltr'><strong>ipsius</strong></span> <span class='ocrx_word' id='word_1_25' title='bbox 367 310 449 346; x_wconf 87' lang='lat' dir='ltr'><strong>libri</strong></span> <span class='ocrx_word' id='word_1_26' title='bbox 474 309 624 358; x_wconf 87' lang='lat' dir='ltr'><strong>suerint,</strong></span> <span class='ocrx_word' id='word_1_27' title='bbox 654 322 700 347; x_wconf 90' lang='lat' dir='ltr'><strong>an</strong></span> <span class='ocrx_word' id='word_1_28' title='bbox 728 311 836 349; x_wconf 87' lang='lat' dir='ltr'><strong>totius</strong></span> <span class='ocrx_word' id='word_1_29' title='bbox 863 315 1038 361; x_wconf 88' lang='lat' dir='ltr'><strong>corporis,</strong></span> <span class='ocrx_word' id='word_1_30' title='bbox 1067 315 1369 363; x_wconf 82' lang='lat' dir='ltr'><strong>quemadmodum</strong></span> <span class='ocrx_word' id='word_1_31' title='bbox 1397 319 1587 358; x_wconf 81' lang='lat' dir='ltr'><strong>manifesto</strong></span> 
     </span>
     <span class='ocr_line' id='line_1_5' title="bbox 145 371 1587 430; baseline 0.006 -22"><span class='ocrx_word' id='word_1_32' title='bbox 145 376 187 422; x_wconf 82' lang='lat'><strong>6,</strong></span> <span class='ocrx_word' id='word_1_33' title='bbox 212 376 250 420; x_wconf 88' lang='lat'><strong>6,</strong></span> <span class='ocrx_word' id='word_1_34' title='bbox 279 383 373 421; x_wconf 88' lang='lat' dir='ltr'><strong>quae</strong></span> <span class='ocrx_word' id='word_1_35' title='bbox 399 371 567 408; x_wconf 88' lang='lat' dir='ltr'><strong>dicuntur</strong></span> <span class='ocrx_word' id='word_1_36' title='bbox 592 372 639 407; x_wconf 88' lang='lat' dir='ltr'><strong>ab</strong></span> <span class='ocrx_word' id='word_1_37' title='bbox 665 373 883 422; x_wconf 82' lang='lat' dir='ltr'>Augustino:</span> <span class='ocrx_word' id='word_1_38' title='bbox 925 376 976 410; x_wconf 78' lang='lat' dir='ltr'><strong>Et</strong></span> <span class='ocrx_word' id='word_1_39' title='bbox 1000 378 1118 412; x_wconf 77' lang='lat' dir='ltr'><strong>tamen</strong></span> <span class='ocrx_word' id='word_1_40' title='bbox 1145 376 1219 414; x_wconf 76' lang='lat' dir='ltr'><strong>alio</strong></span> <span class='ocrx_word' id='word_1_41' title='bbox 1246 376 1321 414; x_wconf 83' lang='lat' dir='ltr'><strong>loco</strong></span> <span class='ocrx_word' id='word_1_42' title='bbox 1347 376 1434 415; x_wconf 64' lang='lat' dir='ltr'><strong>dicit</strong></span> <span class='ocrx_word' id='word_1_43' title='bbox 1459 379 1502 416; x_wconf 82' lang='lat' dir='ltr'><strong>de</strong></span> <span class='ocrx_word' id='word_1_44' title='bbox 1521 393 1587 430; x_wconf 69' lang='lat' dir='ltr'><strong>ye-</strong></span> 
     </span>
     <span class='ocr_line' id='line_1_6' title="bbox 144 433 1586 489; baseline 0.003 -16"><span class='ocrx_word' id='word_1_45' title='bbox 144 433 391 473; x_wconf 67' lang='lat' dir='ltr'><strong>„erationibus</strong></span> <span class='ocrx_word' id='word_1_46' title='bbox 416 433 561 471; x_wconf 78' lang='lat' dir='ltr'><strong>deorum</strong></span> <span class='ocrx_word' id='word_1_47' title='bbox 587 439 696 483; x_wconf 86' lang='lat' dir='ltr'><strong>caet.,</strong></span> <span class='ocrx_word' id='word_1_48' title='bbox 730 436 913 485; x_wconf 80' lang='lat' dir='ltr'><strong>pertinent</strong></span> <span class='ocrx_word' id='word_1_49' title='bbox 948 434 996 471; x_wconf 90' lang='lat' dir='ltr'><strong>ad</strong></span> <span class='ocrx_word' id='word_1_50' title='bbox 1029 436 1158 474; x_wconf 89' lang='lat' dir='ltr'><strong>librum</strong></span> <span class='ocrx_word' id='word_1_51' title='bbox 1194 445 1361 488; x_wconf 89' lang='lat' dir='ltr'><strong>quartum</strong></span> <span class='ocrx_word' id='word_1_52' title='bbox 1394 439 1586 489; x_wconf 89' lang='lat' dir='ltr'><strong>decimum,</strong></span> 
     </span>
     <span class='ocr_line' id='line_1_7' title="bbox 144 495 1588 551; baseline 0.003 -17"><span class='ocrx_word' id='word_1_53' title='bbox 144 497 204 535; x_wconf 90' lang='lat' dir='ltr'><strong>uel</strong></span> <span class='ocrx_word' id='word_1_54' title='bbox 230 503 370 533; x_wconf 83' lang='lat' dir='ltr'><strong>sextum</strong></span> <span class='ocrx_word' id='word_1_55' title='bbox 396 495 588 540; x_wconf 86' lang='lat' dir='ltr'><strong>decimum,</strong></span> <span class='ocrx_word' id='word_1_56' title='bbox 614 501 652 533; x_wconf 92' lang='lat' dir='ltr'><strong>et</strong></span> <span class='ocrx_word' id='word_1_57' title='bbox 676 496 712 533; x_wconf 88' lang='lat' dir='ltr'><strong>in</strong></span> <span class='ocrx_word' id='word_1_58' title='bbox 739 503 922 546; x_wconf 88' lang='lat' dir='ltr'><strong>postremo</strong></span> <span class='ocrx_word' id='word_1_59' title='bbox 948 497 1039 533; x_wconf 85' lang='lat' dir='ltr'><strong>libro</strong></span> <span class='ocrx_word' id='word_1_60' title='bbox 1063 498 1191 535; x_wconf 90' lang='lat' dir='ltr'><strong>iterum</strong></span> <span class='ocrx_word' id='word_1_61' title='bbox 1211 501 1411 538; x_wconf 87' lang='lat' dir='ltr'><strong>Varronem</strong></span> <span class='ocrx_word' id='word_1_62' title='bbox 1438 501 1588 551; x_wconf 84' lang='lat' dir='ltr'><strong>physica</strong></span> 
     </span>
     <span class='ocr_line' id='line_1_8' title="bbox 143 557 1585 613; baseline 0.003 -18"><span class='ocrx_word' id='word_1_63' title='bbox 143 557 353 595; x_wconf 82' lang='lat' dir='ltr'><strong>disseruisse</strong></span> <span class='ocrx_word' id='word_1_64' title='bbox 378 563 517 594; x_wconf 88' lang='lat' dir='ltr'><strong>certum</strong></span> <span class='ocrx_word' id='word_1_65' title='bbox 551 563 605 594; x_wconf 87' lang='lat' dir='ltr'><strong>est</strong></span> <span class='ocrx_word' id='word_1_66' title='bbox 631 569 684 595; x_wconf 76' lang='lat' dir='ltr'><strong>,ex</strong></span> <span class='ocrx_word' id='word_1_67' title='bbox 709 558 801 605; x_wconf 86' lang='lat' dir='ltr'><strong>Aug.</strong></span> <span class='ocrx_word' id='word_1_68' title='bbox 829 559 866 601; x_wconf 88' lang='lat'><strong>7,</strong></span> <span class='ocrx_word' id='word_1_69' title='bbox 896 559 966 604; x_wconf 78' lang='lat'><strong>173</strong></span> <span class='ocrx_word' id='word_1_70' title='bbox 999 569 1044 594; x_wconf 90' lang='lat' dir='ltr'><strong>an</strong></span> <span class='ocrx_word' id='word_1_71' title='bbox 1076 558 1232 610; x_wconf 89' lang='lat' dir='ltr'><strong>denique</strong></span> <span class='ocrx_word' id='word_1_72' title='bbox 1267 561 1312 597; x_wconf 91' lang='lat' dir='ltr'><strong>ad</strong></span> <span class='ocrx_word' id='word_1_73' title='bbox 1345 563 1443 600; x_wconf 90' lang='lat' dir='ltr'><strong>aliud</strong></span> <span class='ocrx_word' id='word_1_74' title='bbox 1477 576 1585 613; x_wconf 89' lang='lat' dir='ltr'><strong>opus,</strong></span> 
     </span>
     <span class='ocr_line' id='line_1_9' title="bbox 139 618 1586 674; baseline 0.003 -17"><span class='ocrx_word' id='word_1_75' title='bbox 139 619 294 657; x_wconf 82' lang='lat' dir='ltr'><strong>forsitan</strong></span> <span class='ocrx_word' id='word_1_76' title='bbox 329 619 458 656; x_wconf 78' lang='lat' dir='ltr'><strong>librum</strong></span> <span class='ocrx_word' id='word_1_77' title='bbox 491 618 534 655; x_wconf 75' lang='lat' dir='ltr'><strong>de</strong></span> <span class='ocrx_word' id='word_1_78' title='bbox 567 618 665 655; x_wconf 74' lang='lat' dir='ltr'><strong>cultu</strong></span> <span class='ocrx_word' id='word_1_79' title='bbox 698 618 866 665; x_wconf 79' lang='lat' dir='ltr'><strong>deorum,</strong></span> <span class='ocrx_word' id='word_1_80' title='bbox 900 630 1007 667; x_wconf 89' lang='lat' dir='ltr'><strong>quem</strong></span> <span class='ocrx_word' id='word_1_81' title='bbox 1041 620 1120 669; x_wconf 85' lang='lat' dir='ltr'><strong>ipse</strong></span> <span class='ocrx_word' id='word_1_82' title='bbox 1147 622 1364 670; x_wconf 83' lang='lat' dir='ltr'><strong>Augustinus</strong></span> <span class='ocrx_word' id='word_1_83' title='bbox 1396 625 1586 674; x_wconf 81' lang='lat' dir='ltr'><strong>aliquoties</strong></span> 
     </span>
     <span class='ocr_line' id='line_1_10' title="bbox 140 679 1585 731; baseline 0.003 -12"><span class='ocrx_word' id='word_1_84' title='bbox 140 682 317 730; x_wconf 87' lang='lat' dir='ltr'><strong>nominat,</strong></span> <span class='ocrx_word' id='word_1_85' title='bbox 343 681 427 718; x_wconf 89' lang='lat' dir='ltr'><strong>uide</strong></span> <span class='ocrx_word' id='word_1_86' title='bbox 452 692 548 730; x_wconf 88' lang='lat' dir='ltr'><strong>quae</strong></span> <span class='ocrx_word' id='word_1_87' title='bbox 575 686 747 717; x_wconf 89' lang='lat' dir='ltr'><strong>notantur</strong></span> <span class='ocrx_word' id='word_1_88' title='bbox 771 680 808 715; x_wconf 90' lang='lat' dir='ltr'><strong>in</strong></span> <span class='ocrx_word' id='word_1_89' title='bbox 835 679 894 716; x_wconf 89' lang='lat' dir='ltr'><strong>ed.</strong></span> <span class='ocrx_word' id='word_1_90' title='bbox 913 679 1048 718; x_wconf 87' lang='lat' dir='ltr'><strong>Durdr.</strong></span> <span class='ocrx_word' id='word_1_91' title='bbox 1077 694 1114 731; x_wconf 89' lang='lat' dir='ltr'><strong>p.</strong></span> <span class='ocrx_word' id='word_1_92' title='bbox 1131 683 1270 731; x_wconf 81' lang='lat'><strong>50,51.</strong></span> <span class='ocrx_word' id='word_1_93' title='bbox 1322 685 1465 722; x_wconf 87' lang='lat' dir='ltr'><strong>Tamen</strong></span> <span class='ocrx_word' id='word_1_94' title='bbox 1491 685 1585 723; x_wconf 86' lang='lat' dir='ltr'><strong>hanc</strong></span> 
     </span>
     <span class='ocr_line' id='line_1_11' title="bbox 139 740 1584 795; baseline 0.001 -13"><span class='ocrx_word' id='word_1_95' title='bbox 139 745 256 795; x_wconf 80' lang='lat' dir='ltr'><strong>ipsam</strong></span> <span class='ocrx_word' id='word_1_96' title='bbox 277 743 557 793; x_wconf 80' lang='lat' dir='ltr'><strong>appellationem</strong></span> <span class='ocrx_word' id='word_1_97' title='bbox 581 742 693 778; x_wconf 78' lang='lat' dir='ltr'><strong>fuisse</strong></span> <span class='ocrx_word' id='word_1_98' title='bbox 719 740 867 777; x_wconf 89' lang='lat' dir='ltr'><strong>inditam</strong></span> <span class='ocrx_word' id='word_1_99' title='bbox 889 741 1006 790; x_wconf 87' lang='lat' dir='ltr'><strong>primo</strong></span> <span class='ocrx_word' id='word_1_100' title='bbox 1026 741 1108 779; x_wconf 90' lang='lat' dir='ltr'><strong>huic</strong></span> <span class='ocrx_word' id='word_1_101' title='bbox 1126 751 1245 780; x_wconf 81' lang='lat' dir='ltr'><strong>rerum</strong></span> <span class='ocrx_word' id='word_1_102' title='bbox 1263 744 1464 783; x_wconf 87' lang='lat' dir='ltr'><strong>diuinarum</strong></span> <span class='ocrx_word' id='word_1_103' title='bbox 1490 748 1584 784; x_wconf 89' lang='lat' dir='ltr'><strong>libro</strong></span> 
     </span>
     <span class='ocr_line' id='line_1_12' title="bbox 137 802 1584 858; baseline 0.001 -15"><span class='ocrx_word' id='word_1_104' title='bbox 137 808 345 843; x_wconf 84' lang='lat' dir='ltr'><strong>coniectura</strong></span> <span class='ocrx_word' id='word_1_105' title='bbox 370 804 489 852; x_wconf 86' lang='lat' dir='ltr'><strong>soret,</strong></span> <span class='ocrx_word' id='word_1_106' title='bbox 523 805 580 840; x_wconf 87' lang='lat' dir='ltr'><strong>eui</strong></span> <span class='ocrx_word' id='word_1_107' title='bbox 607 815 677 839; x_wconf 91' lang='lat' dir='ltr'><strong>non</strong></span> <span class='ocrx_word' id='word_1_108' title='bbox 704 802 857 838; x_wconf 84' lang='lat' dir='ltr'><strong>multum</strong></span> <span class='ocrx_word' id='word_1_109' title='bbox 885 803 1005 839; x_wconf 85' lang='lat' dir='ltr'><strong>obstat</strong></span> <span class='ocrx_word' id='word_1_110' title='bbox 1030 804 1128 853; x_wconf 86' lang='lat' dir='ltr'><strong>apud</strong></span> <span class='ocrx_word' id='word_1_111' title='bbox 1155 807 1414 855; x_wconf 69' lang='lat' dir='ltr'><strong>Augus-tinum,</strong></span> <span class='ocrx_word' id='word_1_112' title='bbox 1449 813 1487 844; x_wconf 87' lang='lat' dir='ltr'><strong>et</strong></span> <span class='ocrx_word' id='word_1_113' title='bbox 1511 820 1584 858; x_wconf 82' lang='lat' dir='ltr'><strong>pa-</strong></span> 
     </span>
     <span class='ocr_line' id='line_1_13' title="bbox 137 863 1584 918; baseline 0.001 -13"><span class='ocrx_word' id='word_1_114' title='bbox 137 869 365 906; x_wconf 87' lang='lat' dir='ltr'><strong>trocinantur</strong></span> <span class='ocrx_word' id='word_1_115' title='bbox 389 865 502 902; x_wconf 89' lang='lat' dir='ltr'><strong>multa</strong></span> <span class='ocrx_word' id='word_1_116' title='bbox 529 866 574 901; x_wconf 85' lang='lat' dir='ltr'><strong>ab</strong></span> <span class='ocrx_word' id='word_1_117' title='bbox 602 865 679 900; x_wconf 87' lang='lat' dir='ltr'><strong>aliis</strong></span> <span class='ocrx_word' id='word_1_118' title='bbox 705 863 752 900; x_wconf 90' lang='lat' dir='ltr'><strong>de</strong></span> <span class='ocrx_word' id='word_1_119' title='bbox 777 863 952 900; x_wconf 90' lang='lat' dir='ltr'><strong>eiusmodi</strong></span> <span class='ocrx_word' id='word_1_120' title='bbox 987 865 1173 901; x_wconf 83' lang='lat' dir='ltr'><strong>titulorum</strong></span> <span class='ocrx_word' id='word_1_121' title='bbox 1207 867 1350 903; x_wconf 84' lang='lat' dir='ltr'><strong>licentia</strong></span> <span class='ocrx_word' id='word_1_122' title='bbox 1375 869 1584 918; x_wconf 81' lang='lat' dir='ltr'><strong>obseruata,</strong></span> 
     </span>
     <span class='ocr_line' id='line_1_14' title="bbox 134 925 1584 979; baseline 0.002 -13"><span class='ocrx_word' id='word_1_123' title='bbox 134 936 178 967; x_wconf 91' lang='lat' dir='ltr'><strong>ut</strong></span> <span class='ocrx_word' id='word_1_124' title='bbox 202 930 252 966; x_wconf 93' lang='lat' dir='ltr'><strong>illi</strong></span> <span class='ocrx_word' id='word_1_125' title='bbox 278 940 425 979; x_wconf 90' lang='lat' dir='ltr'><strong>quoque</strong></span> <span class='ocrx_word' id='word_1_126' title='bbox 449 928 604 964; x_wconf 86' lang='lat' dir='ltr'><strong>fortasse</strong></span> <span class='ocrx_word' id='word_1_127' title='bbox 638 926 708 962; x_wconf 90' lang='lat' dir='ltr'><strong>loci</strong></span> <span class='ocrx_word' id='word_1_128' title='bbox 741 925 1002 963; x_wconf 80' lang='lat' dir='ltr'><strong>transcribendi</strong></span> <span class='ocrx_word' id='word_1_129' title='bbox 1035 926 1201 964; x_wconf 84' lang='lat' dir='ltr'><strong>fuissent.</strong></span> <span class='ocrx_word' id='word_1_130' title='bbox 1252 927 1459 967; x_wconf 82' lang='lat' dir='ltr'><strong>Potuissent</strong></span> <span class='ocrx_word' id='word_1_131' title='bbox 1483 937 1584 969; x_wconf 84' lang='lat' dir='ltr'><strong>certe</strong></span> 
     </span>
     <span class='ocr_line' id='line_1_15' title="bbox 133 988 1582 1038; baseline 0 -8"><span class='ocrx_word' id='word_1_132' title='bbox 133 992 274 1030; x_wconf 83' lang='lat' dir='ltr'><strong>minuta</strong></span> <span class='ocrx_word' id='word_1_133' title='bbox 300 991 414 1027; x_wconf 90' lang='lat' dir='ltr'><strong>multa</strong></span> <span class='ocrx_word' id='word_1_134' title='bbox 440 989 509 1025; x_wconf 87' lang='lat' dir='ltr'><strong>alia</strong></span> <span class='ocrx_word' id='word_1_135' title='bbox 535 1001 581 1026; x_wconf 87' lang='lat' dir='ltr'><strong>ex</strong></span> <span class='ocrx_word' id='word_1_136' title='bbox 605 989 802 1037; x_wconf 82' lang='lat' dir='ltr'><strong>Augustino</strong></span> <span class='ocrx_word' id='word_1_137' title='bbox 832 988 975 1037; x_wconf 83' lang='lat' dir='ltr'><strong>colligi,</strong></span> <span class='ocrx_word' id='word_1_138' title='bbox 1009 1000 1104 1038; x_wconf 87' lang='lat' dir='ltr'><strong>quae</strong></span> <span class='ocrx_word' id='word_1_139' title='bbox 1131 988 1177 1025; x_wconf 84' lang='lat' dir='ltr'><strong>ad</strong></span> <span class='ocrx_word' id='word_1_140' title='bbox 1212 1002 1388 1028; x_wconf 85' lang='lat' dir='ltr'><strong>summam</strong></span> <span class='ocrx_word' id='word_1_141' title='bbox 1414 998 1451 1030; x_wconf 91' lang='lat' dir='ltr'><strong>et</strong></span> <span class='ocrx_word' id='word_1_142' title='bbox 1476 998 1582 1030; x_wconf 88' lang='lat' dir='ltr'><strong>teno-</strong></span> 
     </span>
     <span class='ocr_line' id='line_1_16' title="bbox 134 1049 1122 1101; baseline -0.003 -11"><span class='ocrx_word' id='word_1_143' title='bbox 134 1065 213 1091; x_wconf 83' lang='lat' dir='ltr'><strong>rem</strong></span> <span class='ocrx_word' id='word_1_144' title='bbox 238 1052 488 1101; x_wconf 85' lang='lat' dir='ltr'><strong>disputationis</strong></span> <span class='ocrx_word' id='word_1_145' title='bbox 514 1049 804 1100; x_wconf 83' lang='lat' dir='ltr'><strong>cognoscendum</strong></span> <span class='ocrx_word' id='word_1_146' title='bbox 829 1050 944 1086; x_wconf 86' lang='lat' dir='ltr'><strong>minus</strong></span> <span class='ocrx_word' id='word_1_147' title='bbox 969 1049 1122 1089; x_wconf 83' lang='lat' dir='ltr'><strong>faciunt.</strong></span> 
     </span>
    </p>

    <p class='ocr_par' dir='ltr' id='par_1_3' title="bbox 112 1111 1582 2577">
     <span class='ocr_line' id='line_1_17' title="bbox 235 1111 1582 1164; baseline 0.002 -14"><span class='ocrx_word' id='word_1_148' title='bbox 235 1115 351 1151; x_wconf 91' lang='lat' dir='ltr'><strong>Huius</strong></span> <span class='ocrx_word' id='word_1_149' title='bbox 377 1113 627 1163; x_wconf 87' lang='lat' dir='ltr'><strong>disputationis</strong></span> <span class='ocrx_word' id='word_1_150' title='bbox 658 1112 829 1162; x_wconf 87' lang='lat' dir='ltr'><strong>primaria</strong></span> <span class='ocrx_word' id='word_1_151' title='bbox 861 1123 944 1161; x_wconf 86' lang='lat' dir='ltr'><strong>pars</strong></span> <span class='ocrx_word' id='word_1_152' title='bbox 980 1124 1052 1149; x_wconf 89' lang='lat' dir='ltr'><strong>non</strong></span> <span class='ocrx_word' id='word_1_153' title='bbox 1079 1111 1223 1161; x_wconf 87' lang='lat' dir='ltr'><strong>dubito,</strong></span> <span class='ocrx_word' id='word_1_154' title='bbox 1256 1114 1343 1164; x_wconf 88' lang='lat' dir='ltr'><strong>quin</strong></span> <span class='ocrx_word' id='word_1_155' title='bbox 1372 1115 1434 1152; x_wconf 91' lang='lat' dir='ltr'><strong>illa</strong></span> <span class='ocrx_word' id='word_1_156' title='bbox 1458 1114 1582 1164; x_wconf 80' lang='lat' dir='ltr'><strong>suerit,</strong></span> 
     </span>
     <span class='ocr_line' id='line_1_18' title="bbox 132 1174 1580 1225; baseline 0.001 -12"><span class='ocrx_word' id='word_1_157' title='bbox 132 1176 196 1213; x_wconf 86' lang='lat' dir='ltr'><strong>ubi</strong></span> <span class='ocrx_word' id='word_1_158' title='bbox 224 1176 271 1213; x_wconf 94' lang='lat' dir='ltr'><strong>de</strong></span> <span class='ocrx_word' id='word_1_159' title='bbox 297 1175 452 1212; x_wconf 83' lang='lat' dir='ltr'><strong>naturali</strong></span> <span class='ocrx_word' id='word_1_160' title='bbox 488 1174 638 1211; x_wconf 89' lang='lat' dir='ltr'><strong>deorum</strong></span> <span class='ocrx_word' id='word_1_161' title='bbox 674 1174 972 1223; x_wconf 84' lang='lat' dir='ltr'><strong>interpretatione</strong></span> <span class='ocrx_word' id='word_1_162' title='bbox 997 1174 1128 1211; x_wconf 88' lang='lat' dir='ltr'><strong>Seruio</strong></span> <span class='ocrx_word' id='word_1_163' title='bbox 1163 1181 1255 1212; x_wconf 89' lang='lat' dir='ltr'><strong>teste</strong></span> <span class='ocrx_word' id='word_1_164' title='bbox 1279 1175 1503 1225; x_wconf 77' lang='lat' dir='ltr'><strong>plenissime,</strong></span> <span class='ocrx_word' id='word_1_165' title='bbox 1539 1183 1580 1214; x_wconf 87' lang='lat' dir='ltr'><strong>ut</strong></span> 
     </span>
     <span class='ocr_line' id='line_1_19' title="bbox 131 1234 1580 1288; baseline 0 -13"><span class='ocrx_word' id='word_1_166' title='bbox 131 1245 254 1275; x_wconf 84' lang='lat' dir='ltr'><strong>autem</strong></span> <span class='ocrx_word' id='word_1_167' title='bbox 280 1239 358 1288; x_wconf 88' lang='lat' dir='ltr'><strong>ipse</strong></span> <span class='ocrx_word' id='word_1_168' title='bbox 383 1237 513 1273; x_wconf 82' lang='lat' dir='ltr'><strong>dixisse</strong></span> <span class='ocrx_word' id='word_1_169' title='bbox 538 1235 683 1273; x_wconf 89' lang='lat' dir='ltr'><strong>uidetur</strong></span> <span class='ocrx_word' id='word_1_170' title='bbox 706 1237 945 1285; x_wconf 73' lang='lat' dir='ltr'><strong>paucissima,</strong></span> <span class='ocrx_word' id='word_1_171' title='bbox 973 1234 1045 1272; x_wconf 88' lang='lat' dir='ltr'><strong>uid.</strong></span> <span class='ocrx_word' id='word_1_172' title='bbox 1074 1241 1225 1286; x_wconf 81' lang='lat' dir='ltr'><strong>August.</strong></span> <span class='ocrx_word' id='word_1_173' title='bbox 1254 1240 1290 1282; x_wconf 93' lang='lat'><strong>7,</strong></span> <span class='ocrx_word' id='word_1_174' title='bbox 1317 1238 1355 1286; x_wconf 81' lang='grc' dir='ltr'><strong>ὃ,</strong></span> <span class='ocrx_word' id='word_1_175' title='bbox 1382 1239 1580 1288; x_wconf 88' lang='lat' dir='ltr'><strong>praelocu-</strong></span> 
     </span>
     <span class='ocr_line' id='line_1_20' title="bbox 131 1297 1578 1348; baseline 0 -11"><span class='ocrx_word' id='word_1_176' title='bbox 131 1306 190 1337; x_wconf 91' lang='lat' dir='ltr'><strong>tus</strong></span> <span class='ocrx_word' id='word_1_177' title='bbox 217 1306 286 1338; x_wconf 91' lang='lat' dir='ltr'><strong>est.</strong></span> <span class='ocrx_word' id='word_1_178' title='bbox 338 1301 443 1336; x_wconf 88' lang='lat' dir='ltr'><strong>Hanc</strong></span> <span class='ocrx_word' id='word_1_179' title='bbox 477 1299 522 1335; x_wconf 89' lang='lat' dir='ltr'><strong>ab</strong></span> <span class='ocrx_word' id='word_1_180' title='bbox 555 1299 634 1347; x_wconf 90' lang='lat' dir='ltr'><strong>ipso</strong></span> <span class='ocrx_word' id='word_1_181' title='bbox 669 1297 820 1334; x_wconf 89' lang='lat' dir='ltr'><strong>indicari</strong></span> <span class='ocrx_word' id='word_1_182' title='bbox 847 1298 1035 1344; x_wconf 82' lang='lat' dir='ltr'><strong>existimo,</strong></span> <span class='ocrx_word' id='word_1_183' title='bbox 1069 1311 1151 1335; x_wconf 90' lang='lat' dir='ltr'><strong>cum</strong></span> <span class='ocrx_word' id='word_1_184' title='bbox 1177 1299 1276 1348; x_wconf 86' lang='lat' dir='ltr'><strong>apud</strong></span> <span class='ocrx_word' id='word_1_185' title='bbox 1303 1300 1516 1337; x_wconf 87' lang='lat' dir='ltr'><strong>Ciceronem</strong></span> <span class='ocrx_word' id='word_1_186' title='bbox 1541 1300 1578 1337; x_wconf 85' lang='lat' dir='ltr'><strong>in</strong></span> 
     </span>
     <span class='ocr_line' id='line_1_21' title="bbox 128 1358 1579 1412; baseline -0.001 -13"><span class='ocrx_word' id='word_1_187' title='bbox 128 1362 382 1412; x_wconf 83' lang='lat' dir='ltr'><strong>antiquitatum</strong></span> <span class='ocrx_word' id='word_1_188' title='bbox 410 1361 600 1410; x_wconf 87' lang='lat' dir='ltr'><strong>prooemiis</strong></span> <span class='ocrx_word' id='word_1_189' title='bbox 622 1360 733 1396; x_wconf 88' lang='lat' dir='ltr'><strong>multa</strong></span> <span class='ocrx_word' id='word_1_190' title='bbox 759 1371 781 1396; x_wconf 87' lang='lat' dir='ltr'><strong>a</strong></span> <span class='ocrx_word' id='word_1_191' title='bbox 803 1371 843 1395; x_wconf 91' lang='lat' dir='ltr'><strong>se</strong></span> <span class='ocrx_word' id='word_1_192' title='bbox 867 1358 1116 1408; x_wconf 87' lang='lat' dir='ltr'><strong>philosophice</strong></span> <span class='ocrx_word' id='word_1_193' title='bbox 1142 1359 1237 1397; x_wconf 91' lang='lat' dir='ltr'><strong>dicta</strong></span> <span class='ocrx_word' id='word_1_194' title='bbox 1264 1359 1434 1398; x_wconf 80' lang='lat' dir='ltr'><strong>affirmat.</strong></span> <span class='ocrx_word' id='word_1_195' title='bbox 1475 1362 1579 1398; x_wconf 86' lang='lat' dir='ltr'><strong>Hanc</strong></span> 
     </span>
     <span class='ocr_line' id='line_1_22' title="bbox 129 1419 1578 1472; baseline 0 -12"><span class='ocrx_word' id='word_1_196' title='bbox 129 1423 286 1472; x_wconf 83' lang='lat' dir='ltr'><strong>denique</strong></span> <span class='ocrx_word' id='word_1_197' title='bbox 312 1434 457 1459; x_wconf 88' lang='lat' dir='ltr'><strong>causam</strong></span> <span class='ocrx_word' id='word_1_198' title='bbox 483 1421 595 1458; x_wconf 82' lang='lat' dir='ltr'><strong>fuisse</strong></span> <span class='ocrx_word' id='word_1_199' title='bbox 622 1421 807 1469; x_wconf 81' lang='lat' dir='ltr'><strong>existimo,</strong></span> <span class='ocrx_word' id='word_1_200' title='bbox 835 1433 900 1457; x_wconf 89' lang='lat' dir='ltr'><strong>cur</strong></span> <span class='ocrx_word' id='word_1_201' title='bbox 927 1419 1054 1457; x_wconf 88' lang='lat' dir='ltr'><strong>Cicero</strong></span> <span class='ocrx_word' id='word_1_202' title='bbox 1082 1422 1127 1457; x_wconf 88' lang='lat' dir='ltr'><strong>ab</strong></span> <span class='ocrx_word' id='word_1_203' title='bbox 1154 1433 1198 1458; x_wconf 92' lang='lat' dir='ltr'><strong>eo</strong></span> <span class='ocrx_word' id='word_1_204' title='bbox 1225 1422 1391 1459; x_wconf 82' lang='lat' dir='ltr'><strong>Antiochi</strong></span> <span class='ocrx_word' id='word_1_205' title='bbox 1417 1422 1578 1472; x_wconf 89' lang='lat' dir='ltr'><strong>philoso-</strong></span> 
     </span>
     <span class='ocr_line' id='line_1_23' title="bbox 127 1481 1576 1535; baseline 0 -14"><span class='ocrx_word' id='word_1_206' title='bbox 127 1484 250 1535; x_wconf 88' lang='lat' dir='ltr'><strong>phiam</strong></span> <span class='ocrx_word' id='word_1_207' title='bbox 279 1485 428 1535; x_wconf 88' lang='lat' dir='ltr'><strong>probari</strong></span> <span class='ocrx_word' id='word_1_208' title='bbox 454 1482 724 1529; x_wconf 76' lang='lat' dir='ltr'><strong>existimauerit,</strong></span> <span class='ocrx_word' id='word_1_209' title='bbox 752 1481 931 1531; x_wconf 90' lang='lat' dir='ltr'><strong>huiusque</strong></span> <span class='ocrx_word' id='word_1_210' title='bbox 955 1489 1078 1532; x_wconf 88' lang='lat' dir='ltr'><strong>partes</strong></span> <span class='ocrx_word' id='word_1_211' title='bbox 1104 1484 1139 1520; x_wconf 88' lang='lat' dir='ltr'><strong>in</strong></span> <span class='ocrx_word' id='word_1_212' title='bbox 1167 1483 1381 1520; x_wconf 82' lang='lat' dir='ltr'><strong>academicis</strong></span> <span class='ocrx_word' id='word_1_213' title='bbox 1407 1484 1440 1520; x_wconf 91' lang='lat' dir='ltr'><strong>ei</strong></span> <span class='ocrx_word' id='word_1_214' title='bbox 1466 1491 1576 1521; x_wconf 87' lang='lat' dir='ltr'><strong>tuen-</strong></span> 
     </span>
     <span class='ocr_line' id='line_1_24' title="bbox 128 1543 1577 1593; baseline -0.001 -10"><span class='ocrx_word' id='word_1_215' title='bbox 128 1546 195 1583; x_wconf 87' lang='lat' dir='ltr'><strong>das</strong></span> <span class='ocrx_word' id='word_1_216' title='bbox 221 1546 376 1584; x_wconf 86' lang='lat' dir='ltr'><strong>dederit.</strong></span> <span class='ocrx_word' id='word_1_217' title='bbox 423 1546 567 1583; x_wconf 90' lang='lat' dir='ltr'><strong>Stoicus</strong></span> <span class='ocrx_word' id='word_1_218' title='bbox 594 1544 825 1593; x_wconf 89' lang='lat' dir='ltr'><strong>caeteroquin</strong></span> <span class='ocrx_word' id='word_1_219' title='bbox 852 1543 921 1580; x_wconf 84' lang='lat' dir='ltr'><strong>fuit</strong></span> <span class='ocrx_word' id='word_1_220' title='bbox 943 1544 1076 1591; x_wconf 88' lang='lat' dir='ltr'><strong>Varro,</strong></span> <span class='ocrx_word' id='word_1_221' title='bbox 1104 1544 1169 1580; x_wconf 89' lang='lat' dir='ltr'><strong>nisi</strong></span> <span class='ocrx_word' id='word_1_222' title='bbox 1197 1545 1255 1580; x_wconf 89' lang='lat' dir='ltr'><strong>ubi</strong></span> <span class='ocrx_word' id='word_1_223' title='bbox 1283 1545 1446 1592; x_wconf 82' lang='lat' dir='ltr'><strong>cynicum</strong></span> <span class='ocrx_word' id='word_1_224' title='bbox 1471 1557 1577 1582; x_wconf 88' lang='lat' dir='ltr'><strong>secu·</strong></span> 
     </span>
     <span class='ocr_line' id='line_1_25' title="bbox 125 1605 1574 1658; baseline 0 -14"><span class='ocrx_word' id='word_1_225' title='bbox 125 1613 184 1645; x_wconf 89' lang='lat' dir='ltr'><strong>tus</strong></span> <span class='ocrx_word' id='word_1_226' title='bbox 210 1614 279 1655; x_wconf 89' lang='lat' dir='ltr'><strong>est,</strong></span> <span class='ocrx_word' id='word_1_227' title='bbox 306 1609 516 1658; x_wconf 87' lang='lat' dir='ltr'><strong>praesertim</strong></span> <span class='ocrx_word' id='word_1_228' title='bbox 543 1620 625 1643; x_wconf 90' lang='lat' dir='ltr'><strong>cum</strong></span> <span class='ocrx_word' id='word_1_229' title='bbox 651 1606 760 1642; x_wconf 88' lang='lat' dir='ltr'><strong>libros</strong></span> <span class='ocrx_word' id='word_1_230' title='bbox 787 1605 833 1642; x_wconf 89' lang='lat' dir='ltr'><strong>de</strong></span> <span class='ocrx_word' id='word_1_231' title='bbox 856 1605 880 1642; x_wconf 94' lang='lat' dir='ltr'><strong>l.</strong></span> <span class='ocrx_word' id='word_1_232' title='bbox 900 1605 925 1642; x_wconf 93' lang='lat' dir='ltr'><strong>l.</strong></span> <span class='ocrx_word' id='word_1_233' title='bbox 951 1607 1139 1654; x_wconf 87' lang='lat' dir='ltr'><strong>scriberet,</strong></span> <span class='ocrx_word' id='word_1_234' title='bbox 1168 1606 1251 1643; x_wconf 91' lang='lat' dir='ltr'><strong>uide</strong></span> <span class='ocrx_word' id='word_1_235' title='bbox 1270 1605 1437 1643; x_wconf 82' lang='lat' dir='ltr'><strong>Mueller.</strong></span> <span class='ocrx_word' id='word_1_236' title='bbox 1454 1606 1574 1656; x_wconf 85' lang='lat' dir='ltr'><strong>praes.</strong></span> 
     </span>
     <span class='ocr_line' id='line_1_26' title="bbox 123 1667 1576 1719; baseline -0.001 -13"><span class='ocrx_word' id='word_1_237' title='bbox 123 1681 163 1719; x_wconf 82' lang='lat' dir='ltr'><strong>p.</strong></span> <span class='ocrx_word' id='word_1_238' title='bbox 179 1681 224 1717; x_wconf 76' lang='lat' dir='ltr'><strong>v,</strong></span> <span class='ocrx_word' id='word_1_239' title='bbox 242 1681 308 1717; x_wconf 61' lang='grc' dir='ltr'><strong>νη</strong></span> <span class='ocrx_word' id='word_1_240' title='bbox 341 1669 406 1707; x_wconf 87' lang='lat' dir='ltr'><strong>sed</strong></span> <span class='ocrx_word' id='word_1_241' title='bbox 431 1669 622 1706; x_wconf 74' lang='lat' dir='ltr'><strong>uidebatur</strong></span> <span class='ocrx_word' id='word_1_242' title='bbox 647 1667 834 1714; x_wconf 86' lang='lat' dir='ltr'><strong>Ciceroni,</strong></span> <span class='ocrx_word' id='word_1_243' title='bbox 871 1679 938 1704; x_wconf 86' lang='lat' dir='ltr'><strong>nec</strong></span> <span class='ocrx_word' id='word_1_244' title='bbox 963 1668 1113 1715; x_wconf 85' lang='lat' dir='ltr'><strong>iniuria,</strong></span> <span class='ocrx_word' id='word_1_245' title='bbox 1147 1668 1195 1704; x_wconf 81' lang='lat' dir='ltr'><strong>ad</strong></span> <span class='ocrx_word' id='word_1_246' title='bbox 1221 1667 1443 1704; x_wconf 87' lang='lat' dir='ltr'><strong>academiam</strong></span> <span class='ocrx_word' id='word_1_247' title='bbox 1469 1668 1576 1705; x_wconf 90' lang='lat' dir='ltr'><strong>incli-</strong></span> 
     </span>
     <span class='ocr_line' id='line_1_27' title="bbox 122 1728 1576 1779; baseline 0 -13"><span class='ocrx_word' id='word_1_248' title='bbox 122 1741 227 1777; x_wconf 79' lang='lat' dir='ltr'><strong>nare,</strong></span> <span class='ocrx_word' id='word_1_249' title='bbox 252 1731 336 1779; x_wconf 83' lang='lat' dir='ltr'><strong>quia</strong></span> <span class='ocrx_word' id='word_1_250' title='bbox 354 1730 484 1767; x_wconf 89' lang='lat' dir='ltr'><strong>Seruio</strong></span> <span class='ocrx_word' id='word_1_251' title='bbox 506 1736 597 1767; x_wconf 90' lang='lat' dir='ltr'><strong>teste</strong></span> <span class='ocrx_word' id='word_1_252' title='bbox 619 1730 813 1766; x_wconf 87' lang='lat' dir='ltr'><strong>stoicorum</strong></span> <span class='ocrx_word' id='word_1_253' title='bbox 829 1730 969 1779; x_wconf 82' lang='lat' dir='ltr'><strong>placitis</strong></span> <span class='ocrx_word' id='word_1_254' title='bbox 992 1729 1182 1766; x_wconf 85' lang='lat' dir='ltr'><strong>admiscuit</strong></span> <span class='ocrx_word' id='word_1_255' title='bbox 1197 1728 1400 1764; x_wconf 87' lang='lat' dir='ltr'><strong>Platonica.</strong></span> <span class='ocrx_word' id='word_1_256' title='bbox 1435 1729 1576 1773; x_wconf 85' lang='lat' dir='ltr'><strong>Quem-</strong></span> 
     </span>
     <span class='ocr_line' id='line_1_28' title="bbox 123 1790 1575 1841; baseline 0.001 -14"><span class='ocrx_word' id='word_1_257' title='bbox 123 1790 320 1835; x_wconf 85' lang='lat' dir='ltr'><strong>admodum</strong></span> <span class='ocrx_word' id='word_1_258' title='bbox 347 1793 382 1828; x_wconf 93' lang='lat' dir='ltr'><strong>in</strong></span> <span class='ocrx_word' id='word_1_259' title='bbox 416 1792 619 1841; x_wconf 82' lang='lat' dir='ltr'><strong>fragmento</strong></span> <span class='ocrx_word' id='word_1_260' title='bbox 645 1792 669 1826; x_wconf 90' lang='grc'>7</span> <span class='ocrx_word' id='word_1_261' title='bbox 704 1792 859 1839; x_wconf 86' lang='lat' dir='ltr'><strong>primum</strong></span> <span class='ocrx_word' id='word_1_262' title='bbox 892 1803 1033 1827; x_wconf 88' lang='lat' dir='ltr'><strong>comma</strong></span> <span class='ocrx_word' id='word_1_263' title='bbox 1071 1798 1125 1827; x_wconf 90' lang='lat' dir='ltr'><strong>est</strong></span> <span class='ocrx_word' id='word_1_264' title='bbox 1156 1790 1332 1838; x_wconf 85' lang='lat' dir='ltr'><strong>stoicum,</strong></span> <span class='ocrx_word' id='word_1_265' title='bbox 1368 1791 1575 1841; x_wconf 87' lang='lat' dir='ltr'><strong>explicatio,</strong></span> 
     </span>
     <span class='ocr_line' id='line_1_29' title="bbox 123 1851 1574 1903; baseline 0 -13"><span class='ocrx_word' id='word_1_266' title='bbox 123 1865 218 1903; x_wconf 89' lang='lat' dir='ltr'><strong>quae</strong></span> <span class='ocrx_word' id='word_1_267' title='bbox 244 1854 420 1902; x_wconf 90' lang='lat' dir='ltr'><strong>sequitur,</strong></span> <span class='ocrx_word' id='word_1_268' title='bbox 447 1853 625 1889; x_wconf 81' lang='lat' dir='ltr'><strong>simillima</strong></span> <span class='ocrx_word' id='word_1_269' title='bbox 650 1851 847 1889; x_wconf 89' lang='lat' dir='ltr'><strong>Platonicis</strong></span> <span class='ocrx_word' id='word_1_270' title='bbox 874 1853 910 1889; x_wconf 93' lang='lat' dir='ltr'><strong>in</strong></span> <span class='ocrx_word' id='word_1_271' title='bbox 937 1851 1143 1903; x_wconf 88' lang='lat' dir='ltr'><strong>epinomide</strong></span> <span class='ocrx_word' id='word_1_272' title='bbox 1169 1865 1207 1902; x_wconf 89' lang='lat' dir='ltr'><strong>p.</strong></span> <span class='ocrx_word' id='word_1_273' title='bbox 1228 1854 1318 1899; x_wconf 84' lang='lat'><strong>981,</strong></span> <span class='ocrx_word' id='word_1_274' title='bbox 1347 1852 1407 1888; x_wconf 93' lang='lat' dir='ltr'><strong>ubi</strong></span> <span class='ocrx_word' id='word_1_275' title='bbox 1433 1852 1479 1889; x_wconf 92' lang='lat' dir='ltr'><strong>de</strong></span> <span class='ocrx_word' id='word_1_276' title='bbox 1505 1852 1574 1890; x_wconf 90' lang='lat' dir='ltr'><strong>du·</strong></span> 
     </span>
     <span class='ocr_line' id='line_1_30' title="bbox 121 1912 1574 1965; baseline 0 -14"><span class='ocrx_word' id='word_1_277' title='bbox 121 1916 206 1965; x_wconf 89' lang='lat' dir='ltr'><strong>plici</strong></span> <span class='ocrx_word' id='word_1_278' title='bbox 232 1927 366 1964; x_wconf 85' lang='lat' dir='ltr'><strong>genere</strong></span> <span class='ocrx_word' id='word_1_279' title='bbox 392 1927 586 1965; x_wconf 87' lang='lat' dir='ltr'><strong>corporum</strong></span> <span class='ocrx_word' id='word_1_280' title='bbox 611 1926 632 1950; x_wconf 87' lang='lat' dir='ltr'><strong>a</strong></span> <span class='ocrx_word' id='word_1_281' title='bbox 653 1914 800 1950; x_wconf 88' lang='lat' dir='ltr'><strong>numine</strong></span> <span class='ocrx_word' id='word_1_282' title='bbox 826 1914 948 1950; x_wconf 90' lang='lat' dir='ltr'><strong>diuino</strong></span> <span class='ocrx_word' id='word_1_283' title='bbox 975 1927 1047 1950; x_wconf 90' lang='lat' dir='ltr'><strong>non</strong></span> <span class='ocrx_word' id='word_1_284' title='bbox 1075 1913 1203 1951; x_wconf 90' lang='lat' dir='ltr'><strong>eodem</strong></span> <span class='ocrx_word' id='word_1_285' title='bbox 1229 1913 1338 1950; x_wconf 88' lang='lat' dir='ltr'><strong>modo</strong></span> <span class='ocrx_word' id='word_1_286' title='bbox 1365 1912 1574 1952; x_wconf 82' lang='lat' dir='ltr'><strong>afflatorum</strong></span> 
     </span>
     <span class='ocr_line' id='line_1_31' title="bbox 121 1975 1574 2026; baseline 0.001 -14"><span class='ocrx_word' id='word_1_287' title='bbox 121 1976 295 2026; x_wconf 89' lang='lat' dir='ltr'><strong>disputat.</strong></span> <span class='ocrx_word' id='word_1_288' title='bbox 346 1978 395 2014; x_wconf 90' lang='lat' dir='ltr'><strong>Et</strong></span> <span class='ocrx_word' id='word_1_289' title='bbox 421 1985 541 2014; x_wconf 90' lang='lat' dir='ltr'><strong>tamen</strong></span> <span class='ocrx_word' id='word_1_290' title='bbox 566 1988 665 2013; x_wconf 88' lang='lat' dir='ltr'><strong>mera</strong></span> <span class='ocrx_word' id='word_1_291' title='bbox 691 1976 804 2012; x_wconf 88' lang='lat' dir='ltr'><strong>stoica</strong></span> <span class='ocrx_word' id='word_1_292' title='bbox 829 1975 889 2011; x_wconf 89' lang='lat' dir='ltr'><strong>illa</strong></span> <span class='ocrx_word' id='word_1_293' title='bbox 915 1982 1013 2023; x_wconf 89' lang='lat' dir='ltr'><strong>sunt,</strong></span> <span class='ocrx_word' id='word_1_294' title='bbox 1040 1986 1135 2025; x_wconf 89' lang='lat' dir='ltr'><strong>quae</strong></span> <span class='ocrx_word' id='word_1_295' title='bbox 1158 1975 1376 2022; x_wconf 81' lang='lat' dir='ltr'><strong>Augustinus</strong></span> <span class='ocrx_word' id='word_1_296' title='bbox 1400 1977 1437 2020; x_wconf 88' lang='lat'><strong>7,</strong></span> <span class='ocrx_word' id='word_1_297' title='bbox 1453 1978 1500 2012; x_wconf 85' lang='lat'><strong>23</strong></span> <span class='ocrx_word' id='word_1_298' title='bbox 1528 1983 1574 2014; x_wconf 79' lang='lat' dir='ltr'><strong>ex</strong></span> 
     </span>
     <span class='ocr_line' id='line_1_32' title="bbox 120 2035 1571 2108; baseline 0.001 -34"><span class='ocrx_word' id='word_1_299' title='bbox 120 2037 214 2074; x_wconf 90' lang='lat' dir='ltr'><strong>libro</strong></span> <span class='ocrx_word' id='word_1_300' title='bbox 240 2038 366 2075; x_wconf 89' lang='lat' dir='ltr'><strong>ultimo</strong></span> <span class='ocrx_word' id='word_1_301' title='bbox 387 2052 458 2077; x_wconf 90' lang='lat' dir='ltr'><strong>rer.</strong></span> <span class='ocrx_word' id='word_1_302' title='bbox 476 2039 550 2076; x_wconf 88' lang='lat' dir='ltr'><strong>diu.</strong></span> <span class='ocrx_word' id='word_1_303' title='bbox 568 2039 767 2088; x_wconf 85' lang='lat' dir='ltr'><strong>excerpsit3</strong></span> <span class='ocrx_word' id='word_1_304' title='bbox 795 2035 922 2073; x_wconf 82' lang='lat' dir='ltr'><strong>confer</strong></span> <span class='ocrx_word' id='word_1_305' title='bbox 941 2037 1051 2085; x_wconf 90' lang='lat' dir='ltr'><strong>plane</strong></span> <span class='ocrx_word' id='word_1_306' title='bbox 1073 2036 1215 2085; x_wconf 86' lang='lat' dir='ltr'><strong>gemina</strong></span> <span class='ocrx_word' id='word_1_307' title='bbox 1236 2036 1328 2073; x_wconf 82' lang='lat' dir='ltr'><strong>haec</strong></span> <span class='ocrx_word' id='word_1_308' title='bbox 1347 2036 1445 2108; x_wconf 83' lang='lat' dir='ltr'><strong>apud</strong></span> <span class='ocrx_word' id='word_1_309' title='bbox 1463 2037 1571 2087; x_wconf 82' lang='lat' dir='ltr'><strong>Diog-</strong></span> 
     </span>
     <span class='ocr_line' id='line_1_33' title="bbox 118 2091 1571 2151; baseline -0.001 -16"><span class='ocrx_word' id='word_1_310' title='bbox 118 2097 246 2137; x_wconf 83' lang='lat' dir='ltr'><strong>Laert.</strong></span> <span class='ocrx_word' id='word_1_311' title='bbox 273 2100 335 2137; x_wconf 87' lang='lat' dir='ltr'><strong>lib.</strong></span> <span class='ocrx_word' id='word_1_312' title='bbox 363 2103 402 2149; x_wconf 89' lang='lat'><strong>7,</strong></span> <span class='ocrx_word' id='word_1_313' title='bbox 430 2114 467 2151; x_wconf 89' lang='lat' dir='ltr'><strong>p</strong></span> <span class='ocrx_word' id='word_1_314' title='bbox 491 2102 568 2137; x_wconf 78' lang='lat'><strong>522</strong></span> <span class='ocrx_word' id='word_1_315' title='bbox 593 2099 651 2137; x_wconf 86' lang='lat' dir='ltr'><strong>ed.</strong></span> <span class='ocrx_word' id='word_1_316' title='bbox 681 2100 764 2136; x_wconf 85' lang='lat' dir='ltr'><strong>Cas.</strong></span> <span class='ocrx_word' id='word_1_317' title='bbox 794 2100 912 2135; x_wconf 88' lang='grc'><strong>1616.</strong></span> <span class='ocrx_word' id='word_1_318' title='bbox 953 2094 1008 2142; x_wconf 78' lang='grc' dir='ltr'><strong>εἷς</strong></span> <span class='ocrx_word' id='word_1_319' title='bbox 1034 2093 1143 2134; x_wconf 80' lang='grc' dir='ltr'><em>ἅπαν</em></span> <span class='ocrx_word' id='word_1_320' title='bbox 1178 2091 1304 2134; x_wconf 68' lang='grc' dir='ltr'><em>αἰτοῦ</em></span> <span class='ocrx_word' id='word_1_321' title='bbox 1329 2095 1452 2145; x_wconf 76' lang='grc' dir='ltr'><strong><em>μέρος</em></strong></span> <span class='ocrx_word' id='word_1_322' title='bbox 1478 2093 1571 2147; x_wconf 75' lang='grc' dir='ltr'><em>διή-</em></span> 
     </span>
     <span class='ocr_line' id='line_1_34' title="bbox 118 2153 1567 2217; baseline 0 -21"><span class='ocrx_word' id='word_1_323' title='bbox 118 2171 261 2205; x_wconf 82' lang='grc' dir='ltr'><strong><em>κοντος</em></strong></span> <span class='ocrx_word' id='word_1_324' title='bbox 288 2161 360 2198; x_wconf 83' lang='grc' dir='ltr'><strong>τοῦ</strong></span> <span class='ocrx_word' id='word_1_325' title='bbox 385 2164 489 2212; x_wconf 80' lang='grc' dir='ltr'><em>νοῦ,</em></span> <span class='ocrx_word' id='word_1_326' title='bbox 509 2157 696 2210; x_wconf 74' lang='grc' dir='ltr'><strong><em>καθάπερ</em></strong></span> <span class='ocrx_word' id='word_1_327' title='bbox 730 2155 799 2217; x_wconf 77' lang='grc' dir='ltr'><strong>ἐφ’</strong></span> <span class='ocrx_word' id='word_1_328' title='bbox 830 2153 944 2208; x_wconf 76' lang='grc' dir='ltr'>ἡμῶν</span> <span class='ocrx_word' id='word_1_329' title='bbox 978 2158 1052 2207; x_wconf 84' lang='grc' dir='ltr'><strong>τῆς</strong></span> <span class='ocrx_word' id='word_1_330' title='bbox 1076 2158 1238 2207; x_wconf 83' lang='grc' dir='ltr'><strong><em>ψυχῆς,</em></strong></span> <span class='ocrx_word' id='word_1_331' title='bbox 1275 2153 1370 2194; x_wconf 81' lang='grc' dir='ltr'><strong><em>ἀλλ’</em></strong></span> <span class='ocrx_word' id='word_1_332' title='bbox 1400 2154 1479 2207; x_wconf 78' lang='grc' dir='ltr'><strong>ήδη</strong></span> <span class='ocrx_word' id='word_1_333' title='bbox 1508 2153 1567 2196; x_wconf 75' lang='grc' dir='ltr'><strong>δι’</strong></span> 
     </span>
     <span class='ocr_line' id='line_1_35' title="bbox 118 2210 1570 2272; baseline -0.001 -14"><span class='ocrx_word' id='word_1_334' title='bbox 118 2210 174 2258; x_wconf 81' lang='grc' dir='ltr'><strong>ὧν</strong></span> <span class='ocrx_word' id='word_1_335' title='bbox 199 2219 273 2270; x_wconf 74' lang='grc' dir='ltr'><strong>μὲν</strong></span> <span class='ocrx_word' id='word_1_336' title='bbox 298 2223 475 2272; x_wconf 81' lang='grc' dir='ltr'><em>μᾶλλον,</em></span> <span class='ocrx_word' id='word_1_337' title='bbox 511 2218 570 2260; x_wconf 72' lang='grc' dir='ltr'><strong>δι’</strong></span> <span class='ocrx_word' id='word_1_338' title='bbox 605 2212 660 2260; x_wconf 79' lang='grc' dir='ltr'><strong>ὧν</strong></span> <span class='ocrx_word' id='word_1_339' title='bbox 688 2220 732 2260; x_wconf 81' lang='grc' dir='ltr'><strong>δὲ</strong></span> <span class='ocrx_word' id='word_1_340' title='bbox 766 2218 900 2271; x_wconf 75' lang='grc' dir='ltr'><em>ἦττον</em></span> <span class='ocrx_word' id='word_1_341' title='bbox 942 2214 998 2257; x_wconf 76' lang='grc' dir='ltr'><strong>δι’</strong></span> <span class='ocrx_word' id='word_1_342' title='bbox 1029 2216 1083 2256; x_wconf 79' lang='grc' dir='ltr'><strong>ὡν</strong></span> <span class='ocrx_word' id='word_1_343' title='bbox 1115 2218 1190 2268; x_wconf 75' lang='grc' dir='ltr'><strong>μὲν</strong></span> <span class='ocrx_word' id='word_1_344' title='bbox 1216 2215 1293 2270; x_wconf 68' lang='lat'><strong>2129</strong></span> <span class='ocrx_word' id='word_1_345' title='bbox 1322 2213 1372 2264; x_wconf 82' lang='grc' dir='ltr'><strong>ὡς</strong></span> <span class='ocrx_word' id='word_1_346' title='bbox 1397 2215 1477 2265; x_wconf 70' lang='grc' dir='ltr'><strong><em>ἵξις</em></strong></span> <span class='ocrx_word' id='word_1_347' title='bbox 1501 2233 1570 2258; x_wconf 82' lang='grc' dir='ltr'><strong>κε-</strong></span> 
     </span>
     <span class='ocr_line' id='line_1_36' title="bbox 114 2271 1569 2333; baseline -0.001 -14"><span class='ocrx_word' id='word_1_348' title='bbox 114 2277 318 2333; x_wconf 77' lang='grc' dir='ltr'><em>χωρηκεν,</em></span> <span class='ocrx_word' id='word_1_349' title='bbox 347 2279 401 2330; x_wconf 80' lang='grc' dir='ltr'><strong>ὡς</strong></span> <span class='ocrx_word' id='word_1_350' title='bbox 427 2280 496 2322; x_wconf 77' lang='grc' dir='ltr'><strong>διὰ</strong></span> <span class='ocrx_word' id='word_1_351' title='bbox 522 2283 600 2321; x_wconf 83' lang='grc' dir='ltr'><strong>τῶν</strong></span> <span class='ocrx_word' id='word_1_352' title='bbox 633 2280 734 2330; x_wconf 82' lang='grc' dir='ltr'>ὀςῶν</span> <span class='ocrx_word' id='word_1_353' title='bbox 760 2296 826 2320; x_wconf 87' lang='grc' dir='ltr'><strong>και</strong></span> <span class='ocrx_word' id='word_1_354' title='bbox 854 2282 932 2320; x_wconf 80' lang='grc' dir='ltr'><strong>τῶν</strong></span> <span class='ocrx_word' id='word_1_355' title='bbox 957 2276 1127 2330; x_wconf 79' lang='grc' dir='ltr'><strong><em>νεύρων,</em></strong></span> <span class='ocrx_word' id='word_1_356' title='bbox 1155 2276 1211 2318; x_wconf 79' lang='grc' dir='ltr'><strong>δι</strong></span> <span class='ocrx_word' id='word_1_357' title='bbox 1243 2271 1296 2319; x_wconf 83' lang='grc' dir='ltr'><strong>ὧν</strong></span> <span class='ocrx_word' id='word_1_358' title='bbox 1323 2279 1368 2318; x_wconf 68' lang='lat' dir='ltr'><strong>ds*</strong></span> <span class='ocrx_word' id='word_1_359' title='bbox 1394 2274 1448 2325; x_wconf 79' lang='grc' dir='ltr'><strong>ὥς</strong></span> <span class='ocrx_word' id='word_1_360' title='bbox 1473 2283 1569 2326; x_wconf 77' lang='grc' dir='ltr'><em>νοΐς</em></span> 
     </span>
     <span class='ocr_line' id='line_1_37' title="bbox 117 2337 1566 2397; baseline 0 -17"><span class='ocrx_word' id='word_1_361' title='bbox 117 2341 187 2381; x_wconf 80' lang='grc' dir='ltr'><strong>διὰ</strong></span> <span class='ocrx_word' id='word_1_362' title='bbox 214 2347 286 2383; x_wconf 84' lang='grc' dir='ltr'><strong>τοῦ</strong></span> <span class='ocrx_word' id='word_1_363' title='bbox 320 2341 570 2397; x_wconf 72' lang='grc' dir='ltr'><em>ἡγεμονικοῦ.</em></span> <span class='ocrx_word' id='word_1_364' title='bbox 611 2344 677 2383; x_wconf 84' lang='grc' dir='ltr'><strong>καὶ</strong></span> <span class='ocrx_word' id='word_1_365' title='bbox 708 2342 803 2383; x_wconf 83' lang='grc' dir='ltr'><em>ὅλον</em></span> <span class='ocrx_word' id='word_1_366' title='bbox 839 2340 909 2382; x_wconf 81' lang='grc' dir='ltr'><strong>τὸν</strong></span> <span class='ocrx_word' id='word_1_367' title='bbox 944 2340 1096 2393; x_wconf 85' lang='grc' dir='ltr'><strong><em>κόσμον</em></strong></span> <span class='ocrx_word' id='word_1_368' title='bbox 1134 2341 1232 2389; x_wconf 83' lang='grc' dir='ltr'>ζῶον</span> <span class='ocrx_word' id='word_1_369' title='bbox 1269 2337 1366 2380; x_wconf 75' lang='grc' dir='ltr'><strong>ὄντα</strong></span> <span class='ocrx_word' id='word_1_370' title='bbox 1392 2340 1460 2380; x_wconf 88' lang='grc' dir='ltr'><strong>καὶ</strong></span> <span class='ocrx_word' id='word_1_371' title='bbox 1494 2337 1566 2392; x_wconf 68' lang='grc' dir='ltr'><strong>ἴμ-</strong></span> 
     </span>
     <span class='ocr_line' id='line_1_38' title="bbox 115 2401 1566 2458; baseline 0.001 -18"><span class='ocrx_word' id='word_1_372' title='bbox 115 2412 251 2453; x_wconf 81' lang='grc' dir='ltr'><strong><em>ψυχον</em></strong></span> <span class='ocrx_word' id='word_1_373' title='bbox 277 2405 342 2444; x_wconf 86' lang='grc' dir='ltr'><strong>καὶ</strong></span> <span class='ocrx_word' id='word_1_374' title='bbox 369 2403 541 2458; x_wconf 69' lang='grc' dir='ltr'><em>λογικόν,</em></span> <span class='ocrx_word' id='word_1_375' title='bbox 571 2402 671 2456; x_wconf 59' lang='grc' dir='ltr'><strong><em>ἔχειν</em></strong></span> <span class='ocrx_word' id='word_1_376' title='bbox 689 2401 925 2458; x_wconf 76' lang='grc' dir='ltr'><em>ἡγεμονικὸν</em></span> <span class='ocrx_word' id='word_1_377' title='bbox 946 2402 1016 2442; x_wconf 80' lang='grc' dir='ltr'><strong>τὸν</strong></span> <span class='ocrx_word' id='word_1_378' title='bbox 1038 2402 1187 2453; x_wconf 75' lang='grc' dir='ltr'><em>αἰθέρα</em></span> <span class='ocrx_word' id='word_1_379' title='bbox 1203 2427 1273 2444; x_wconf 92' lang='grc'><strong>-.</strong></span> <span class='ocrx_word' id='word_1_380' title='bbox 1303 2404 1401 2448; x_wconf 90' lang='lat' dir='ltr'><strong>Quid</strong></span> <span class='ocrx_word' id='word_1_381' title='bbox 1427 2405 1566 2442; x_wconf 88' lang='lat' dir='ltr'><strong>intersit</strong></span> 
     </span>
     <span class='ocr_line' id='line_1_39' title="bbox 114 2464 1566 2519; baseline 0 -17"><span class='ocrx_word' id='word_1_382' title='bbox 114 2465 208 2503; x_wconf 87' lang='lat' dir='ltr'><strong>inter</strong></span> <span class='ocrx_word' id='word_1_383' title='bbox 235 2475 390 2519; x_wconf 89' lang='lat' dir='ltr'><strong>utraque</strong></span> <span class='ocrx_word' id='word_1_384' title='bbox 418 2470 643 2517; x_wconf 88' lang='lat' dir='ltr'><strong>discriminis,</strong></span> <span class='ocrx_word' id='word_1_385' title='bbox 670 2470 789 2506; x_wconf 83' lang='lat' dir='ltr'><strong>licebit</strong></span> <span class='ocrx_word' id='word_1_386' title='bbox 816 2468 1105 2505; x_wconf 82' lang='lat' dir='ltr'><strong>animaduertere</strong></span> <span class='ocrx_word' id='word_1_387' title='bbox 1131 2468 1165 2503; x_wconf 90' lang='lat' dir='ltr'><strong>in</strong></span> <span class='ocrx_word' id='word_1_388' title='bbox 1193 2478 1247 2514; x_wconf 86' lang='lat' dir='ltr'><strong>re,</strong></span> <span class='ocrx_word' id='word_1_389' title='bbox 1274 2477 1368 2516; x_wconf 83' lang='lat' dir='ltr'><strong>quae</strong></span> <span class='ocrx_word' id='word_1_390' title='bbox 1395 2466 1441 2503; x_wconf 87' lang='lat' dir='ltr'><strong>ab</strong></span> <span class='ocrx_word' id='word_1_391' title='bbox 1467 2464 1566 2502; x_wconf 90' lang='lat' dir='ltr'><strong>Oui-</strong></span> 
     </span>
     <span class='ocr_line' id='line_1_40' title="bbox 112 2525 987 2577; baseline 0.003 -14"><span class='ocrx_word' id='word_1_392' title='bbox 112 2525 172 2564; x_wconf 87' lang='lat' dir='ltr'><strong>dio</strong></span> <span class='ocrx_word' id='word_1_393' title='bbox 200 2540 272 2566; x_wconf 86' lang='lat' dir='ltr'><strong>non</strong></span> <span class='ocrx_word' id='word_1_394' title='bbox 299 2538 353 2568; x_wconf 91' lang='lat' dir='ltr'><strong>est</strong></span> <span class='ocrx_word' id='word_1_395' title='bbox 380 2532 510 2568; x_wconf 89' lang='lat' dir='ltr'><strong>aliena.</strong></span> <span class='ocrx_word' id='word_1_396' title='bbox 562 2532 595 2568; x_wconf 92' lang='lat' dir='ltr'><strong>Is</strong></span> <span class='ocrx_word' id='word_1_397' title='bbox 623 2531 683 2567; x_wconf 92' lang='lat' dir='ltr'><strong>ubi</strong></span> <span class='ocrx_word' id='word_1_398' title='bbox 709 2531 797 2567; x_wconf 88' lang='lat' dir='ltr'><strong>dixit</strong></span> <span class='ocrx_word' id='word_1_399' title='bbox 824 2534 862 2577; x_wconf 85' lang='lat'><strong>3,</strong></span> <span class='ocrx_word' id='word_1_400' title='bbox 893 2534 987 2566; x_wconf 84' lang='lat'>111:</span> 
     </span>
    </p>

    <p class='ocr_par' dir='ltr' id='par_1_4' title="bbox 372 2591 1287 2700">
     <span class='ocr_line' id='line_1_41' title="bbox 372 2591 1287 2640; baseline -0.003 -11"><span class='ocrx_word' id='word_1_401' title='bbox 372 2592 507 2630; x_wconf 61' lang='lat' dir='ltr'><strong>Libera</strong></span> <span class='ocrx_word' id='word_1_402' title='bbox 533 2592 722 2630; x_wconf 75' lang='lat' dir='ltr'><strong>cau-rebant</strong></span> <span class='ocrx_word' id='word_1_403' title='bbox 747 2598 782 2629; x_wconf 77' lang='lat' dir='ltr'><strong>et</strong></span> <span class='ocrx_word' id='word_1_404' title='bbox 806 2591 1039 2630; x_wconf 75' lang='lat' dir='ltr'><strong>inobseruata</strong></span> <span class='ocrx_word' id='word_1_405' title='bbox 1063 2601 1126 2640; x_wconf 75' lang='lat' dir='ltr'><strong>per</strong></span> <span class='ocrx_word' id='word_1_406' title='bbox 1152 2601 1287 2626; x_wconf 82' lang='lat' dir='ltr'><strong>annum</strong></span> 
     </span>
     <span class='ocr_line' id='line_1_42' title="bbox 422 2650 1239 2700; baseline -0.002 -10"><span class='ocrx_word' id='word_1_407' title='bbox 422 2653 570 2700; x_wconf 67' lang='lat' dir='ltr'><strong>Sidet-(13</strong></span> <span class='ocrx_word' id='word_1_408' title='bbox 597 2654 787 2693; x_wconf 76' lang='lat' dir='ltr'><strong>constabat</strong></span> <span class='ocrx_word' id='word_1_409' title='bbox 810 2654 871 2692; x_wconf 79' lang='lat' dir='ltr'><strong>sed</strong></span> <span class='ocrx_word' id='word_1_410' title='bbox 900 2658 1017 2692; x_wconf 73' lang='lat' dir='ltr'><strong>lanum</strong></span> <span class='ocrx_word' id='word_1_411' title='bbox 1043 2664 1118 2690; x_wconf 79' lang='lat' dir='ltr'><strong>esse</strong></span> <span class='ocrx_word' id='word_1_412' title='bbox 1143 2650 1239 2696; x_wconf 83' lang='lat' dir='ltr'><strong>deos,</strong></span> 
     </span>
    </p>
   </div>
   <div class='ocr_carea' id='block_1_3' title="bbox 1647 1216 1685 2954">
    <p class='ocr_par' dir='ltr' id='par_1_5' title="bbox 1647 1216 1685 2954">
     <span class='ocr_line' id='line_1_43' title="bbox 1647 1216 1685 2954; baseline 0 0"><span class='ocrx_word' id='word_1_413' title='bbox 1647 1216 1685 2954; x_wconf 95' lang='lat' dir='ltr'><strong> </strong></span> 
     </span>
    </p>
   </div>
  </div>
 </body>
</html>
