1685 2954
588 100 626 128 P.
657 99 846 130 NIGIDIVS
879 100 1060 130 FIGVLVS
1367 101 1549 131 Lxxxvn

95 198 276 249 principio
299 197 422 245 libelli,
447 195 496 234 de
515 208 589 246 quo
609 198 764 247 agimus,
790 198 838 235 ad
861 210 992 248 graeca
1014 199 1112 236 Arati
1136 198 1248 236 uerba
1267 209 1349 235 eum
1370 205 1547 249 spectare.

95 261 358 309 Argumentum
383 258 493 307 igitur
514 258 605 295 illud
627 259 673 295 de
693 258 824 296 sabulis
844 261 1092 298 astronomicis
1119 261 1230 298 tribus
1248 259 1402 298 sortasse
1422 267 1548 298 aucto-

94 322 193 358 ribus
230 319 440 371 aequalibus
474 318 554 356 fere
591 319 763 356 traditum
798 319 995 367 habemus,
1030 335 1184 371 quorum
1211 325 1295 359 'num
1322 320 1474 360 Ouidius
1501 322 1548 358 ab

93 383 209 420 amico
242 381 326 432 quid
360 385 546 417 mutuatus
580 382 650 429 sit,
686 394 754 431 pro
781 393 822 419 re
847 388 933 418 nata
969 384 1207 431 ignorandum
1233 391 1311 431 est,
1346 394 1414 420 nec
1441 382 1547 420 ualde

91 444 184 481 scire
210 443 352 480 attinet.
405 441 507 478 Arati
542 443 694 492 eiusque
729 443 968 492 interpretum
996 443 1150 480 lectione
1176 444 1263 480 nihil
1291 451 1377 482 tunc
1404 443 1547 481 uidetur

89 504 201 541 fuisse
225 503 473 552 frequentiusx
502 514 610 553 quem
630 511 715 553 post
736 504 964 552 Ciceronem,
992 504 1157 550 Cinnam,
1184 505 1226 542 P.
1248 506 1449 542 Varronem
1468 505 1547 554 ipse

90 564 243 602 Ouidius
270 563 391 600 uertit.

186 624 228 661 Si
264 623 310 660 de
339 625 490 662 Graecis
527 626 726 664 reiiciamus
763 627 949 678 paulisper
983 628 1257 676 quaestionem,
1294 627 1543 664 Romanorum

85 690 172 723 ante
207 684 379 723 Ouidium
414 699 507 723 unus
543 688 769 736 potissimum
807 700 865 724 res
901 688 1078 724 eiusmodi
1116 689 1243 738 insigni
1275 687 1441 724 doctrina
1476 700 1542 724 ex—

85 753 284 797 posuerat,
321 747 364 784 P.
403 747 569 797 Nigidius
608 749 774 798 Figulus.
833 748 886 785 M.
927 749 1082 786 Terent.
1118 750 1239 788 Varro
1272 756 1310 786 et
1342 750 1390 792 Q.
1420 750 1542 786 Aelius

87 809 241 846 Tubero
268 821 352 845 num
390 809 437 846 de
465 809 597 846 sabulis
625 818 916 847 astronomorum
941 806 1173 860 scripserint,
1209 809 1314 847 ualde
1340 816 1395 846 est
1420 811 1541 846 incer-

84 875 180 907 tum:
220 871 430 920 posterioris
457 883 589 908 nomen
623 872 715 908 latet
742 870 842 920 apud
868 871 1104 920 interpretem
1131 872 1280 908 latinum
1308 871 1408 907 Arati
1433 871 1540 921 p.‘53

81 930 207 979 Buhl.,
244 932 305 967 ubi
332 944 422 981 pro:
462 932 669 981 appellatur
694 932 860 979 tyberone
887 933 1139 982 corrigendum
1167 939 1221 969 est
1248 932 1456 982 appellatur
1479 945 1540 970 rc-

78 994 142 1042 9ia
173 992 351 1030 Tuberoni
385 1006 431 1030 ex
457 993 552 1030 Plin.
580 1005 617 1028 n.
644 992 680 1029 h.
709 996 773 1040 18,
799 995 862 1030 64.
923 993 1059 1043 Nigidii
1095 993 1300 1043 fragmenta
1337 993 1482 1043 collegit
1508 993 1538 1031 Ι.

80 1055 299 1103 Rutgersius
333 1055 369 1090 in
406 1066 488 1091 uar.
516 1055 629 1100 lectt.,
663 1056 903 1091 astronomica
939 1055 1023 1092 inde
1056 1067 1078 1091 a
1114 1067 1198 1105 pag.
1219 1056 1306 1092 275.
1361 1053 1539 1104 ibiquod

79 1116 236 1165 primum
264 1116 413 1164 ponitur
439 1128 485 1151 ex
511 1115 641 1151 Seruio
670 1115 717 1151 ad
745 1117 834 1152 Aen.
869 1120 930 1163 ll,
962 1117 1054 1152 715:
1083 1116 1255 1166 Nigidius
1282 1116 1324 1153 de
1349 1128 1434 1153 erra
1455 1143 1465 1152 .
1490 1143 1499 1152 .
1526 1142 1537 1152 .

77 1177 181 1213 Nam
207 1179 240 1212 et
265 1177 422 1224 Ligures
449 1183 538 1224 etc„
572 1184 699 1225 posset
733 1176 861 1213 referri
897 1177 943 1214 ad
979 1178 1112 1214 librum
1146 1178 1192 1214 de
1219 1178 1390 1225 cometis,
1427 1189 1536 1226 quem
1589 1175 1612 1193 ·'

76 1237 210 1287 allegat
235 1237 360 1286 Lydus
387 1237 433 1274 de
468 1243 601 1274 ostent.
628 1250 661 1274 c.
682 1240 751 1283 10,
788 1238 926 1286 absque
953 1239 1065 1275 Gellii
1101 1239 1306 1276 testimonio
1343 1241 1381 1285 3,
1409 1240 1458 1274 10
1488 1237 1536 1276 de

76 1299 237 1337 erraticis
272 1299 385 1336 stellis
423 1300 610 1336 erronibus
645 1311 668 1336 a
694 1298 841 1349 Nigidio
867 1299 969 1336 dictis
1006 1305 1114 1337 esset.
1167 1299 1330 1349 Reliquis
1356 1312 1378 1336 e
1403 1299 1535 1336 Seruio

75 1360 123 1398 de
154 1359 310 1410 sphaera
345 1362 558 1410 graecanica
592 1368 629 1397 et
666 1361 854 1397 barbarica
891 1362 1046 1398 enotatis
1081 1360 1193 1397 addes
1229 1372 1346 1406 pauca
1372 1361 1487 1398 uerba
1512 1373 1534 1399 e

74 1422 199 1459 codice
226 1421 514 1471 Guelferbytano
541 1421 648 1458 Seru.
676 1421 723 1457 ad
750 1434 808 1471 ge.
837 1426 874 1469 1,
893 1425 969 1459 218
1004 1422 1146 1472 prolata
1170 1434 1208 1470 p.
1225 1422 1303 1456 204
1337 1421 1397 1459 ed.
1424 1422 1532 1461 Lion.

74 1484 182 1528 Quae
215 1495 235 1519 e
261 1483 416 1533 sphaera
446 1490 599 1532 utraque
633 1483 815 1532 interpres
849 1484 980 1520 latinus
1007 1484 1105 1519 Arati
1139 1483 1321 1530 seruauit,
1358 1482 1532 1521 differunt

73 1545 120 1582 ab
154 1544 257 1581 editis
291 1557 551 1594 nonnunquam
586 1545 622 1581 in
657 1544 781 1582 codice
807 1545 984 1582 Parisino.
1045 1544 1209 1580 Fabulae
1234 1543 1378 1594 Scorpii
1415 1558 1454 1594 p.
1475 1546 1527 1582 44

73 1605 181 1643 Buhl.
210 1613 247 1643 et
274 1606 419 1644 Orionis
446 1620 482 1657 p.
498 1609 548 1642 77
574 1607 844 1656 coniunguntur
870 1606 981 1657 priori
1007 1607 1107 1642 loco:
1138 1618 1240 1641 mons
1259 1605 1372 1643 Chius
1399 1607 1528 1657 appel·

73 1668 169 1704 latur
199 1668 430 1718 Cliilippium,
461 1668 675 1706 Geloinium:
713 1681 869 1719 repones
894 1668 1149 1710 Pelinnaeum,
1178 1666 1250 1703 uid.
1279 1666 1428 1716 Dionys.
1458 1679 1528 1717 pe-

72 1730 162 1779 rieg.
189 1742 226 1765 u.
249 1731 322 1766 535
346 1737 383 1767 et
401 1730 538 1766 Bernh.
564 1743 600 1779 p.
619 1732 706 1765 671.
758 1730 839 1766 Rex
859 1730 1102 1766 Bistoniorum
1123 1729 1286 1763 Nisaeus
1308 1729 1525 1765 nominatur.

71 1791 113 1827 ln
140 1791 288 1840 Virgine
325 1798 362 1827 et
387 1791 549 1827 Geminis
582 1791 787 1827 insanabilis
820 1802 942 1840 prope
971 1796 1025 1826 est
1051 1789 1238 1825 barbaries
1273 1789 1415 1826 codicis.
1466 1789 1527 1827 De

71 1851 198 1888 Leone
220 1864 256 1900 p.
272 1851 321 1887 52
341 1851 386 1888 B.
415 1851 530 1887 codex
555 1853 627 1888 ita=
651 1853 788 1899 Nviyius
812 1851 923 1897 refert
947 1850 1039 1886 hunc
1064 1850 1199 1886 leonem
1224 1851 1401 1886 nutritum
1426 1849 1525 1900 apud

71 1913 197 1950 lunam
222 1915 326 1949 iussu
350 1914 496 1950 iunonis
521 1912 570 1949 ad
589 1912 743 1950 herculis
768 1914 919 1949 exititnn
939 1911 1193 1959 datussnmquo
1218 1909 1315 1947 caelo
1342 1923 1366 1947 a
1391 1912 1524 1948 iuuene

69 1977 109 2012 in
134 1979 270 2011 terram
295 1973 484 2010 arcadiam
512 1972 550 2021 [l.
577 1974 800 2023 Argolicam]
830 1976 868 2010 in
893 1975 1070 2022 reyionem
1095 1984 1250 2016 nemeae,
1276 1974 1314 2008 in
1340 1984 1412 2021 qua
1437 1984 1523 2023 spe-

70 2036 216 2073 luncam
240 2047 328 2080 esse,
354 2034 414 2071 ubi
440 2034 498 2071 hic
524 2034 576 2072 leo
604 2037 723 2072 uictus
743 2039 976 2078 memoratur,
1004 2035 1089 2082 quia
1116 2033 1202 2070 mih}
1228 2032 1358 2079 dymon
1382 2035 1523 2071 nomine

67 2098 193 2145 fuerit,
220 2097 357 2134 omissis
383 2097 555 2145 proximis
583 2097 722 2134 uerbis:
759 2108 868 2145 quam
895 2094 1042 2144 quidam
1068 2093 1229 2143 Aphriso
1256 2094 1395 2139 dictmt,
1424 2106 1521 2144 quae

67 2160 222 2197 fortasse
248 2160 472 2208 irrepserunt
493 2170 540 2195 -ex
563 2159 658 2207 Hyg.
678 2157 752 2194 fab.
774 2160 835 2194 30.
874 2157 1011 2193 Pareus
1039 2155 1084 2191 de
1110 2155 1216 2190 Luna
1242 2157 1380 2192 nutrice
1404 2156 1520 2194 multa

68 2220 177 2258 docta
203 2226 444 2256 annotauerat
469 2227 506 2256 et
532 2219 810 2256 emendauerat:
842 2222 1082 2261 intentarentur,
1109 2228 1201 2265 quae
1227 2215 1403 2253 Bembina
1426 2228 1463 2252 η.
1485 2215 1517 2262 f.

67 2282 133 2320 sub
167 2286 286 2319 triente
320 2293 423 2331 quem
459 2281 604 2330 quidum
629 2282 821 2331 Apesanta
856 2279 1000 2326 dicunt,
1035 2290 1078 2315 ex
1105 2278 1229 2314 strab.
1258 2280 1296 2325 8,
1322 2279 1360 2324 6,
1386 2290 1425 2327 p.
1440 2280 1518 2313 210

68 2344 254 2391 Tauchn.,
281 2344 411 2392 fragm.
431 2342 640 2390 Panyasidis
669 2342 767 2392 apud
795 2341 911 2378 Gaisf.
935 2347 1031 2390 poet.
1060 2353 1114 2389 gr.
1145 2340 1229 2375 min.
1258 2346 1284 2375 t.
1305 2342 1343 2386 3,
1370 2351 1408 2388 p.
1424 2340 1516 2386 270,

68 2417 105 2442 n.
120 2408 158 2443 8.
178 2405 235 2442 ed.
262 2405 363 2455 Lips.
391 2405 547 2441 Pausan.
575 2408 613 2452 2,
628 2404 688 2440 15.
716 2403 863 2452 quidam
882 2401 1132 2452 Amphitroton
1157 2400 1308 2437 Wessel.
1337 2399 1383 2435 ad
1405 2398 1514 2435 Diod.

71 2467 109 2514 4,
122 2471 181 2503 ll.
219 2467 260 2502 In
279 2468 406 2504 Tauro
425 2480 463 2517 p.
476 2467 524 2502 55
539 2465 584 2502 B.
612 2465 787 2502 ludentem
808 2466 846 2500 in
868 2463 997 2513 templo
1015 2463 1181 2514 ascolapi
1201 2461 1377 2499 ludentem
1401 2459 1516 2498 codex

71 2526 190 2568 habet.
240 2529 349 2566 Venit
382 2530 419 2565 in
446 2534 601 2565 mentem
628 2525 890 2563 Ascalonitidis
920 2526 1078 2562 Veneris·
1130 2525 1170 2561 ln
1198 2525 1320 2560 Ariete
1345 2528 1429 2573 post
1454 2532 1513 2569 ea,

72 2599 166 2637 quae
200 2590 236 2627 in
263 2590 406 2640 uulgari
440 2590 600 2642 editione
626 2601 663 2638 p.
681 2590 728 2624 61
750 2587 794 2624 Β.
822 2588 889 2624 sub
916 2585 1053 2634 Nigidii
1089 2586 1231 2624 nomine
1264 2584 1515 2635 proferuntur,

74 2649 189 2691 codex
212 2652 331 2693 addit:
371 2653 523 2694 Caetera
550 2655 590 2689 ut
613 2650 778 2704 superius
802 2652 940 2703 scripta
965 2652 1050 2687 sunt
1073 2647 1201 2699 refert.
1253 2647 1398 2698 Scripta
1425 2655 1515 2683 uero
