1685 2954
165 79 269 109 κων
675 117 679 123 ἱ
795 80 967 114 ,ΑΡηιιιε

167 179 317 216 moriam
343 191 390 217 ex
415 179 629 229 antiquitate
656 181 864 230 repetierit,
904 191 1001 230 quae
1034 192 1100 217 sua
1133 187 1253 218 aetate
1279 181 1314 218 io
1341 180 1615 222 desuetudinem

168 242 327 279 cesserit.
380 241 501 278 Etiam
535 240 713 279 fastorum
750 242 895 279 tabulae
921 242 1083 291 reliquae
1109 249 1256 292 praeter
1281 243 1502 281 Maffeanam
1529 247 1615 283 talia

166 315 279 353 saepe
304 309 503 339 annotant:
538 315 623 339 uum
652 303 722 341 hoc
747 303 827 340 loco
854 303 890 340 id
917 303 1067 340 Verrius
1092 303 1234 352 fecerit,
1259 305 1446 354 sciremus,
1471 306 1502 342 si
1531 313 1617 345 ante

154 363 235 401 *ista
261 363 430 400 LVNAE
452 363 505 400 IN
526 364 623 401 AVE
655 372 739 402 nota
766 366 834 402 diei
862 367 897 401 in
925 376 1105 401 marmore
1130 367 1325 415 superstite
1351 380 1423 403 non
1450 369 1618 405 euanuis-

167 433 244 463 set:
272 438 355 461 nam
382 425 480 475 quod
507 426 542 461 in
569 426 733 475 Fogginii
760 427 853 476 typis
879 426 978 462 sacto
1004 427 1170 475 exemplo
1191 428 1223 465 C
1242 428 1403 476 additur,
1430 429 1618 478 negligen-
1669 471 1677 478 .

167 494 224 525 ter
252 487 287 523 id
318 487 452 523 sactum
483 494 549 523 est.
602 487 805 524 Potuerunt
831 488 946 523 Verrii
972 494 1093 524 aetate
1125 488 1237 526 seriae
1264 490 1409 537 reduci,
1444 491 1619 540 templum

167 549 322 585 sortasse
348 549 546 598 collapsum
575 549 736 594 restitui,
769 547 868 597 quod
903 548 990 585 item
1017 551 1184 600 exemplo
1219 564 1290 588 non
1317 559 1430 589 caret.
1482 552 1619 588 Verum

168 610 259 648 haec
293 623 374 658 τρε,
410 610 507 660 quod
545 610 668 646 tabula
702 609 887 646 Mafleaua
921 609 1028 645 serias
1064 610 1191 649 Lunae
1217 614 1490 660 Auentinensis‚
1525 625 1621 663 quae

168 679 359 723 praeterea
387 684 408 709 a
432 671 536 707 Liuio
563 673 627 718 40,
653 674 692 718 2,
730 670 817 706 lulio
845 669 985 720 Obseq.
1012 673 1076 719 60,
1112 671 1161 709 P.f
1183 673 1330 710 Victore
1357 686 1622 712 commemora-

168 741 250 779 tur,
287 734 403 769 nullas
439 732 624 781 agnoscit,
661 740 875 780 argumento
911 739 966 769 est
1003 732 1180 770 diversum
1215 734 1249 770 id
1287 737 1460 785 templum
1493 736 1620 784 fuisse,

169 796 268 847 quod
296 802 430 844 negant
455 794 632 843 Neapolis
659 794 704 829 ad
733 792 844 831 Ouid.
877 795 901 831 1.
928 794 1002 830 ind.
1032 801 1068 831 et
1094 795 1290 844 Fogginius
1316 809 1353 846 p.
1370 799 1442 843 37,
1478 809 1499 833 a
1526 797 1621 834 cele·-

169 858 369 894 bratissimo
397 857 537 892 Dianae
562 856 837 903 Auentinensis,
874 856 920 892 ds
946 869 1018 906 quo
1045 856 1195 905 Dionys.
1223 859 1261 903 4,
1290 860 1352 904 26,
1387 858 1485 907 quod
1511 858 1541 894 si
1575 870 1621 895 eo

170 927 336 970 tempore
362 918 528 954 iniuriam
554 917 812 964 eiusmodirut
836 917 951 954 seriae
980 930 1119 954 cessare
1145 918 1361 967 potuissent,
1390 931 1534 968 passum
1560 931 1622 957 ω-

169 988 248 1026 set,
285 993 356 1017 non
392 980 652 1028 ignoraremus.
705 979 815 1028 Atqui
842 980 972 1016 scimus
999 992 1043 1016 ex
1069 980 1179 1016 Festo
1208 993 1243 1030 p·
1263 982 1345 1025 149,
1374 982 1397 1017 7
1424 980 1537 1030 iisque
1561 982 1622 1018 ia-

168 1049 306 1080 storum
333 1041 556 1090 fragmentis,
583 1052 677 1090 quae
701 1053 744 1077 eo
767 1042 847 1077 loco
873 1041 1007 1078 indicat
1028 1041 1239 1089 Muellerus,
1267 1043 1460 1079 maximum
1481 1043 1623 1080 Dianae

169 1104 346 1154 templum
372 1103 579 1139 dedicatum
611 1103 723 1145 fuisse
759 1113 781 1138 a
807 1102 936 1139 Seruio
971 1114 1056 1152 rege
1085 1102 1137 1139 ld.
1163 1104 1257 1153 Aug.
1313 1105 1464 1141 Tacitus
1499 1111 1621 1142 tamen

169 1179 257 1205 ann.
290 1165 350 1213 15,
383 1167 430 1201 41
459 1165 613 1200 Dianam
642 1164 924 1201 Auentinensem
950 1164 1093 1208 Lunam
1120 1167 1323 1214 appellasse
1352 1165 1507 1202 uidetur.

271 1228 328 1264 De
363 1226 476 1276 Aprili
510 1226 709 1262 uideamus.
767 1225 909 1263 Eodem
945 1226 1027 1274 die,
1063 1226 1157 1276 prid.
1191 1226 1306 1274 Non„
1342 1227 1528 1263 exordium
1562 1239 1624 1264 ca·

169 1291 276 1342 piunt
311 1287 386 1326 ludi
410 1288 640 1338 Megalesiaci
675 1287 773 1338 apud
807 1287 1006 1334 Ouidium,
1042 1288 1077 1324 in
1108 1287 1293 1324 Maffeana
1325 1294 1362 1324 et
1387 1288 1624 1326 Praenestina
1663 1332 1685 1339 ,Ἰ

170 1352 306 1390 tabula.
370 1351 408 1387 ln
446 1358 601 1400 utraque
637 1350 705 1387 hac
740 1363 804 1387 cur
839 1350 916 1387 dies
955 1350 987 1386 C
1024 1356 1192 1394 notetur,
1227 1350 1347 1386 fateor
1382 1362 1440 1387 me
1473 1351 1623 1388 nescire.

171 1415 304 1465 Neque
339 1414 434 1450 euim
468 1412 503 1449 id
540 1412 618 1448 fieri
653 1418 741 1462 puto
777 1418 929 1462 propter
962 1410 1135 1448 nobilium
1159 1413 1407 1448 mutuationes
1439 1424 1622 1460 cenarum,
1684 1433 1685 1462 1

171 1474 478 1528 quemadmodum
505 1481 702 1510 annotatur
728 1473 825 1523 apud
853 1473 1034 1510 Verrium.
1087 1474 1254 1524 Alioquin
1281 1473 1409 1510 mirum
1437 1480 1532 1511 esset
1557 1485 1625 1524 pa·
1667 1487 1685 1520 χ

171 1539 291 1577 tricios
317 1543 481 1583 tautum,
518 1535 576 1572 uel
612 1535 750 1572 nobiles
785 1534 881 1572 fasto
908 1536 967 1572 die
1003 1536 1196 1584 mutitare,
1231 1548 1303 1572 non
1331 1537 1437 1573 etiam
1464 1536 1624 1585 plebem,
1656 1527 1685 1564 3³

171 1601 245 1638 uid:
281 1600 379 1637 Gen.
409 1600 470 1645 18,
498 1600 534 1633 2.
594 1596 711 1634 Nonis
746 1604 870 1635 notam
906 1609 1008 1634 suam
1047 1597 1173 1634 deesse
1209 1598 1244 1634 in
1282 1597 1402 1647 lapide
1438 1596 1625 1634 Maffeano
1684 1607 1685 1639 l

168 1675 282 1713 supra
308 1661 443 1698 monui.
495 1658 675 1695 Postridie
700 1659 827 1697 Nonas
855 1660 922 1696 NP
949 1660 1145 1709 ascriptum
1182 1667 1262 1706 est,
1300 1659 1398 1708 quod
1434 1658 1480 1695 ad
1515 1659 1625 1697 ferias
1683 1649 1685 1706 l

171 1729 324 1776 propter
356 1723 489 1758 uictum
517 1721 642 1758 Iubam
677 1728 871 1770 conceptas
906 1728 1071 1771 spectat,
1112 1729 1222 1771 prout
1248 1720 1404 1757 Ouidius
1439 1728 1476 1758 et
1503 1721 1625 1758 tabula
1684 1718 1685 1733 ¹

171 1785 408 1825 Praenestina
433 1782 650 1831 significant.
702 1782 831 1819 Ludos
857 1794 959 1829 uero,
987 1794 1080 1832 quos
1107 1783 1231 1820 tabula
1255 1781 1491 1820 Praenestina
1515 1784 1625 1821 etiam

171 1850 285 1888 habet
310 1847 381 1884 hoc
406 1845 491 1892 die,
517 1844 756 1894 incogitanter
783 1848 963 1893 equestres
988 1851 1026 1881 et
1050 1851 1203 1895 propter
1228 1856 1306 1881 eam
1336 1844 1521 1881 uictoriam
1547 1844 1626 1882 fieri

172 1912 258 1949 dicit
283 1907 502 1958 Fogginius,
540 1917 622 1941 cum
648 1906 719 1942 sint
744 1905 990 1955 Megalenses.
1042 1906 1226 1943 Credibile
1252 1907 1359 1943 etiam
1385 1911 1441 1943 est
1468 1918 1541 1942 una
1566 1905 1625 1943 lit·

172 1980 252 2011 tera
278 1978 435 2009 erratum
462 1980 541 2006 esse
566 1967 602 2004 in
623 1966 864 2004 describendo
890 1979 1074 2005 marmore
1092 1967 1343 2015 Praenestino,
1369 1967 1626 2013 E.Q.E.D.‚

172 2048 242 2086 pro
267 2033 396 2080 RQ„
429 2031 545 2078 feriae
570 2029 665 2078 quod
698 2042 738 2067 eo
765 2029 832 2066 dte.
884 2029 943 2068 Ne
978 2028 1058 2078 quis
1086 2040 1174 2066 uero
1208 2029 1287 2066 illas
1320 2029 1459 2067 litteras
1484 2029 1552 2066 NP
1577 2030 1625 2067 ad

173 2096 299 2148 templi
324 2095 451 2132 Matris
478 2093 610 2130 Idaeae
635 2091 899 2129 dedicationem
927 2091 1110 2140 pertinere
1136 2090 1284 2138 credat,
1311 2091 1408 2128 aliud
1439 2093 1626 2129 marmoris

173 2159 306 2196 Praen.
330 2157 487 2194 frustum
512 2161 680 2205 superest
705 2166 787 2190 cum
814 2153 868 2190 his
893 2152 1044 2190 litteris:
1082 2151 1117 2187 N
1146 2151 1626 2191 LVD1.1N.C1RCO.M.

173 2221 208 2258 D
224 2247 233 2257 .
248 2220 310 2256 M.
325 2219 341 2255 1
356 2247 366 2257 .
380 2218 430 2255 ΙΝ
445 2244 455 2254 .
469 2217 564 2255 PAL
576 2217 692 2262 [atim]
722 2214 866 2259 QVOD
879 2241 887 2250 .
900 2212 970 2250 EO
987 2240 995 2249 .
1008 2213 1091 2249 DIE
1108 2240 1117 2252 .
1133 2213 1278 2250 AEDIS
1292 2241 1300 2250 .
1317 2215 1346 2250 E
1361 2216 1460 2260 [ius.]
1488 2215 1627 2253 DEDl-

174 2280 455 2320 CATA.EST.
509 2278 630 2316 Credo
657 2278 742 2314 olim
777 2277 887 2314 fuisse
912 2275 979 2313 NP
1007 2275 1126 2312 LVDI
1153 2282 1223 2312 etc.
1279 2277 1357 2313 lloc
1383 2277 1627 2327 fragmentum

175 2357 256 2381 cum
290 2343 487 2392 Fogginius
521 2341 680 2378 fateatur
715 2351 754 2376 se
789 2337 1065 2376 accommodare
1099 2338 1261 2387 potuisse
1297 2338 1343 2374 ad
1374 2339 1438 2386 IV,
1466 2339 1530 2387 ΙΙΙ,
1568 2339 1627 2377 uel

173 2405 268 2457 prid.
296 2404 399 2449 idus,
433 2417 505 2440 non
541 2409 639 2440 recte
665 2407 848 2452 postremo
885 2400 964 2437 loco
1001 2401 1121 2450 posuit
1155 2400 1354 2437 secundum
1382 2391 1481 2438 Liuii
1507 2402 1627 2440 locum

173 2470 237 2515 29,
265 2468 325 2515 14,
354 2479 430 2516 quov
454 2471 622 2501 narratur
658 2462 752 2512 prid.
780 2462 833 2499 ld.
860 2462 973 2511 April.
1002 2461 1133 2509 deam,
1169 2475 1250 2500 cum
1278 2462 1432 2498 Romam
1460 2462 1628 2500 aduenis-

174 2535 244 2576 set,
271 2528 448 2579 perlatam
476 2538 555 2563 esse
584 2527 619 2562 iu
647 2525 774 2562 aedem
796 2525 990 2562 Victoriae.
1044 2523 1184 2568 Quodsi
1211 2531 1407 2572 constaret,
1436 2523 1534 2574 quod
1561 2525 1628 2561 mi-

175 2591 271 2629 nime
297 2589 472 2637 traditur,
507 2600 551 2624 eo
587 2587 646 2624 die
682 2587 789 2624 etiam
825 2587 979 2637 primam
1015 2586 1127 2636 ipsius
1153 2585 1244 2623 deae
1270 2585 1397 2622 aedem
1424 2586 1628 2623 dedicatam

174 2653 297 2698 fuisse,
325 2651 542 2689 meminisset
568 2649 766 2699 Fogginius
793 2649 829 2686 in
857 2648 983 2686 tabula
1010 2646 1248 2687 Praenestina
1274 2648 1406 2685 nullius
1432 2648 1628 2688 dedicatio-
