1685 2954
138 80 244 109 LXIV
705 76 932 109 ms'romca
961 81 1017 109 m*

139 178 275 215 Tibull.
309 182 346 226 1,
364 179 405 226 7,
428 181 462 225 l,
482 177 524 213 3:
564 172 671 215 Hunc'
698 180 850 216 cecinere
871 179 964 217 diem
990 199 1036 207 —·
1442 209 1447 218 ,

556 239 650 275 Hinc
673 239 765 288 fore,
790 241 1000 290 Aquitanas
1024 246 1145 290 posset
1170 242 1232 289 qui
1256 241 1395 277 uincere
1417 247 1552 291 gentes,

140 298 446 352 quemadmodum
471 299 555 335 olim
582 301 772 350 legendum
800 303 955 351 conieci3
989 303 1089 350 Virg.
1117 303 1206 338 Aen.
1233 303 1272 349 4,
1296 303 1386 339 169:

423 359 493 397 Ille
517 360 593 398 dies
617 364 757 410 primus
783 362 843 400 leti
866 366 1071 413 primusque
1096 363 1276 400 vitulorum

427 423 551 459 Causa
574 422 659 469 fuit.

138 487 244 530 Quae
269 483 316 520 de
341 482 533 532 Regifugio
562 483 714 520 Ouidius
741 484 851 521 habet
875 488 915 531 2,
935 483 1007 521 685
1028 497 1082 534 sq,
1110 485 1331 522 tractationis
1357 496 1490 534 genere
1516 497 1582 521 no-

136 547 259 584 tabilia
284 551 389 592 sunt,
417 543 464 581 de
490 556 562 594 qua
586 545 680 581 infra
706 545 869 592 dicetur3
904 546 1035 582 lemma
1062 548 1180 596 ipsum
1214 548 1310 583 inter
1335 546 1442 582 serias
1468 546 1582 582 fasto-

134 621 215 646 rum
241 607 508 644 Maffeanorum
533 612 602 653 est,
629 618 748 656 neque
774 606 845 642 huc
871 607 1039 654 pertinet.
1085 607 1196 643 Libro
1222 614 1324 644 sexto
1350 608 1489 657 aliquot
1514 607 1583 643 du-

136 683 217 707 cum
245 670 494 706 Romanorum
531 668 725 714 uictoriae,
758 667 818 703 uel
853 667 974 703 clades
1002 669 1271 717 consignantur.
1322 668 1582 718 Expeditiones

133 732 237 782 ipsae
264 730 458 767 maximam
485 735 625 778 partem
653 728 698 763 ab
725 728 801 763 aliis
835 729 919 764 satis
952 736 1035 764 sunt
1069 731 1286 776 illustratae,
1323 731 1424 766 uelut
1451 742 1485 766 u.
1507 731 1580 765 461

135 793 182 830 de
207 792 323 828 Bruto
350 790 509 827 Callaico
536 789 729 826 laudantur
747 788 880 825 Strabo
907 789 967 825 lib.
982 792 1018 835 3,
1046 802 1077 828 c.
1095 793 1133 835 3,
1159 802 1196 839 p.
1216 792 1302 835 198,
1316 793 1406 837 200,
1421 793 1494 826 202
1523 790 1581 826 ed.

135 854 246 900 Cor.;
272 853 352 889 Liv.
378 853 438 898 36,
469 853 538 898 103
575 851 705 886 Florus
731 854 769 897 2,
799 852 860 897 17,
889 853 960 897 123
988 850 1115 886 Vellei.
1143 855 1182 898 2,
1211 851 1250 896 5,
1278 855 1312 887 l.
1365 852 1489 886 Annus
1514 849 1585 886 suit

133 915 181 952 V.
207 914 251 951 C.
280 916 366 950 618.
421 912 524 948 Adde
551 918 711 948 ueterem
738 912 970 960 interpretem
998 911 1182 947 Ciceronis
1209 923 1275 960 pro
1297 910 1425 946 Archia
1452 923 1490 960 p.
1508 911 1584 947 248

133 975 194 1013 ed.
213 975 310 1011 Mai:
347 976 419 1011 Hic
447 977 586 1011 Brutus
610 972 807 1010 Gallaecus
833 972 906 1019 fuit
933 977 1158 1021 cognomento
1184 972 1225 1009 ob
1251 984 1309 1009 res
1334 973 1373 1008 in
1399 972 1586 1020 Hispania

132 1048 207 1074 non
231 1037 351 1072 minus
375 1040 529 1078 strenue,
557 1046 667 1083 qmtm
691 1033 844 1080 feliciter
868 1039 1002 1082 yestas.
1056 1038 1148 1071 Eius
1174 1035 1283 1070 ctiam
1309 1035 1446 1070 ποηιὶηὶ
1462 1058 1584 1069 .....

132 1101 259 1148 poetae
283 1098 416 1144 trayici
441 1100 546 1132 extat
575 1095 674 1143 liber,
701 1098 803 1133 cuius
821 1096 996 1144 plurimos
1014 1109 1152 1140 uersus,
1181 1107 1270 1144 quos
1290 1096 1488 1131 Saturnios
1513 1106 1586 1142 ap-

131 1159 381 1209 pellauerunt,
418 1157 596 1194 uestibulo
630 1158 753 1207 templi
777 1159 921 1194 Martis
953 1157 1203 1206 sapei-scribsit
1231 1160 1380 1193 Brutus.
1434 1156 1491 1191 De
1518 1154 1586 1190 hac

133 1221 366 1269 inscriptione
402 1219 475 1255 uid.
504 1218 680 1255 Niebuhr.
710 1219 792 1255 hist.
819 1219 928 1255 Rom.
957 1223 991 1255 2.
1019 1232 1056 1268 p.
1072 1221 1157 1262 661,
1185 1225 1221 1255 et
1248 1219 1292 1254 de
1318 1217 1455 1267 templo
1481 1216 1584 1252 Bruti

135 1282 284 1319 Callaici
310 1281 405 1320 Plin.
434 1287 509 1318 nat.
537 1281 616 1318 hist.
646 1282 708 1328 37,
737 1282 781 1325 5,
816 1269 883 1316 ubi
913 1293 979 1329 pro
1013 1286 1122 1330 porta
1147 1283 1345 1317 Lauicnna
1373 1278 1469 1325 uide,
1498 1289 1583 1313 num

133 1355 313 1393 reponere
338 1344 439 1379 malis
465 1348 608 1392 pontem
638 1345 869 1380 Vaticanum.
923 1344 1098 1391 Sequitur
1129 1342 1343 1391 famigerata
1370 1340 1491 1377 Crassi
1523 1351 1584 1375 ca-

133 1406 289 1453 lamitas,
316 1405 363 1442 de
389 1417 461 1454 qua
491 1405 576 1441 nihil
603 1418 694 1454 opus
725 1412 778 1442 est
806 1413 946 1451 notare,
974 1405 1191 1453 interpositis
1219 1404 1271 1440 his
1299 1403 1483 1440 uersibus:

396 1466 540 1504 Scilicet
568 1467 747 1504 interdum
773 1469 966 1503 miscentur
990 1468 1115 1503 tristia
1140 1466 1259 1510 laetis,

445 1530 505 1565 Ne
529 1529 701 1578 populum
727 1533 801 1566 toto
827 1534 968 1577 pectore
992 1528 1087 1575 festa
1116 1529 1252 1574 iuvent,

132 1593 170 1629 in
195 1591 324 1641 quibus
352 1590 487 1640 poteris
511 1602 710 1639 agnoscere
737 1591 970 1627 imitationem
997 1597 1060 1626 aut
1087 1588 1321 1636 Callimachi,
1355 1587 1484 1636 fragm.
1512 1587 1586 1622 418

131 1652 267 1692 Blomf.
296 1664 341 1689 ex
367 1652 548 1700 Gregorio
574 1652 826 1689 Nazianzeno:

593 1709 677 1749 ἐπεὶ
704 1710 795 1749 θεοὶ
824 1708 918 1750 οὐδὲ
943 1708 1135 1762 γελάσσαι

385 1770 596 1811 Ἀκλαυτεὶ
620 1771 863 1823 μερόπεσσιν
891 1770 1110 1823 ὀιζυροῖσιν
1137 1768 1304 1820 ἔδωκαν,

131 1843 194 1875 aut
219 1836 400 1887 Apollonii
426 1836 559 1872 Rhodii
586 1837 625 1883 4,
654 1837 774 1872 1165:

321 1892 444 1935 Ἀλλὰ
469 1894 546 1947 γὰρ
576 1892 722 1934 οὔποτε
749 1896 861 1946 φῦλα
888 1891 1134 1952 δυηπᾳθέων
1161 1890 1392 1946 ἀνθρώπων

332 1958 554 2005 Τερπωλῆς
581 1955 778 2007 ἐπέβημεν
803 1956 885 2007 ὅλῳ
915 1953 1021 1994 nodi.
1051 1954 1124 1994 σὺν
1153 1955 1198 1994 δέ
1223 1971 1282 2002 τις
1311 1956 1386 1995 αἰεὶ

327 2017 467 2068 Πικρὰ
498 2018 829 2070 παρεμβέβληκεν
858 2016 1155 2069 ἐυφροσύνῃσιν
1182 2015 1287 2069 ἀνίη.

130 2083 306 2132 Sequitur
332 2095 368 2118 u.
391 2083 465 2118 563
493 2095 590 2119 mors
616 2082 658 2119 P.
686 2083 813 2119 Rutilii
838 2081 933 2131 Lupi
961 2082 1056 2117 bello
1082 2082 1236 2118 Marsico
1263 2083 1586 2131 ipsissMatralibus

134 2145 220 2181 anni
248 2146 336 2180 663.
381 2143 474 2179 Vide
500 2144 658 2193 Appian.
687 2147 723 2190 1,
752 2145 822 2190 603
862 2143 962 2179 Flor.
991 2146 1026 2187 3,
1055 2144 1124 2190 183
1158 2143 1289 2181 Vellei.
1315 2147 1354 2192 2,
1383 2145 1444 2180 16.
1486 2143 1586 2181 Nihil

130 2218 223 2255 opus
249 2205 308 2241 hic
334 2206 481 2241 morari.
533 2205 708 2254 Sequitur
735 2216 824 2241 uero
853 2203 923 2239 hoc
949 2202 1148 2239 distichon:

333 2269 533 2304 Proximus
561 2278 682 2303 aniius
707 2269 806 2302 erat.-
835 2264 1045 2301 Pallantide
1071 2276 1199 2301 caesus
1224 2265 1347 2303 eadem

384 2329 517 2365 Didius
542 2327 690 2365 hostiles
716 2328 951 2374 inyemimzuit
979 2339 1075 2376 opes.

131 2387 200 2426 Hic
235 2391 470 2427 incertissima
499 2390 621 2425 omnia
655 2395 755 2424 sunt.
808 2388 996 2437 Nusquam
1027 2389 1076 2424 T.
1104 2388 1230 2424 Didius
1257 2389 1396 2437 legatus
1423 2389 1468 2426 L.
1498 2389 1585 2426 Sex.

131 2452 298 2489 Caesaris
334 2453 429 2488 hello
458 2451 614 2487 Marsico
641 2451 778 2487 occisus
813 2449 983 2486 refertur.
1037 2449 1163 2492 Quare
1189 2450 1405 2498 interpretes
1433 2456 1495 2486 aut
1521 2450 1586 2486 Di-

131 2513 180 2549 dii
214 2525 345 2550 nomen
386 2512 614 2549 retinendum
654 2518 825 2558 censent,
862 2517 1001 2547 mutato
1036 2511 1198 2560 longiore
1226 2523 1352 2547 uersu:
1387 2513 1587 2547 Proximus

131 2586 246 2611 ausus
270 2573 386 2619 idmn,
413 2574 530 2621 Pan„
558 2575 636 2610 uel:
672 2574 803 2610 Annus
830 2577 910 2610 erat
935 2572 1113 2609 decimus.-
1150 2572 1261 2616 Pan„
1298 2579 1338 2608 ut
1365 2573 1587 2620 intelligatur

130 2635 256 2672 Didius
291 2647 387 2673 auno
414 2638 488 2673 673
516 2647 538 2671 a
563 2635 726 2672 Sertorio
755 2635 939 2678 deuictus,
977 2634 1038 2684 qui
1077 2641 1195 2671 tamen
1230 2632 1330 2684 apud
1358 2633 1454 2671 Plut.
1483 2634 1583 2671 Sert-
