1685 2954
81 97 252 132 XXXVIII
655 119 660 125 ,
697 98 922 129 rANvAmvs

82 206 139 239 ter
161 199 271 238 ferias
294 198 332 236 N
357 198 504 248 signari.
556 197 633 236 Sed
658 198 753 237 idem
779 205 926 248 monet,
961 211 1009 238 ne
1033 200 1121 250 quin
1147 199 1198 238 ita
1223 198 1360 247 suerit,
1391 199 1536 240 dubite-

81 273 183 310 mus,
219 272 314 299 neue
347 260 384 297 in
421 271 603 298 marmore
638 261 819 299 unciolum
846 262 1040 299 euanuisse
1076 268 1256 312 putemus.
1309 261 1420 305 Quod
1446 275 1537 301 uero

80 322 296 361 Muellerum
321 334 358 358 u.
388 321 434 360 cl.
462 320 509 359 ad
535 321 632 359 hunc
656 323 776 360 locum
802 323 931 360 iterum
958 324 1136 372 poenitet,
1162 323 1261 374 quod
1290 324 1402 360 uerba
1429 337 1448 361 o
1471 337 1538 362 ne-

80 382 185 431 {asto
209 382 334 430 fastus
359 381 406 419 ed
432 389 555 421 notam
581 383 649 422 NP
676 383 1029 432 accommodanerst,
1065 397 1138 422 non
1164 385 1275 423 credo
1302 386 1409 422 aliam
1436 386 1540 424 inue-

81 445 149 483 niri
174 455 307 494 posse,
334 445 372 481 et'
398 444 466 495 ipsi
491 445 542 483 illi
568 451 641 482 tres
669 444 772 493 dies,
805 446 936 495 quibus
962 446 1126 496 pluribus
1151 447 1279 484 litteris
1305 454 1448 498 tempus
1475 459 1540 485 ne-

82 506 216 544 fastum
243 517 324 542 cum
349 504 446 543 fasto
473 507 703 544 coniunctum
729 508 964 557 exprimitur,
990 514 1203 557 argumento
1229 516 1313 546 sunt
1339 509 1414 546 dies
1439 510 1540 560 prin·

81 567 177 618 cipio
203 567 364 604 nefastos
390 580 463 604 non
489 568 601 606 fuisse
626 569 802 606 Romanis
827 568 984 617 ignotos.
1038 568 1209 606 Nefastos
1236 571 1457 620 posteriores
1482 572 1538 608 ul·

81 628 137 667 los
161 628 273 666 fuisse
297 641 406 678 nego,
432 630 503 666 iam
529 631 637 667 etiam
659 629 782 667 Ouidii
809 630 1036 666 auctoritate.
1090 630 1188 668 Satis
1214 633 1308 668 enim
1335 631 1470 669 dictum
1493 632 1542 668 de

81 691 136 736 iis,
161 703 258 742 quae
282 691 318 728 in
345 691 552 728 uniuersum
575 691 621 729 de
641 691 818 728 fastorum
839 691 962 728 tabula
983 693 1137 728 monuit(
1177 692 1418 730 Conferamus
1442 694 1542 744 ipso-

81 764 162 791 rum
187 753 362 790 mensium
389 751 487 802 apud
514 753 613 789 illum
639 759 677 790 et
702 753 736 789 in
764 764 944 790 marmore
967 753 1152 790 Maffeano
1179 754 1473 804 descriptionem.

182 814 317 852 Mensis
337 813 523 851 Ianuarius
551 814 648 851 nulla
675 814 711 851 in
738 826 778 851 re
799 813 933 852 differt.
969 814 1028 851 Ne
1046 814 1106 850 illa
1126 814 1287 872 quidem,
1313 827 1408 865 quae
1427 815 1542 853 multo
1610 805 1618 810 ’

81 881 166 927 post
192 874 378 914 confectos
402 874 515 911 fastos
541 875 746 912 Maffeanos
783 881 883 925 gesta
910 875 1009 926 apud
1044 874 1217 913 Ouidium
1251 888 1543 913 commemoran-

82 942 160 986 tur,
186 936 311 986 templi
334 936 563 974 Concordiae
580 944 618 974 et
637 938 830 974 Castorum
850 937 1094 974 dedicationes
1121 937 1223 975 XVII
1240 936 1306 974 Kl’
1331 943 1369 974 et
1395 936 1443 973 VI
1464 937 1542 984 Kl',

82 996 131 1035 de
155 998 285 1048 quibus
311 995 394 1035 alibi
419 998 631 1047 explicatius
657 999 823 1047 dicetur,
857 998 989 1046 serias,
1030 999 1080 1036 uti
1107 998 1184 1035 fieri
1212 999 1370 1047 assolet,
1405 997 1543 1035 habue-

83 1064 183 1106 runt,
209 1064 273 1095 aut
299 1065 422 1095 notam
448 1058 518 1096 diei
544 1060 842 1109 immutauerunt,
871 1061 920 1097 uti
947 1072 993 1098 ex
1019 1060 1121 1097 fastis
1142 1061 1387 1098 Praenestinis
1406 1071 1544 1109 cogno-

82 1120 205 1157 scitur.
258 1119 400 1168 Fet-ias,
425 1132 516 1171 quas
544 1128 655 1172 poeta
683 1135 719 1159 u.
748 1123 967 1160 657—704
991 1130 1266 1169 commemorat,
1292 1121 1443 1159 statiuas
1470 1133 1543 1157 non

84 1192 165 1219 esse
189 1186 228 1219 et
251 1188 341 1231 quot
367 1183 454 1229 sint,
480 1183 574 1220 infra
602 1183 755 1221 dicetur.
808 1183 895 1221 Dies
922 1184 973 1220 lV
994 1191 1031 1221 et
1052 1185 1101 1221 111
1119 1185 1182 1221 ΚΡ
1209 1184 1340 1221 scimus
1365 1181 1544 1219 Macrobii

84 1243 165 1281 Sat.
195 1246 232 1291 1,
261 1244 310 1279 14
344 1249 382 1280 et
414 1244 533 1282 Verrii
567 1245 690 1283 Flacci
726 1247 761 1283 in
796 1245 881 1283 fast.
915 1245 1049 1284 Praen.
1086 1246 1292 1283 testimonio
1329 1257 1351 1281 a
1385 1244 1545 1280 Caesare

84 1304 265 1343 dictatore
293 1304 436 1342 additos
464 1313 502 1343 et
528 1312 672 1344 notatos
698 1307 823 1344 fastos.
878 1308 979 1344 Alter
1012 1320 1140 1345 eorum
1173 1308 1282 1357 igitur
1315 1317 1464 1343 necesse
1489 1310 1545 1342 est

86 1366 133 1403 ab
160 1378 256 1403 anno
282 1368 357 1404 708
384 1367 431 1404 ad
458 1380 594 1406 annum
619 1370 695 1409 759
722 1370 881 1420 aliquam
916 1370 964 1406 ob
1000 1381 1145 1406 causam
1181 1375 1305 1405 notam
1337 1380 1440 1405 suam
1463 1379 1545 1405 mu-

85 1428 241 1473 tenuerit,
277 1433 315 1465 et
349 1427 496 1465 dubium
525 1443 598 1467 non
631 1436 710 1479 est,
747 1431 833 1480 quin
869 1443 949 1468 eam
987 1444 1132 1468 causam
1159 1430 1314 1468 Ouidius
1341 1429 1544 1477 tradiderit,

86 1500 187 1527 aram
209 1489 313 1527 Pacis
332 1490 380 1527 ΠΙ
400 1490 463 1528 Kl'
484 1492 595 1529 Febr.
626 1491 844 1530 dedicatam.
897 1493 1046 1530 Accedit
1072 1494 1166 1530 enim
1194 1499 1402 1543 opportune
1426 1492 1545 1529 Verrii

84 1552 305 1600 auctoritas,
341 1555 403 1602 qui
438 1553 566 1591 eodem
602 1553 661 1590 die
695 1556 766 1591 ita:
810 1557 935 1592 Ferzae
971 1568 1017 1593 ex
1044 1557 1085 1593 S.
1112 1555 1141 1593 G
1165 1554 1275 1604 quom
1300 1556 1355 1599 eo]
1385 1554 1442 1591 die
1475 1565 1546 1591 ara

85 1615 196 1651 Pacis
227 1614 434 1662 Augusta&
457 1616 511 1660 in]
547 1618 692 1653 ertio
729 1617 896 1667 G[ampo]
933 1618 1097 1655 dedicata
1125 1619 1211 1662 [e]st
1240 1619 1362 1654 Druso
1395 1620 1429 1653 et
1464 1615 1545 1653 Gri-

84 1676 190 1726 epino
215 1677 341 1722 c[oss.]
393 1676 426 1713 Is
454 1683 509 1713 est
534 1689 650 1714 annus
676 1679 721 1715 V.
751 1679 794 1716 C.
821 1679 908 1716 745.
964 1679 1049 1715 Dies
1077 1684 1198 1715 autem
1225 1678 1389 1726 signatur
1414 1677 1481 1713 NP
1508 1677 1544 1714 in

85 1737 210 1774 tabula
235 1736 495 1786 Praenestina,
531 1739 620 1786 sed,
657 1748 697 1776 ut
731 1742 865 1790 ubique
898 1741 933 1776 in
969 1740 1090 1784 fastis,
1129 1739 1169 1774 iis
1204 1738 1330 1775 litteris
1365 1739 1399 1775 in
1434 1751 1545 1776 unum

84 1799 226 1848 signum
261 1800 476 1847 contractis,
513 1800 611 1849 quod
649 1813 722 1836 uno
759 1801 902 1850 apiculo
938 1800 1059 1837 differt
1087 1802 1133 1836 ab
1160 1799 1195 1835 N
1225 1800 1399 1837 solitario.
1450 1800 1545 1836 Eum

84 1861 196 1910 igitur
220 1861 404 1910 apiculum
433 1861 629 1911 deperiisse
656 1873 787 1898 censeo
821 1862 857 1898 in
893 1862 1016 1899 tabula
1043 1861 1249 1908 Maffeana,
1288 1862 1372 1910 quia
1406 1867 1545 1897 certum

86 1929 142 1960 est
169 1922 236 1960 NP
262 1922 360 1959 seriis
387 1924 539 1973 publicis
568 1924 777 1961 conuenire.
831 1925 963 1974 Atqui,
998 1925 1159 1974 inquies,
1187 1924 1294 1960 etiam
1320 1922 1366 1958 lV
1396 1921 1459 1958 ΚΡ
1485 1923 1542 1959 fe-

86 1984 165 2021 riae
193 1984 422 2022 ascribuntur
446 1986 589 2023 litterae
615 1985 645 2022 F
673 1986 708 2021 in
735 1986 860 2022 tabula
885 1987 1034 2036 Praen.‚
1072 1986 1123 2022 uti
1149 1985 1179 2020 F
1183 1984 1346 2033 ogginius
1371 1982 1545 2031 affirmat,

88 2044 130 2084 ob
155 2057 230 2083 rem
255 2046 418 2095 aliquam
443 2046 488 2084 ab
514 2047 681 2095 Anyusto
715 2047 797 2085 bene
830 2052 981 2096 gestam.
1034 2047 1091 2084 De
1127 2058 1170 2083 ea
1206 2057 1248 2082 re
1287 2045 1417 2082 uiderit
1446 2046 1546 2095 Fog-

86 2108 214 2157 ginius.
268 2108 350 2157 Ego
378 2109 473 2146 enim
501 2109 661 2159 priuatas
698 2109 776 2146 illas
811 2110 919 2147 serias
946 2110 1076 2146 domus
1103 2110 1287 2158 Augustae
1313 2114 1466 2157 propter
1489 2107 1546 2144 lu-

86 2168 153 2206 dos
179 2169 367 2207 Palatinos
393 2171 578 2220 intelligo,
617 2170 662 2207 de
699 2173 828 2220 quibus
856 2170 939 2206 uide
962 2170 1070 2206 Dion.
1098 2171 1163 2217 56,
1189 2171 1239 2205 46
1266 2176 1301 2206 et
1328 2170 1546 2218 interpretes

86 2231 164 2269 eius
189 2231 280 2268 loci:
316 2232 484 2281 publicae
509 2233 629 2269 sactae
657 2233 826 2269 uidentur
852 2245 948 2268 anno
975 2233 1074 2280 792,
1110 2232 1181 2268 Dio
1208 2233 1271 2279 59,
1301 2233 1361 2268 16.
1414 2231 1547 2268 Feriae

86 2299 238 2345 propter
265 2304 346 2329 aras
371 2293 558 2331 dedicatas
582 2295 770 2344 aliquoties
798 2301 884 2331 nota
910 2294 977 2330 NP
1004 2295 1209 2330 indicantur
1235 2295 1270 2330 in
1297 2293 1422 2329 tabula
1449 2291 1546 2329 Mas-

86 2355 219 2392 feana:
244 2355 295 2392 lv
312 2354 411 2391 Non.
435 2355 502 2394 lul.
530 2357 577 2392 ob
604 2369 703 2393 aram
729 2357 833 2394 Pacis
854 2357 1004 2393 Nerone
1030 2363 1066 2393 et
1092 2356 1191 2392 Varo
1213 2368 1304 2392 coss.
1331 2367 1366 2391 a.
1383 2355 1429 2391 V.
1448 2355 1546 2401 7413

87 2414 126 2455 V
152 2415 212 2452 ΚΓ
239 2416 343 2466 Sept.
371 2424 524 2466 propter
549 2429 650 2454 aram
678 2418 859 2455 Victoriae
892 2429 927 2454 a.
955 2417 1001 2454 V.
1031 2418 1120 2464 725,
1150 2416 1223 2453 uid.
1252 2416 1361 2452 Dion.
1389 2417 1453 2462 51,
1483 2418 1545 2452 22.

88 2478 145 2514 De
171 2478 242 2514 aris
268 2477 413 2515 Cereris
441 2484 478 2515 et
504 2478 597 2530 Opis
632 2481 667 2516 in
704 2481 780 2517 aliis
816 2480 991 2517 fastorum
1029 2480 1158 2516 tabulis
1186 2491 1296 2528 supra
1330 2476 1466 2513 dictum
1492 2483 1548 2513 est

88 2551 128 2590 p.
155 2551 219 2576 xx
248 2546 286 2577 et
310 2551 407 2576 xm.

189 2601 316 2639 Mense
341 2601 544 2639 Februario
571 2602 697 2641 Nonas
724 2604 886 2641 celebrat
913 2602 1082 2651 Ouidius,
1109 2601 1208 2652 quod
1236 2604 1418 2652 Augustus
1436 2600 1549 2638 Pater

87 2661 234 2701 Patriae
259 2669 347 2701 tunc
372 2663 488 2702 dictus
514 2670 584 2713 est,
612 2672 650 2703 et
676 2678 797 2705 sacras
824 2678 869 2703 eo
898 2666 1042 2704 nomine
1068 2664 1241 2716 appellat.
1287 2663 1547 2713 Fragmentum
