1685 2954
690 114 745 141 DE
777 113 912 141 FERIIS
1444 111 1528 140 CLV

80 221 180 254 certe
208 216 302 252 enim
328 213 492 251 diuersae
527 210 676 248 suerunt
710 224 733 249 a
768 212 988 261 conceptiuis
1023 224 1094 249 non
1131 210 1341 258 annalibus,
1375 221 1529 259 quarum

80 277 248 327 exemplo
274 275 449 323 sunto,·si
474 275 638 324 publicas
662 274 821 323 quaeris,
850 272 1109 321 nouemdiales,
1141 273 1215 310 uid.
1236 272 1317 308 Liu.
1344 275 1380 318 1,
1404 273 1471 318 313
1498 271 1529 308 si

80 340 195 390 partis
223 338 372 388 populi,
408 348 517 385 porca
550 334 789 385 praecidanea
818 334 981 381 Cereris,
1021 347 1092 383 qua
1120 348 1190 371 non
1217 333 1409 384 quotannis
1436 344 1528 381 opus

78 402 189 438 fuisse
215 400 321 436 docet
346 397 486 434 Gellius
515 399 552 444 4,
574 398 622 442 63
652 396 682 432 si
706 396 883 445 priuatas,
910 395 1108 443 denicales,
1137 396 1208 432 uid.
1237 395 1341 432 Paul.
1361 407 1398 444 p.
1410 396 1474 442 70,
1488 395 1527 431 9.

80 463 188 507 Quae
213 466 349 499 restant
374 471 437 496 sex
463 458 666 494 discrimina
693 457 968 493 illustrabuntur
994 459 1167 507 exemplis
1196 457 1396 494 Ouidianis.

179 521 408 560 Sementinas
434 519 542 556 ferias
563 520 610 556 ab
633 518 766 556 Ouidio
786 523 820 566 l,
836 519 910 554 658
927 531 982 568 sq.
1004 527 1301 556 commemoratas
1328 520 1421 555 inter
1442 531 1528 555 con-

82 583 243 634 ceptiuas
269 587 461 619 recensent
486 582 623 620 Paulus
651 587 688 617 et
712 581 920 617 Macrobius
947 581 1033 617 locis
1060 582 1236 628 indicatis,
1262 581 1354 616 inter
1381 581 1529 617 annales

78 646 194 683 Varro
221 644 267 681 de
292 645 316 681 l.
345 644 371 682 l.
399 645 437 690 6,
467 645 538 680 26:
576 643 702 680 diebus
739 643 844 679 certis
881 643 1043 678 astrictas
1076 655 1146 679 non
1182 642 1291 678 fuisse
1317 642 1394 691 ipse
1420 650 1530 691 poeta

78 713 204 744 monet
239 719 276 743 u.
298 708 371 743 661
409 705 628 754 astipulante
654 705 764 741 Laur.
792 704 897 752 Lydo
923 704 970 741 de
996 705 1175 740 mensibus
1201 707 1237 749 3,
1263 706 1301 751 6,
1328 705 1431 753 p-SO
1455 704 1528 741 Ra.

78 769 115 806 in
139 768 236 805 hunc
255 768 425 804 modum:
451 763 512 804 Αἱ
533 767 603 804 τοῦ
631 761 787 815 σπόρου
815 760 964 814 ἑορταί,
993 761 1034 801 αἶ
1061 760 1270 815 λεγόμεναι
1296 760 1407 814 παρὰ
1428 759 1530 801 Ῥω-

78 827 214 879 μαίοις
240 825 499 878 σημαντῖβαι,
529 826 682 872 τουτέςι
702 823 906 876 σπόριμοι,
934 823 1006 863 οὐκ
1023 822 1167 875 ἔλαχον
1187 821 1408 876 ὡρισμένην
1428 819 1531 875 ἡμέ-

81 905 156 942 ραν
177 914 247 930 -.
276 886 421 942 ἤγοντο
449 888 494 928 δὲ
521 889 583 928 ἐπὶ
612 886 683 928 δίο
712 885 878 940 ἡμέρας,
907 883 979 924 οὐκ
1006 886 1160 938 ἐφεξῆς,
1188 885 1292 926 ἀλλὰ
1317 885 1440 937 μέσον
1466 899 1531 938 γι-

79 950 256 1002 νομένων
283 948 398 991 ἑπτά.
431 952 498 991 καὶ
526 955 576 1004 τῇ
605 950 679 1001 μὲν
705 945 848 1000 πρώτῃ
876 945 1101 997 ἶεροποίουν
1127 945 1341 1000 Δήμητρι,
1369 942 1454 986 οἷον
1479 947 1530 1000 τῇ

80 1014 144 1068 Γῇ
171 1038 219 1043 ——
248 1009 331 1052 εἶτα
357 1011 460 1063 μετὰ
496 1010 596 1051 ἔπτὰ
632 1007 786 1062 ἡμέρας
813 1006 946 1062 Κόρῃ.
1005 1012 1194 1050 Postremo
1227 1013 1389 1063 publicas
1422 1012 1531 1048 serias

80 1079 191 1115 fuisse
218 1078 445 1126 cognoscitur
470 1089 515 1113 ex
540 1077 706 1113 Varrone
731 1075 778 1111 de
803 1087 843 1111 re
871 1081 960 1110 rust.
992 1078 1028 1122 l,
1050 1077 1094 1121 3,
1128 1075 1189 1111 ubi
1215 1075 1376 1111 homines
1405 1073 1532 1109 urbani

81 1140 255 1188 cuiusque
288 1138 422 1175 ordinis
457 1138 562 1174 otiosi
597 1138 818 1174 conueniunt
853 1137 888 1172 in
922 1136 1051 1172 aedem
1079 1137 1252 1173 Telluris.
1305 1137 1431 1179 Quare
1457 1146 1531 1172 non

81 1201 209 1237 iniuria
236 1200 439 1249 quaesitum
472 1206 527 1236 est
556 1211 578 1235 a
604 1199 785 1249 Neapoli,
822 1198 909 1248 quid
946 1204 1062 1244 esset,
1100 1198 1197 1247 quod
1233 1197 1330 1247 apud
1358 1196 1532 1234 Ouidium

82 1275 120 1299 u.
140 1263 214 1298 669
241 1261 375 1311 pagani
400 1261 622 1310 potissimum
650 1261 773 1297 seriari
798 1261 1014 1308 iubeantur,
1042 1267 1079 1296 et
1105 1273 1191 1296 num
1216 1260 1312 1297 sorte
1337 1259 1384 1296 de
1411 1259 1532 1296 alteris

80 1324 195 1370 feriis,
222 1322 476 1372 Paganalibus,
503 1334 598 1372 quae
624 1330 744 1358 tamen
771 1323 990 1359 sementinas
1017 1322 1182 1371 proxime
1209 1322 1406 1371 attigerint,
1434 1321 1532 1358 dica-

82 1391 155 1422 tur.
206 1385 262 1421 De
281 1385 523 1434 Paganalibus
549 1384 695 1433 insignis
721 1391 776 1420 est
802 1384 901 1420 locus
923 1382 1085 1433 Dionysii
1108 1384 1189 1421 Hal.
1213 1386 1251 1432 4,
1276 1384 1343 1420 15:
1371 1384 1533 1433 appellat

83 1441 227 1497 ἑορτὴν
254 1443 294 1483 ἐν
320 1447 409 1490 ταῖς
434 1440 540 1482 πάνυ
568 1443 703 1494 τιμίαν
738 1446 860 1495 aitque
894 1446 1069 1482 celebrari
1104 1446 1169 1482 diis
1197 1446 1440 1496 peculiaribus
1466 1457 1533 1495 pa-

84 1522 212 1559 gorum
234 1508 456 1556 custodibus,
484 1521 527 1545 ex
555 1509 687 1558 quibus
709 1520 814 1544 unam
836 1508 1065 1557 Empandam
1092 1509 1233 1545 nouisse
1254 1508 1432 1556 uidemur,
1460 1506 1534 1545 uid.

86 1570 192 1608 Paul.
212 1571 316 1608 Diae.
343 1571 459 1620 p.76‚
479 1574 540 1616 ll,
567 1571 633 1607 nisi
659 1569 756 1607 forte
781 1571 829 1606 ibi
855 1582 1001 1619 quoque
1029 1572 1167 1619 payait}
1193 1576 1232 1606 ut
1259 1570 1358 1617 alibi,
1382 1569 1412 1605 si
1436 1574 1535 1605 recte

88 1633 255 1680 memini,
294 1631 391 1681 apud
428 1631 582 1668 eundem
619 1640 856 1682 opponuntur
891 1632 1114 1669 Christianis.
1177 1631 1411 1669 Conueniunt
1444 1629 1537 1666 haec

89 1693 250 1742 Dionysii
276 1705 348 1729 non
374 1693 497 1741 utique
524 1694 658 1742 optime
688 1693 734 1729 ad
763 1693 960 1741 Ouidium,
994 1706 1213 1743 quamquam
1241 1706 1276 1730 u.
1298 1694 1374 1729 670
1397 1693 1538 1743 pagani

89 1755 167 1803 foci
193 1761 458 1803 nuncupantur.
502 1754 659 1790 Grauius
685 1761 808 1791 tamen
837 1762 891 1791 est
913 1756 1010 1804 quod
1029 1755 1242 1804 Paganalia,
1268 1761 1307 1791 ut
1326 1761 1431 1803 puto,
1458 1756 1538 1803 ipsa

89 1817 151 1853 illa
170 1816 333 1863 Dionysii
359 1815 516 1851 omnium
545 1827 735 1864 pagorum,
764 1829 835 1851 non
862 1814 1101 1864 singulorum,
1131 1817 1181 1852 uti
1208 1816 1287 1851 uult
1313 1815 1476 1865 Scaliger
1499 1815 1538 1853 in

91 1877 330 1914 coniectaneis
356 1888 394 1925 p.
413 1878 484 1922 80,
518 1889 539 1911 a
565 1876 729 1913 Varrone
757 1879 779 1923 ς
799 1879 849 1912 24
874 1884 1142 1927 componuntur
1169 1890 1250 1914 cum
1278 1877 1537 1926 Septimontio,

94 1945 135 1976 ut
159 1940 254 1975 inter
280 1937 355 1975 dies
379 1941 537 1974 statutos
558 1938 668 1975 fuisse
688 1939 894 1976 uideantur.
938 1939 1037 1976 Idem
1061 1952 1149 1976 uero
1168 1940 1286 1976 Varro
1313 1941 1336 1986 ς
1354 1941 1404 1975 26
1429 1939 1540 1988 signi-

93 2001 205 2037 ficare
233 2000 377 2036 uidetur
402 2000 618 2035 sementinas
644 2000 752 2037 serias
788 2002 850 2050 qui
875 2001 944 2038 dici
970 2002 1225 2039 consueuerint
1251 2013 1272 2038 a
1298 2001 1540 2051 pontificibus,

46 2075 52 2081 ’
94 2062 131 2099 in
159 2062 253 2111 agris
279 2061 455 2097 celebrari
481 2063 737 2110 paganicarum
767 2063 922 2099 nomine.
977 2063 1102 2107 Quare
1137 2075 1210 2099 non
1236 2062 1283 2099 de
1309 2063 1459 2100 diuersis
1484 2063 1541 2100 fe-

95 2124 155 2160 riis
180 2122 450 2171 intelligendum
478 2125 681 2171 putauerim
709 2122 905 2172 Ouidium,
940 2125 1005 2162 sed
1040 2125 1086 2162 de
1111 2125 1234 2161 iisdem
1263 2124 1406 2161 diuerso
1432 2125 1542 2176 modo

95 2185 133 2222 in
155 2185 245 2220 urbe
268 2191 305 2220 et
332 2184 366 2219 in
394 2184 488 2233 agris
514 2184 750 2221 celebrandis.
807 2186 915 2223 Velut
937 2186 1060 2222 oscilla
1080 2198 1186 2222 nemo
1206 2198 1364 2236 unquam
1389 2188 1426 2223 in
1445 2187 1544 2224 Vrbe

96 2247 269 2284 instituit:
297 2246 517 2282 celebratum
544 2252 664 2284 tamen
692 2259 774 2284 enm
801 2248 908 2283 ritum
934 2247 1032 2284 feriis
1057 2249 1262 2285 sementinis
1286 2249 1443 2286 disertim
1469 2256 1545 2286 tra-

97 2308 151 2345 dit
184 2308 326 2345 Probus
364 2307 411 2344 ad
445 2307 557 2358 Virg2
583 2312 716 2358 ge.'2,
743 2309 830 2346 385.
903 2308 1104 2358 Paganicas
1139 2321 1225 2358 ergo
1259 2310 1366 2347 ferias
1401 2313 1548 2361 proprie

99 2370 214 2407 dictas
240 2369 352 2406 habes
388 2369 594 2419 exemplum
628 2369 799 2407 seriarum
828 2372 1008 2408 annalium
1043 2372 1171 2408 incerti
1196 2373 1368 2422 temporis
1394 2384 1462 2409 nec
1487 2379 1549 2409 to-

99 2433 170 2469 tius
196 2432 335 2481 populi.

202 2492 375 2529 Eiusdem
401 2493 544 2542 generis
571 2499 681 2544 atque
706 2495 930 2531 sementinae
956 2494 1122 2544 publicae
1147 2493 1296 2533 suerunt
1321 2495 1547 2532 Fornacalia.

103 2553 199 2591 Nam
225 2555 421 2604 quotannis
452 2552 532 2591 non'
562 2561 661 2591 certo
697 2555 842 2605 quidem
879 2555 962 2602 die,
996 2554 1060 2590 sed
1097 2560 1218 2592 tamen
1244 2557 1339 2594 intra
1364 2557 1551 2594 Kalendas

105 2614 323 2652 Februarias
349 2621 386 2653 et
413 2616 634 2664 Quirinalia,
668 2623 709 2653 ut
743 2625 854 2666 puto,
891 2628 914 2652 a
942 2612 1089 2653 curione
1121 2618 1278 2655 maximo
1314 2618 1441 2665 indici,
1475 2618 1552 2654 siue

108 2676 248 2726 concipi
273 2678 396 2715 solitas
422 2685 576 2716 testatur
601 2677 755 2716 Ouidius
780 2681 820 2727 2,
843 2677 930 2716 525.
983 2678 1038 2715 Ab
1064 2679 1227 2718 euntibus
1261 2679 1394 2718 ciuibus
1426 2677 1553 2726 factas

1054 2830 1070 2855 Χ
