1685 2954
606 120 705 150 Lm.
737 117 975 156 varvs
1433 104 1517 149 247

131 213 326 273 Praebuit
353 228 399 262 ut.
427 228 566 262 taurus
595 221 746 275 Tyriae
773 230 851 261 sua
877 226 998 273 terga
1026 220 1186 273 puellae
1434 224 1513 260 605

186 289 376 344 luppiter,
405 295 449 329 et
476 289 580 328 falsa
609 299 762 329 cornua
788 288 920 328 fronte
949 289 1052 328 tulit.

130 359 203 398 llla
229 359 363 398 iubam
391 356 548 408 dextra,
577 356 697 396 laeua
724 355 927 395 retinebat
955 356 1142 409 amictus,

186 427 241 466 Et
266 426 382 465 timor
409 422 500 475 ipse
530 423 626 462 noui
654 435 782 463 causa
812 422 973 463 decoris
1000 429 1100 464 erat.
1152 442 1154 445 ’

129 495 242 534 Aura
270 493 384 532 sinus
412 491 564 542 implet,
595 491 727 530 flauos
754 496 893 530 mouet
923 502 1021 531 aura
1050 491 1232 545 capillos.

186 557 339 611 Sidoni,
367 558 430 598 sic
458 559 595 598 fueras
625 557 865 610 aspicienda
893 558 992 598 Ioui.
1437 563 1518 598 610

129 629 267 680 Saepe
292 626 496 679 puellares
525 624 720 665 subduxit
749 625 800 665 ab
832 637 1010 679 aequore
1035 627 1210 680 plantas,

181 696 237 735 Et
263 693 407 733 metuit
434 699 573 733 taetus
602 692 823 733 assilientis
853 706 1003 746 aquae:

127 763 267 815 Saepe
296 761 399 802 deus
427 759 606 814 prudens
636 766 797 814 tergum
826 760 1004 802 demittit
1030 761 1072 802 in
1101 761 1245 813 undas,

183 831 366 870 Haereat
393 835 438 869 ut
468 829 572 869 collo
603 829 747 868 fortius
776 829 843 869 illa
872 841 961 870 suo.

126 896 350 938 Littoribus
379 895 505 937 tactis
535 897 676 936 stabat
705 897 794 937 sine
824 897 1014 937 cornibus
1042 897 1135 937 ullis
1438 898 1516 935 615

183 963 376 1018 Iuppiter,
405 965 527 1016 inque
559 963 680 1004 deum
709 963 762 1003 de
790 965 896 1004 boue
924 974 1073 1004 uersus
1100 968 1200 1004 erat.

129 1033 289 1073 Taurus
317 1033 391 1072 init
421 1033 594 1072 caelum.
630 1037 687 1084 te,
716 1031 871 1084 Sidoni,
900 1032 1082 1085 Iuppiter
1108 1031 1268 1084 implet:

183 1100 370 1152 Parsque
398 1106 510 1140 tuum
539 1105 672 1139 terrae
703 1099 823 1140 tertia
850 1111 1000 1139 nomen
1026 1099 1165 1140 habet.

124 1167 218 1206 Hoc
245 1167 312 1206 alii
340 1167 503 1220 signum
533 1167 722 1206 Phariam
750 1167 892 1208 dixere
920 1167 1150 1219 iuuencam,

184 1231 302 1283 Quae
334 1235 410 1274 bos
441 1246 495 1274 ex
526 1234 690 1274 homine
722 1240 803 1287 est,
831 1247 886 1276 ex
913 1234 1022 1275 boue
1050 1234 1164 1275 facta
1192 1231 1283 1273 dea.
1439 1236 1521 1271 620

125 1301 244 1342 Tunc
272 1313 435 1354 quoque
470 1301 694 1353 priscorum
730 1300 850 1355 uirgo
886 1301 1107 1342 simulacra
1141 1300 1317 1341 uirorum

71 1429 196 1460 nostra
221 1425 272 1469 P;
297 1425 348 1461 M
354 1435 378 1472 p
391 1434 476 1460 τιατ.
492 1434 562 1460 scr.
605 1422 683 1460 sab.
710 1429 810 1460 certa
831 1424 884 1460 M
892 1434 974 1461 nar.
989 1434 1060 1461 scr.
1099 1428 1187 1459 nota
1213 1421 1285 1459 suis
1311 1420 1420 1459 bma.
1437 1432 1496 1470 pr.

123 1474 210 1511 605.
239 1480 279 1510 ut
305 1474 419 1522 tyriae
445 1480 571 1510 taurus
596 1476 639 1511 N
647 1476 708 1510 28.
748 1473 867 1510 thaur.
898 1477 974 1511 De.
1015 1473 1095 1510 tirie
1117 1470 1210 1509 ΕΓ.
1313 1474 1400 1509 606.
1425 1471 1522 1522 10Ρί-

73 1530 130 1562 ter
155 1527 200 1561 P.
238 1524 376 1574 Iupiter
399 1527 474 1561 Er.
510 1524 632 1561 fronte
659 1525 751 1574 regit
779 1527 820 1562 F.
859 1524 981 1562 fronte
1008 1524 1101 1573 gerit
1127 1521 1164 1560 Σ
1173 1537 1184 1571 ;
1211 1525 1356 1560 Μααιν.
1373 1534 1445 1560 scr.

124 1577 212 1611 607.
238 1575 305 1612 Ille
330 1587 379 1611 m.
421 1575 524 1612 iubas
552 1572 599 1611 Σ.
648 1574 747 1612 dext.
774 1576 953 1625 laeuaque
979 1575 1128 1612 tenebat
1153 1586 1224 1610 am.
1251 1578 1338 1611 uett.
1364 1573 1420 1610 ed.

124 1627 212 1661 608.
241 1627 287 1660 At
307 1626 383 1660 tim.
404 1623 465 1662 A.
505 1627 583 1673 ipse
604 1626 675 1662 ioui
699 1623 789 1663 GH.
831 1638 939 1662 causa
965 1626 1102 1662 timoris
1127 1637 1147 1662 s
1165 1624 1249 1661 duo.
1352 1625 1441 1662 609.
1467 1623 1522 1660 in-

74 1675 153 1725 plet
180 1677 229 1711 D.
273 1682 396 1711 mouet
420 1676 480 1712 illa
508 1673 554 1712 Σ.
657 1678 744 1713 610.
771 1675 912 1725 Sydoni
938 1679 986 1713 D.
1026 1676 1170 1713 Sidonis
1197 1675 1253 1711 hic
1277 1673 1372 1711 fuer.
1398 1687 1522 1711 mitta.

74 1738 132 1775 pr.
167 1725 262 1761 fuer.
279 1725 533 1774 conspicienda
546 1723 654 1762 AT.
691 1727 785 1763 fuer.
803 1728 1013 1775 accipienda
1028 1728 1130 1774 7203
1156 1728 1207 1762 M
1214 1737 1375 1763 uam-scr,
1408 1725 1521 1774 aspie.

76 1777 148 1813 deo
174 1787 281 1812 unus.
385 1777 472 1812 611.
502 1776 569 1812 sub
596 1776 696 1812 duxit
716 1780 761 1814 E.
800 1777 968 1813 subducit
987 1780 1063 1813 P3.
1104 1775 1209 1813 subd.
1236 1776 1272 1812 in
1305 1773 1521 1812 ²P'uaixsor.

127 1829 214 1863 612.
247 1826 297 1862 Et
323 1826 439 1862 timuit
464 1833 490 1862 t.
518 1823 732 1862 EH1141.
787 1827 919 1862 meruit
943 1826 1021 1862 edd.
1040 1829 1116 1863 Vic.
1134 1828 1222 1862 Ven.
1276 1826 1445 1862 asilientis
1470 1822 1520 1861 Γ.

76 1877 179 1914 adsil.
212 1874 316 1912 OE?b.
421 1878 507 1912 613.
537 1884 627 1925 terg.
657 1877 801 1912 dimittit
827 1873 1523 1913 BGDEFGOEFMNOPHHJA

78 1927 214 1976 bfyrs
239 1926 389 1963 sedecim
416 1925 469 1962 ed.
494 1929 580 1963 Ven.
623 1934 714 1975 tei-g.
742 1927 882 1963 demisit
906 1925 955 1963 A
964 1924 1002 1962 Σ
1017 1927 1145 1964 decem.
1192 1932 1285 1975 terg.
1312 1926 1443 1962 dimisit
1475 1929 1520 1963 Τ.

78 1985 171 2027 terg.
200 1977 346 2013 dimittis
372 1980 434 2014 23.
477 1984 569 2026 terg.
596 1977 765 2013 subduxit
791 1978 826 2012 in
853 1982 937 2014 tres.
979 1980 1013 2013 in
1042 1978 1147 2013 undis
1173 1974 1212 2012 Γ
1219 1976 1260 2013 Λ
1279 1979 1442 2026 quinque.
1483 1977 1521 2013 in

77 2032 176 2065 unda
201 2040 307 2064 unus.
428 2029 515 2063 614.
553 2028 639 2063 Her.
667 2028 701 2064 iu
732 2028 814 2064 coll.
848 2029 894 2065 G.
955 2034 994 2064 ut
1020 2034 1124 2077 tergo
1149 2025 1188 2063 Γ
1199 2027 1286 2072 duo3
1311 2039 1333 2075 9
1350 2039 1432 2064 nar.
1449 2039 1520 2064 scr.

0 2122 1 2128 ¹
77 2079 212 2115 sorcius
235 2076 327 2114 ΕΓ.
366 2077 451 2114 sort.
480 2079 559 2127 ipsa
586 2075 671 2114 FF.
718 2078 804 2115 fort.
831 2079 909 2127 ipsa
936 2091 975 2114 sa
1000 2091 1066 2115 suo
1089 2090 1122 2115 r.
1226 2079 1312 2115 615.
1341 2078 1456 2114 Litor.
1483 2080 1522 2114 Β

81 2131 117 2166 G
145 2129 194 2166 αἶ.
243 2141 342 2166 corn.
368 2129 436 2164 illis
468 2129 512 2165 0.
624 2130 711 2165 616.
747 2129 883 2178 Iupiter
908 2132 953 2166 Ε.
1008 2129 1144 2178 Iopiter
1169 2132 1213 2165 P.
1267 2126 1377 2175 inque
1404 2129 1522 2163 uirum

77 2179 125 2216 de
151 2182 211 2215 Μ.
314 2181 401 2215 617.
429 2178 572 2215 Thaur.
591 2181 666 2215 De.
707 2179 833 2227 sydoni
856 2181 901 2215 G.
942 2180 1072 2228 iupiter
1097 2183 1140 2215 P.
1183 2179 1284 2228 iupit.
1312 2176 1426 2214 Esr.
1464 2179 1520 2213 in-

76 2230 155 2280 plet
173 2232 222 2265 D.
326 2231 412 2265 618.
441 2242 512 2278 que
529 2233 634 2265 trium
654 2235 741 2265 terr.
764 2242 794 2265 e.
838 2230 948 2274 tercia
969 2228 1147 2266 DEGF.
1251 2231 1338 2265 619.
1366 2229 1415 2264 Et
1433 2229 1523 2264 caeli

22 2293 25 2296 ’
77 2281 217 2328 signum
250 2284 337 2316 uett.
357 2279 411 2316 ed.
459 2278 657 2319 Hoc„caeli
690 2281 780 2328 sign.
810 2277 1256 2317 BGEFOEFMOPH
1270 2275 1524 2326 ff‘AZefgym

77 2332 420 2380 ma›.sec.pr3433
432 2331 481 2365 44
505 2329 740 2379 πιηᾱοιιξρῐηιὶ.
784 2332 862 2366 Hoc
888 2331 1025 2379 signum
1053 2332 1142 2367 caeli
1167 2331 1271 2380 phar.
1303 2332 1346 2366 Τ.
1389 2330 1522 2365 iuuen-

78 2386 152 2417 tam
184 2378 235 2417 (D.
283 2380 354 2416 dix.
383 2381 540 2429 puellam
566 2393 598 2417 r.
702 2383 787 2416 620.
822 2381 932 2424 Quod
961 2382 1024 2417 bos
1052 2379 1153 2418 ΨΤ.
1202 2388 1256 2417 est
1282 2380 1328 2416 de
1355 2380 1449 2415 boue
1474 2381 1520 2415 E.

80 2437 224 2468 ests-uo
250 2430 327 2468 loco
353 2443 422 2467 om.
446 2427 663 2467 ΟΠΨΊἿ)
688 2431 864 2477 undecim,
890 2434 928 2468 in
953 2430 1023 2477 fine
1047 2436 1210 2480 repetunt
1235 2435 1300 2467 aut
1324 2434 1462 2477 ponunt
1489 2431 1523 2464 B

85 2478 453 2520 GDEFGOHAr
479 2481 689 2530 (μιῑηᾶεοὶηι.
790 2484 877 2518 621.
906 2483 1004 2531 Tum
1037 2485 1113 2518 BD
1128 2476 1526 2519 EFGOEI‘NOAE

47 2561 51 2565 .
85 2527 363 2578 beymrs33
383 2536 527 2581 septem,
553 2535 728 2570 Laetam.
756 2536 790 2576 l,
807 2535 855 2569 21
876 2531 931 2569 ed.
952 2535 1040 2569 Ven.
1068 2533 1187 2579 15093
1215 2532 1245 2568 G
1254 2542 1335 2569 nar.
1349 2542 1420 2568 scr.
1459 2531 1522 2579 Tu

81 2591 229 2629 quoque
256 2582 347 2618 028
372 2587 518 2631 septem.
564 2583 672 2634 prisc.
700 2581 809 2632 uulgo
835 2587 852 2620 t
870 2584 907 2622 4.
951 2583 1101 2621 simulac
1126 2583 1284 2621 uirorum
1311 2584 1356 2623 E.
1402 2579 1521 2619 simul,

82 2630 235 2669 deorum
258 2633 294 2669 D
313 2634 338 2670 6
361 2637 508 2683 septem.

56 2763 59 2766 “
69 2760 83 2791 ⁴·
