1685 2954
105 58 194 90 CCI!
726 60 785 92 DE
813 61 910 94 nnis

107 165 276 198 tanorum
299 159 527 211 potissimum
552 158 624 196 ritu
650 171 719 210 pro
745 161 980 200 bellatoribus
1004 162 1146 201 Romae
1170 161 1392 211 colerentur,
1416 163 1553 204 sactum

106 227 164 258 est
189 220 288 268 inde,
313 220 411 270 quod
437 221 474 257 in
499 233 624 270 pugna
641 220 877 260 Locrensium
896 223 1071 263 aduersus
1086 226 1317 263 Crotoniatas
1338 225 1385 262 ad
1401 225 1554 276 Sagram

105 282 216 332 paulo
242 287 327 317 ante
352 292 457 330 reges
482 280 602 319 Roma
628 285 797 333 expulsos
822 284 1194 324 Lacedaemoniorum
1221 286 1279 323 dei
1305 286 1438 323 sortem
1464 300 1554 338 ope·

106 355 184 380 ram
210 342 482 392 praestiterunt,
510 354 629 393 eaque
653 345 744 383 fides
770 358 838 397 per
864 347 989 384 ltaliae
1014 347 1191 385 inferioris
1217 348 1310 395 loca,
1335 349 1371 384 in
1398 361 1553 399 quorum

104 405 197 442 serie
223 403 320 453 apud
344 404 577 441 Clausenium
605 404 771 444 desidero
798 407 920 444 Seruii
947 409 1192 446 testimonium
1221 409 1268 446 de
1293 411 1416 447 tacitis
1436 411 1554 458 Amy-

105 466 172 504 clis
195 464 242 501 ad
267 465 359 502 Aen.
388 468 451 514 10,
478 466 568 514 564,
603 467 737 504 tradita
774 467 953 506 decimum
982 477 1067 519 post
1092 481 1226 507 annum
1253 471 1288 508 in
1316 471 1444 508 animis
1473 472 1556 509 Ro-

104 538 293 563 manorum
320 526 407 564 dum
433 527 480 564 ad
514 528 632 565 lacum
658 529 841 579 Regillum
868 537 1068 579 pugnatur,
1096 532 1384 580 praesentissime
1410 534 1554 572 reuixit.

105 588 236 626 Cultus
269 589 484 625 constitutus
521 596 578 626 est
613 589 661 626 ad
699 591 751 625 rei
784 597 908 639 gestae
942 592 1168 641 exemplum:
1210 605 1346 643 pompa
1378 596 1553 644 equestris

103 651 188 700 quia
219 642 434 700 ἡγούμενοι
468 650 541 699 τῆς
563 643 788 699 Ῥωμαϊκῆς
818 647 948 687 ἵππου
985 654 1051 689 uisi
1083 653 1230 690 fuerant
1263 654 1344 702 dei,
1381 657 1460 706 ipso
1495 657 1554 694 die

102 723 268 763 pugnae,
303 724 325 749 a
351 711 487 761 templo
512 711 639 747 Martis
673 718 759 747 ante
796 719 937 761 portam
966 712 1175 764 Capenam,
1208 722 1402 765 postquam
1436 717 1472 754 id
1505 718 1553 755 ibi

102 772 195 822 suit,
222 780 319 811 tecta
345 773 425 820 uia,
453 779 494 809 ut
518 779 623 823 puto.
675 772 840 809 Eandem
870 773 1022 810 deorum
1049 775 1340 812 informationem
1367 776 1428 812 diu
1455 777 1554 815 inse-

101 833 198 872 disse
224 835 350 871 animis
375 833 558 870 hominum
587 834 694 870 docet
722 833 980 884 redintegratio
999 836 1163 872 miraculi
1193 836 1287 873 bello
1302 837 1552 884 Macedonico,

101 895 178 933 uid.
206 902 315 933 testes
340 895 439 946 apud
462 895 696 932 Clausenium
722 907 808 933 ann.
832 899 945 944 1216,
971 908 1080 947 quem
1108 897 1241 934 nollem
1256 898 1390 935 Valerii
1405 899 1552 937 Maximi

101 956 222 994 locum
251 960 288 1003 l,
315 958 354 1003 8,
382 961 402 994 1
429 957 609 994 Lactantii
635 958 802 1007 exemplo
829 963 868 1006 2,
895 962 919 996 8
953 960 1070 995 minus
1102 965 1203 995 recte
1229 960 1429 1010 accepisse:
1467 973 1551 999 nam

101 1025 202 1054 certe
235 1017 363 1054 aedem
399 1019 560 1069 patuisse
596 1032 664 1069 pro
700 1027 914 1069 argumento
948 1021 1098 1070 ponitur
1134 1020 1242 1057 etiam
1274 1019 1420 1058 Persico
1455 1022 1551 1060 bello

101 1079 286 1131 profectos
312 1091 357 1116 ex
383 1091 428 1116 ea
453 1079 500 1116 ad
529 1081 772 1117 auxiliandum
807 1081 909 1119 deos.
959 1081 1183 1119 Eorumdem
1211 1081 1346 1118 ordinis
1374 1084 1551 1132 equestris

99 1141 251 1178 tutelam
279 1148 343 1178 aut
371 1139 418 1176 ad
446 1140 600 1190 Augusti
636 1148 802 1192 tempora
836 1142 985 1180 durasse
1013 1144 1208 1192 Dionysius
1234 1145 1272 1188 6,
1301 1146 1347 1180 13
1380 1150 1548 1193 testatur,

100 1214 322 1253 quamquam
357 1197 620 1251 πραττόμενα
646 1197 806 1250 ἔμαθον
838 1204 945 1252 dicit,
977 1211 1040 1242 aut
1073 1205 1119 1241 ab
1143 1205 1306 1254 Augusto
1339 1213 1549 1244 reuocatam

100 1276 181 1303 esse
206 1276 302 1301 anno
330 1265 376 1302 V.
396 1265 442 1301 C.
461 1266 538 1301 760
564 1266 729 1302 restituto
755 1277 852 1302 anno
871 1267 946 1303 759
974 1267 1110 1316 templo
1136 1266 1294 1303 indicare
1319 1265 1464 1302 uidetur
1476 1266 1548 1304 Dio

99 1325 246 1363 Cassius
271 1325 337 1373 55,
362 1328 427 1375 27,
452 1329 522 1364 31:
558 1332 646 1364 tunc
672 1328 767 1364 enim
795 1328 950 1377 primum
977 1328 1254 1364 transuectionis
1279 1329 1457 1376 (annuae,
1483 1330 1549 1377 63,

101 1387 171 1436 13)
198 1388 417 1424 mentionem
437 1387 536 1425 fecit.
578 1388 720 1426 Fabula
738 1388 919 1426 Ouidiana
942 1390 982 1437 5,
1003 1390 1220 1426 699--720
1244 1401 1318 1426 non
1344 1389 1452 1427 ualde
1475 1389 1548 1428 huc

98 1449 278 1498 pertinetz
317 1456 466 1486 notetur
503 1456 624 1486 tamen
656 1450 692 1487 in
725 1451 930 1487 certaminis
967 1463 1078 1487 causa
1113 1462 1193 1488 eam
1231 1451 1429 1488 conuenire
1462 1464 1546 1490 cum

99 1509 288 1547 Theocriti
313 1510 363 1548 id.
384 1514 433 1547 22
460 1518 497 1548 et
515 1511 684 1562 Propert.
714 1515 751 1560 1,
774 1515 814 1561 2,
833 1513 879 1548 15
907 1511 1198 1548 dissentientibus
1216 1511 1374 1549 Pindaro
1394 1519 1432 1549 et
1446 1512 1545 1550 Pau-

97 1572 212 1620 sania,
238 1573 275 1609 in
301 1574 381 1610 loco
408 1586 489 1609 cum
507 1574 667 1610 Homero
694 1575 735 1611 ll.
754 1577 792 1622 3,
810 1575 899 1621 345,
925 1573 1080 1610 fortasse
1098 1572 1256 1610 Pindaro
1275 1573 1383 1610 Nem.
1404 1576 1464 1618 10,
1479 1576 1545 1623 61,

96 1631 266 1671 Patrocle
291 1634 327 1670 T
331 1635 456 1682 burio,
484 1634 569 1671 uide
592 1647 703 1685 supra
732 1648 770 1685 p.
785 1646 921 1680 xc111,
948 1634 1192 1684 Lycophrona
1218 1647 1252 1670 u.
1268 1635 1344 1671 559
1367 1641 1404 1671 et
1429 1635 1547 1685 inpri-

97 1694 164 1731 mis
188 1695 378 1745 Stephano
405 1697 497 1745 Byz.
525 1709 564 1746 p.
578 1698 643 1742 97,
669 1698 693 1732 9
719 1695 829 1734 Dind.
858 1696 1091 1732 dissentiente
1117 1696 1340 1745 potissimum
1366 1696 1545 1736 Pausania

97 1758 136 1803 3,
166 1759 228 1804 13,
258 1760 300 1805 13
327 1759 362 1794 in
391 1770 536 1808 pugnae
562 1757 689 1794 ordine
715 1757 844 1794 leuiter
868 1757 915 1793 ab
942 1757 1107 1793 omnibus
1137 1756 1288 1794 discedit
1314 1756 1482 1809 Ouidius,
1507 1760 1545 1798 in

95 1819 148 1855 rei
173 1814 247 1854 fine
273 1820 439 1868 congruit
465 1819 626 1855 Pindaro
652 1819 820 1863 maxime,
848 1819 963 1854 uerba
989 1824 1173 1855 mutuatus
1197 1818 1347 1868 Virgilii.

193 1880 364 1917 Maiam
391 1893 414 1918 a
440 1881 610 1918 Varrone
637 1882 702 1929 ita,
730 1881 781 1917 uti
805 1881 851 1917 ab
873 1879 1007 1917 Ouidio
1032 1880 1071 1930 5,
1098 1880 1147 1917 85
1173 1893 1242 1931 pro
1267 1880 1337 1918 dea
1363 1883 1544 1922 communi

92 1940 252 1979 habitam
282 1943 395 1980 uideri
422 1955 534 1993 supra
560 1943 700 1980 ostendi
727 1955 765 1992 p,
789 1953 988 1980 cnxxxn.

193 2004 251 2041 De
276 2005 432 2042 Fauno
461 2017 608 2042 necesse
632 2013 686 2042 est
708 2004 826 2041 medio
856 2005 950 2040 inter
969 2003 1057 2041 deos
1076 2016 1286 2041 communes
1312 2010 1350 2042 et
1374 2006 1541 2056 proprios

91 2065 172 2104 loco
199 2066 328 2105 dicam.
382 2070 412 2104 A
439 2068 606 2104 Varrone
632 2067 793 2102 habitum
827 2078 905 2102 esse
940 2078 1007 2116 pro
1040 2065 1110 2103 deo
1137 2067 1288 2116 proprio
1313 2063 1540 2116 cognoscitur

88 2141 111 2165 e
136 2129 304 2179 fragmin.
333 2133 351 2166 1
382 2136 418 2167 et
446 2132 513 2176 13,
540 2130 750 2180 quibuscum
778 2128 943 2164 conseres
969 2128 1136 2164 Lactant.
1168 2132 1205 2175 1,
1231 2131 1296 2175 22,
1326 2129 1474 2177 August.
1503 2141 1536 2166 c.

88 2190 126 2230 d.
155 2195 216 2239 18,
239 2194 298 2230 15.
352 2192 506 2230 Ouidius
531 2195 568 2236 2,
591 2192 679 2238 265,
707 2191 781 2227 266
808 2187 976 2239 lupercos
1001 2189 1118 2226 Fauni
1142 2189 1366 2237 sacerdotes,
1394 2202 1430 2226 u.
1447 2191 1537 2237 269,

87 2254 163 2289 279
191 2254 356 2291 Faunum
384 2255 508 2301 Pana,
544 2266 581 2291 u.
603 2254 677 2288 304
703 2252 870 2288 Faunum
898 2252 934 2287 in
961 2251 1102 2299 Lydia,
1121 2280 1123 2282 v
1140 2263 1175 2287 u.
1200 2251 1274 2289 359
1301 2250 1536 2299 cornipedem,

86 2327 124 2351 u.
143 2317 217 2351 422
239 2319 436 2363 Lycaeum,
464 2318 502 2364 4,
519 2315 595 2352 650
616 2313 848 2351 Maenalium
869 2312 984 2356 decem,
1013 2325 1048 2349 u.
1068 2313 1140 2348 663
1168 2312 1254 2363 pede
1279 2313 1380 2357 duro,
1407 2313 1443 2356 5,
1463 2315 1533 2348 101

85 2379 325 2426 seniicaprum
352 2382 552 2427 nuncupat·
602 2375 756 2412 Nonnisi
782 2377 820 2423 3,
847 2376 918 2411 291
947 2388 1002 2424 sq.
1039 2374 1146 2411 deum
1174 2375 1362 2424 proprium
1390 2373 1536 2410 uidetur

87 2451 300 2489 agnoscere,
327 2452 546 2489 quamquam
574 2450 619 2476 ne
645 2438 716 2474 illic
738 2437 883 2487 quidem
905 2437 980 2474 Pici
1005 2436 1116 2473 filium
1143 2436 1272 2474 secisse
1290 2436 1451 2473 dixerim.
1492 2435 1534 2472 In

86 2501 188 2538 Ibide
214 2507 250 2538 et
277 2500 629 2550 metamorpliosibus
655 2501 769 2536 maior
801 2500 908 2536 etiam
937 2504 991 2534 est
1017 2498 1268 2536 inconstantia.
1321 2498 1465 2535 Scilicet
1490 2498 1534 2534 il-

85 2564 159 2601 lum
184 2564 220 2600 iu
248 2563 395 2600 modum
416 2563 638 2611 grammatici
667 2562 909 2612 disputarunt.
963 2560 1112 2597 Seruius
1139 2560 1185 2596 ad
1213 2572 1269 2609 ge.
1293 2563 1327 2607 1,
1347 2562 1413 2596 10:
1445 2560 1533 2597 Gin-

89 2628 166 2664 cims
189 2630 224 2664 ot
255 2626 405 2664 Cassius
431 2627 536 2663 aium
569 2625 614 2663 ab
642 2624 818 2663 Euandro
845 2626 1010 2662 Faunum
1037 2621 1139 2659 deum
1166 2621 1399 2672 appellatum.
1452 2622 1533 2658 Hoc
