1685 2954
75 57 218 88 chxx
618 80 623 87 ,
635 55 734 88 tom
761 57 949 90 LAvnATI

73 163 132 195 ter
159 163 347 208 suspectos
380 156 575 207 plerosque
609 157 718 197 libros
749 164 873 197 tuetur
897 159 1108 199 Lactantius
1131 163 1169 209 1,
1187 162 1257 199 203
1291 164 1400 200 Hanc
1432 175 1511 203 esse

71 219 197 258 dtmmt
219 231 266 256 ea.-
291 230 366 266 qua
388 219 463 255 sint
485 219 566 256 nati
590 219 688 258 lares
711 225 745 258 et
768 223 887 270 ipsam
910 225 1053 261 Larwm
1068 226 1256 261 nominant
1279 224 1337 260 ael
1355 226 1510 262 Laran-

71 280 170 319 dwm.
220 280 302 316 Lib.
322 281 360 327 4,
387 291 422 316 u.
441 280 491 317 45
516 280 690 330 Seruius,
717 288 757 318 ut
783 285 977 329 annotaui,
1003 297 1075 322 non
1103 286 1309 335 longissime
1333 286 1437 324 abest
1460 288 1509 324 ab

70 343 215 393 egregia
241 341 416 390 Scaligeri
443 343 662 382 coniectura.
712 343 765 380 lb.
793 356 830 381 u.
849 348 923 382 209
949 346 1100 384 madibus
1124 359 1168 385 ex
1193 347 1386 384 Lactantio
1423 359 1507 386 eum

70 405 218 441 Heinsio
244 402 488 453 recipiendum
515 405 654 454 putaui.
698 404 781 442 Lib.
798 410 836 452 4,
866 420 900 444 u.
918 409 993 444 934
1018 420 1090 445 non
1117 415 1170 446 est
1195 409 1401 459 spernenda
1425 409 1509 446 Pri-

68 465 180 503 sciani
208 468 245 512 1,
268 477 305 514 p.
319 465 392 501 225
419 467 612 503 auctoritas
638 466 673 503 in
701 473 802 504 tanta
827 468 981 505 melioris
1016 470 1215 519 scripturae
1240 471 1407 520 quamuis
1441 470 1509 507 bo·

68 539 198 564 norum
216 526 358 563 testium
374 526 569 576 paucitate.
615 528 694 565 Nec
719 528 780 565 lib.
803 529 842 576 5,
865 532 935 566 371
965 531 1178 579 negligenda
1196 533 1376 582 scriptura
1401 532 1508 569 unius

68 587 211 625 Krelilii
245 587 326 624 libri
351 586 450 637 apud
476 587 646 626 Priscian.
676 593 712 635 1,
739 602 778 640 p.
796 591 890 627 3273
926 590 1145 629 claudantur
1168 597 1242 630 rete
1267 593 1402 640 leones,
1438 593 1507 631 cfr.

68 648 144 688 Ou.
171 650 207 694 4,
227 652 315 687 216.
1118 656 1125 660 “

167 710 236 748 Est
261 709 423 748 codicum
457 723 525 761 par
549 723 621 747 non
647 710 903 756 mediocrium,
938 712 1205 752 Aruudelianus
1232 722 1270 752 et
1294 716 1508 764 Vossianus,

67 772 130 824 qui
154 772 352 822 singulares
372 773 587 823 plerumque
605 771 742 809 habent
759 773 970 822 scripturas,
997 786 1150 823 quarum
1174 783 1388 813 uetustatem
1409 775 1509 826 quod

65 835 199 872 docere
223 835 357 884 possit,
396 835 480 871 nihil
513 841 568 871 est
600 834 974 884 praetermittendum.
1028 836 1083 872 Illi
1111 837 1333 886 potissimum
1359 837 1514 875 tradunt·

65 899 106 945 2,
123 897 218 933 2843
244 898 321 943 ipse
345 896 465 942 feras,
490 907 584 945 quae
610 901 664 932 est
690 905 774 945 pars
800 896 1025 945 improbatae
1052 898 1129 935 iure
1155 910 1176 934 a
1203 899 1393 936 Gronouio
1419 899 1506 936 scri-

64 964 219 1008 pturae,
250 969 359 1005 quam
392 965 512 994 tamen
548 957 694 993 nouisse
729 955 873 993 uidetur
905 957 1054 995 Seruius
1085 958 1131 995 ad
1165 971 1221 1008 ge.
1250 963 1286 1007 l,
1305 962 1368 996 173
1404 959 1509 1007 feras

63 1018 211 1056 solitum·
235 1029 260 1054 a
286 1017 460 1055 cubilibus
493 1020 652 1054 excitare
689 1022 723 1054 et
757 1016 835 1054 ideo
873 1019 1097 1068 capripedem
1132 1019 1342 1068 figuratum.
1394 1021 1508 1058 Iidem

62 1080 206 1118 codices
239 1080 417 1129 praebent
441 1083 480 1127 2,
501 1081 594 1116 378:
631 1090 820 1115 memorem
856 1078 997 1125 famam
1036 1084 1096 1130 qai
1130 1081 1212 1118 bene
1241 1084 1353 1131 gessit
1387 1082 1506 1127 habet,

64 1141 163 1193 quod
189 1142 282 1178 tueri
310 1140 454 1177 uidetur
478 1141 630 1178 Seruius
657 1139 704 1176 ad
731 1142 822 1177 Aen.
849 1144 888 1188 8,
910 1143 982 1178 663
1010 1143 1060 1179 ita
1085 1143 1378 1180 circumlocutus:
1414 1155 1506 1192 pro-

61 1209 142 1255 pter
166 1216 240 1241 rem
276 1216 301 1240 a
331 1202 440 1239 nudis
473 1213 645 1250 prospere
676 1206 816 1249 yestam
848 1203 1061 1241 consuetudo
1091 1207 1312 1253 permansit,
1346 1210 1387 1242 at
1416 1205 1506 1243 ntuli

61 1265 282 1316 Lupercalia
301 1263 527 1301 celebrarent.
563 1264 663 1300 Alter
681 1263 877 1300 eorundem
901 1268 938 1312 2,
955 1265 1029 1301 523
1051 1266 1178 1302 habet:
1207 1269 1322 1303 Facta
1342 1265 1429 1303 deae
1452 1271 1507 1304 est

60 1328 214 1376 fornax,
240 1338 348 1377 quam
376 1326 588 1374 scripturam
616 1324 698 1361 olim
725 1325 955 1374 praeferebat
976 1327 1158 1374 Heinsius,
1185 1333 1223 1364 et
1249 1334 1393 1376 poterat
1417 1341 1506 1378 pro·

61 1391 160 1428 fecto
187 1388 376 1439 praeferri,
403 1387 468 1423 nisi
494 1386 703 1423 Lactantius
731 1391 769 1434 l,
785 1389 836 1422 20
860 1387 966 1423 deam
992 1388 1193 1425 Fornacem
1220 1390 1375 1438 alioquin
1402 1390 1506 1438 igno-

61 1459 136 1490 tam
163 1450 329 1487 referret.
383 1448 482 1485 Idem
508 1447 599 1485 liber
623 1450 661 1495 3,
687 1452 732 1484 11
760 1449 974 1498 scripturam
1009 1449 1130 1486 hercle
1164 1461 1235 1486 non
1270 1462 1353 1486 casu
1381 1458 1506 1487 natam

60 1514 138 1553 Ilia.
173 1511 333 1550 Vestalis
367 1510 598 1560 suppeditat,
642 1520 750 1558 quam
794 1509 937 1547 laeteris
975 1510 1146 1560 redargui
1188 1522 1211 1546 a
1245 1510 1428 1548 Prisciano
1465 1515 1504 1560 1,

60 1589 98 1627 p.
114 1575 190 1611 456
216 1580 254 1610 et
278 1574 353 1609 526
374 1572 459 1619 Κικ,
487 1571 547 1606 ubi
574 1570 695 1607 Siluia
721 1576 758 1606 et
779 1570 922 1616 Syluia.
976 1571 1075 1609 ldem
1100 1571 1214 1608 codex
1240 1571 1506 1609 Arundelianus

60 1637 276 1675 aduersatur
296 1636 335 1682 4,
355 1637 426 1672 391
454 1632 637 1669 Prisciano
662 1635 698 1678 1,
726 1643 764 1681 p.
786 1634 857 1668 118
883 1633 1049 1670 testanti:
1076 1633 1230 1671 Ouidius
1253 1638 1373 1670 tamen
1398 1633 1507 1670 salu-

58 1699 120 1737 ber
144 1698 240 1735 dixit
263 1701 297 1733 et
322 1695 451 1733 celeber
474 1695 515 1731 in
538 1695 601 1731 IV
621 1692 826 1739 fastorum.-
857 1716 901 1722 —
940 1696 1064 1732 circus
1095 1697 1163 1732 erit
1195 1706 1329 1744 pompa
1362 1693 1505 1733 celeber.

58 1761 160 1799 Idem
194 1770 276 1795 cum
307 1755 490 1795 Vossiano
522 1755 573 1792 ib.
599 1754 673 1790 805
700 1754 816 1790 eidem
845 1759 882 1802 1,
908 1769 946 1805 p.
961 1757 1057 1793 5703
1092 1756 1193 1794 Idem
1224 1758 1263 1793 in
1296 1757 1359 1792 IV
1379 1754 1505 1802 fasto-

57 1834 161 1861 rum:
186 1823 258 1858 Per
282 1816 472 1866 flammam
497 1817 565 1863 (ita
591 1814 699 1852 codd.
724 1815 813 1863 Kr.)
838 1817 1058 1855 saluisse
1080 1830 1118 1868 p.
1145 1817 1363 1855 saluisse
1388 1815 1457 1854 eol.

158 1882 369 1931 Scripturas
396 1891 419 1916 a
445 1878 548 1915 nobis
572 1877 794 1926 improbatas
820 1877 970 1914 tradunt
990 1881 1028 1926 3,
1048 1879 1119 1914 115
1146 1878 1296 1915 Seruius
1323 1878 1360 1914 in
1386 1889 1504 1915 anno·

57 1945 196 1983 tatione
221 1942 420 1979 indicatus:
448 1943 488 1988 3,
508 1941 582 1976 377
608 1937 767 1975 Isidorus
794 1939 1017 1988 Hispalensis
1042 1941 1131 1989 orig.
1161 1943 1219 1985 18,
1238 1943 1301 1988 12,
1320 1942 1343 1976 3
1369 1951 1408 1989 p.
1427 1940 1505 1976 569

56 2005 182 2054 Lind„
208 2004 269 2054 qui
293 2010 415 2040 tamen
440 2013 517 2051 seq.
545 2012 640 2037 uers.
668 2001 870 2050 scripturae
897 2008 1066 2051 receptae
1092 2002 1344 2039 auctoritatem
1372 2006 1502 2051 augetx

56 2070 97 2117 4,
116 2069 192 2105 779
216 2066 432 2116 scripturam
458 2062 540 2101 cod.
567 2061 768 2099 Ilfeldensis
803 2062 948 2100 uidetur
979 2063 1122 2100 nouisse
1152 2062 1288 2099 Paulus
1314 2062 1499 2099 Diaconos

58 2143 98 2180 p.
113 2131 175 2174 63,
201 2131 263 2176 12,
289 2127 418 2164 leniter
449 2124 534 2162 inde
565 2123 831 2161 emendandus:
869 2126 908 2172 4,
925 2125 998 2161 933
1030 2136 1103 2162 non
1139 2125 1255 2175 probo
1287 2124 1498 2173 scripturam

56 2203 80 2228 a
105 2190 260 2227 Krehlio
285 2194 472 2238 receptam
499 2198 521 2224 e
547 2186 629 2223 cod.
645 2186 744 2236 Lips.
763 2185 860 2236 apud
885 2185 1060 2223 Priscian.
1083 2190 1120 2234 l,
1147 2198 1185 2236 p.
1201 2185 1295 2223 2253
1323 2186 1499 2229 Dixerat,

53 2264 99 2289 ae
126 2251 279 2288 dextra:
303 2250 344 2298 5,
363 2252 438 2287 310
463 2249 628 2299 improbo
648 2250 863 2298 scripturam
889 2247 925 2284 in
951 2259 997 2284 eo
1015 2246 1163 2284 disticho
1185 2247 1283 2297 apud
1297 2236 1499 2295 Eutyeheui

52 2326 92 2365 p.
115 2315 186 2350 189
212 2325 234 2349 a
260 2311 509 2349 Lindemanno
536 2310 739 2347 admissam.

159 2374 357 2411 Praeterea
383 2373 461 2410 sine
486 2372 689 2410 discrimine
716 2372 784 2409 loci
811 2372 1015 2421 allegantur
1033 2371 1068 2408 in
1086 2369 1319 2407 annotatione
1343 2380 1415 2404 non
1442 2368 1497 2404 in·

51 2435 178 2474 dicati:
207 2439 246 2482 1,
263 2436 352 2483 239,
373 2436 450 2471 240
476 2434 574 2485 apud
595 2434 823 2471 Lactantium
852 2438 889 2482 1,
911 2436 977 2470 13:
1006 2438 1042 2481 1,
1061 2434 1134 2469 339
1159 2430 1257 2480 apud
1283 2428 1497 2466 Diomedem

51 2511 90 2549 p.
107 2500 181 2535 377
196 2497 261 2534 Ρ.3
290 2500 324 2541 1,
346 2496 418 2533 385
450 2495 548 2546 apud
573 2496 739 2533 Lactant.
769 2500 806 2543 1,
822 2499 890 2533 213
920 2499 958 2544 1,
976 2495 1049 2532 521
1086 2492 1183 2543 apud
1209 2491 1430 2527 Priscianum
1459 2494 1499 2538 1,

50 2573 90 2611 p.
105 2561 198 2597 3263
225 2562 265 2608 2,
279 2560 352 2594 261
380 2557 558 2595 indicatur
583 2558 681 2608 apud
709 2559 870 2609 Captum
896 2558 943 2594 de
969 2554 1131 2603 orthogr.
1157 2565 1195 2603 p.
1209 2554 1309 2588 2242
1327 2552 1387 2600 Ρ.,
1414 2551 1498 2590 coll.

49 2621 174 2661 Bentl.
200 2620 248 2660 ad
273 2621 365 2660 Hor.
391 2631 491 2658 carm
517 2624 556 2670 1,
577 2624 639 2670 13,
660 2624 706 2658 23
733 2623 773 2669 2,
792 2621 868 2657 287
893 2617 993 2669 apud
1016 2615 1130 2654 schol.
1155 2614 1265 2653 Statii
1290 2613 1339 2652 ad
1365 2612 1494 2652 Theb.
