1685 2954
151 47 230 93 174
661 46 1017 100 'ras'ronvm

260 163 363 204 Tum
391 164 559 216 primum
587 164 700 207 soles
729 174 844 208 eruta
872 169 974 210 uidit
1004 171 1162 214 humus.

199 232 289 272 Aes
319 237 405 271 erat
433 232 474 271 in
504 233 644 285 pretio.
687 234 902 290 chalybeia
930 250 1069 280 massa
1097 241 1263 282 latebat.
1501 249 1579 287 405

255 299 374 340 Eheu
401 306 599 352 perpetuo
627 300 766 343 debuit
793 304 859 344 illa
889 306 999 359 tegi!

200 365 312 406 Pace
341 366 472 406 Ceres
499 367 608 408 laeta
637 376 713 411 est.
755 378 798 412 et
826 384 902 413 uos
930 380 1083 427 optate,
1113 376 1256 428 coloni,

253 433 496 485 Perpetuam
524 448 668 486 pacem
693 438 992 494 pacificumque
1020 441 1178 482 ducem.

197 500 324 541 Fan-a
349 501 453 542 deae
478 502 690 556 micaeque
718 506 816 546 licet
843 507 1027 548 salientis
1056 510 1246 550 honorem

251 568 383 621 Detis,
412 575 455 609 et
481 570 521 609 in
550 576 715 612 ueteres
742 572 884 613 thurea
910 586 1040 627 grana
1065 575 1206 630 focos.»
1499 582 1578 620 410

195 635 251 677 Et
277 637 314 676 si
342 636 458 675 thura
487 637 668 690 aberunt,
696 644 845 680 unctas
871 641 1088 681 accendite
1116 643 1272 684 taedas.

249 703 382 744 Parua
410 703 541 743 bonae
571 704 724 755 Cereri,
752 705 835 744 sint
862 707 982 746 modo
1010 714 1142 761 casta,
1169 710 1343 761 placent.

192 770 234 812 A
260 771 367 810 boue
394 769 598 810 succincti
626 772 779 812 cultros
806 780 1015 814 remouete
1044 774 1232 816 ministri:

248 838 333 878 Bos
361 844 458 877 aret.
495 836 688 891 ignauam
716 839 958 896 sacrificate.
977 853 1104 882 suem.

191 906 307 959 Apta
331 903 429 959 iugo
460 906 602 946 ceruix
631 920 712 947 non
740 913 806 948 est
834 907 1016 950 ferienda
1040 911 1196 951 securi:
1497 916 1575 955 415

244 973 385 1024 Viuat,
416 979 459 1013 et
484 973 526 1013 in
553 973 652 1014 dura
680 987 809 1028 saepe
839 975 996 1016 laboret
1024 977 1158 1017 humo.

184 1068 270 1104 404.
298 1068 406 1104 'l‘unc
435 1065 720 1115 BcEFfbfr
745 1069 828 1118 plus
853 1071 993 1119 uiginti.
1033 1071 1128 1108 Dum
1155 1085 1203 1109 m.
1247 1074 1352 1122 prim.
1379 1074 1497 1111 sulcos
1522 1087 1574 1112 er.

132 1120 251 1156 nescio
278 1130 370 1167 quae
393 1120 512 1166 prima
536 1117 589 1155 ed.
613 1118 657 1155 ab
677 1122 826 1157 Heinsio
851 1122 1022 1169 inspecta.
1126 1124 1212 1159 405.
1241 1123 1316 1160 Res
1341 1132 1419 1161 erat
1450 1126 1479 1162 G
1494 1137 1575 1162 nar.

130 1181 202 1209 scr.
241 1170 315 1205 l-les
343 1175 422 1204 erat
449 1167 479 1204 b.
521 1175 598 1205 erat
624 1182 693 1206 om.
722 1168 769 1206 Γ.
819 1171 851 1206 in
880 1173 1033 1220 pretium
1062 1175 1110 1208 28
1121 1176 1182 1210 33.
1221 1175 1342 1223 precio
1366 1176 1444 1211 siue
1469 1187 1576 1223 prae-

131 1221 188 1256 cio
213 1221 294 1256 mei.
331 1222 406 1265 Ita,
433 1218 541 1265 chal„
568 1220 662 1255 413.
703 1220 876 1256 chalibeia
902 1234 1018 1258 massa
1044 1223 1109 1269 Ilf.
1123 1226 1156 1259 Ζ
1170 1236 1206 1260 m
1221 1236 1362 1273 nia-pr.
1381 1226 1431 1260 29
1448 1228 1495 1261 33
1512 1227 1574 1263 35.

131 1270 379 1318 chalybeaque
406 1280 519 1304 massa
546 1273 589 1303 12
603 1273 660 1304 20.
701 1270 829 1318 chalyb
848 1271 991 1316 (addito
1010 1273 1216 1321 compendio
1230 1273 1392 1320 syllabae
1416 1276 1456 1318 is,
1482 1275 1577 1323 quod

130 1319 271 1357 litterae
291 1332 311 1355 e
338 1331 410 1354 non
436 1324 488 1355 est
515 1319 703 1366 dissimile)
732 1320 800 1355 iam
828 1333 945 1357 massa
964 1323 1012 1359 A.
1052 1325 1172 1359 calibis
1198 1324 1268 1359 iam
1296 1336 1412 1360 massa
1438 1323 1576 1362 DG‘D

133 1367 293 1417 Σὺϊνι,
319 1369 385 1415 lif.
415 1375 449 1405 et
478 1372 594 1406 Ema.
615 1382 685 1406 sec.
729 1371 850 1406 calibis
876 1372 983 1408 missa
1015 1374 1084 1408 iam
1113 1374 1205 1422 plac.
1233 1376 1267 1410 Ε
1276 1386 1419 1424 inmpr.
1467 1375 1574 1412 calid'

130 1421 203 1457 iam
230 1421 348 1456 mall’a
376 1421 468 1469 plac.
494 1417 532 1455 Γ
532 1448 539 1456 .
583 1419 741 1468 chalybis
767 1421 835 1456 iam
861 1434 978 1458 massa
1002 1426 1145 1460 caeteri.
1181 1426 1258 1471 Ita,
1285 1424 1433 1469 latebat,
1460 1424 1575 1471 IlttG

131 1474 166 1509 Z
175 1470 388 1519 fmmaqw.
410 1474 455 1506 12
469 1472 575 1505 2029
586 1473 631 1506 33
645 1472 691 1506 35
720 1476 875 1519 quatuor
901 1472 984 1518 alm
1009 1475 1044 1509 D
1053 1485 1166 1521 ρων.
1178 1485 1248 1510 scr.
1284 1485 1400 1511 massa
1424 1476 1574 1523 patebat

130 1533 244 1566 ιωνιιες
271 1519 311 1557 A
320 1533 403 1558 uam.
418 1532 488 1557 scr.
530 1533 645 1556 massa
669 1521 805 1556 nitebat
831 1523 866 1557 4.
910 1535 1025 1558 massa
1048 1523 1215 1571 placebat
1242 1526 1382 1561 caeteri.
1483 1526 1571 1563 406.

129 1574 208 1620 sic,
233 1572 352 1616 Eheu,
381 1568 1226 1617 Alis.BDEFGFMOPb0-82o213343
1254 1573 1451 1610 duodecim.
1499 1575 1574 1611 He-

129 1622 202 1659 heu
224 1619 400 1658 (DNTs.
446 1622 526 1658 Heu
553 1633 656 1670 perp.
678 1633 701 1669 9
722 1626 805 1658 tres.
850 1623 926 1658 Heu
954 1635 1061 1671 quam
1088 1635 1192 1672 perp.
1213 1627 1286 1659 t12
1297 1625 1347 1659 26
1372 1623 1455 1661 duo.
1491 1625 1573 1662 Heu

130 1672 202 1710 heu
227 1684 332 1722 perp.
361 1673 501 1708 caeteri.
604 1673 691 1707 407.
719 1684 790 1708 cer.
819 1673 915 1708 laesa
941 1674 1031 1710 AF.
1067 1679 1123 1709 est
1148 1686 1217 1710 om.
1246 1671 1295 1711 Γ.
1338 1682 1392 1710 est
1417 1673 1480 1710 sed
1508 1688 1573 1711 uos

59 1730 65 1743 ’
129 1725 192 1760 20.
243 1730 297 1759 est
323 1730 360 1758 at
388 1735 452 1758 uos
478 1720 628 1767 lifissc
652 1726 736 1757 tres.
786 1723 908 1758 obtate
943 1723 981 1758 G.
1029 1735 1093 1759 uos
1119 1731 1221 1771 etate
1245 1722 1577 1762 ADFGOEFM

132 1769 268 1810 OPH
280 1771 368 1810 ΨΑ
379 1770 416 1808 Σ
429 1771 538 1818 Tuf.
549 1784 625 1808 nia.
638 1783 705 1808 sec.
716 1770 793 1819 bfy
804 1771 872 1808 hm
890 1784 962 1808 ηια.
974 1785 1075 1821 sec.p
1088 1786 1109 1810 r
1122 1786 1141 1810 s
1156 1779 1171 1810 t
1196 1776 1325 1822 uiginti
1354 1774 1430 1821 fere
1459 1787 1573 1823 prae-

127 1829 238 1861 terea.
342 1825 429 1859 408.
457 1835 537 1872 pac.
560 1828 849 1871 perpetuumque
869 1822 937 1868 Ilf.
953 1825 995 1858 N
1001 1823 1167 1860 thlss
1194 1836 1342 1870 ‘nouerim
1367 1838 1391 1874 p
1407 1837 1487 1861 aar.
1498 1838 1569 1863 scr.

131 1875 237 1920 Quod
261 1876 374 1922 recepi
400 1876 437 1909 in
463 1872 529 1919 Ilf.
548 1885 622 1908 ma.
641 1885 696 1921 pr.
724 1875 881 1920 mcwyini
907 1876 1104 1922 ascriptum
1129 1879 1194 1912 est.
1247 1887 1328 1924 pac.
1356 1876 1573 1924 paciferum-

126 1936 200 1974 que
222 1923 272 1963 Ψ.
375 1926 460 1960 409.
487 1924 675 1971 micaeque
694 1923 775 1958 salis
796 1924 953 1959 salientis
980 1929 1011 1969 ις
1042 1922 1255 1961 (Dum-,scin
1294 1925 1346 1961 sal
1371 1925 1515 1971 syllaba
1533 1928 1572 1964 in

127 1987 208 2014 ra8.
235 1975 409 2024 ampliore
430 1973 495 2020 ΗΓ.
533 1974 691 2009 salientis
717 1974 751 2008 in
779 1985 842 2009 ore
867 1977 1075 2014 Pace-..0022
1110 1974 1230 2011 Gloss.
1257 1974 1426 2023 salien‘tis]
1456 1977 1571 2026 crepi-

128 2028 237 2063 tantis
259 2029 303 2063 E.
407 2027 493 2059 410.
521 2032 623 2059 turea
644 2021 782 2059 Ebllr?
816 2031 888 2060 net.
916 2024 1022 2060 thura
1048 2026 1184 2074 liquata
1209 2025 1280 2062 foc.
1306 2028 1349 2062 Τ.
1389 2034 1461 2063 uet.
1490 2034 1570 2063 tau-

129 2088 193 2113 rea
217 2077 313 2113 dona
338 2075 410 2112 soc.
436 2086 484 2110 m·
524 2073 598 2110 Sub
613 2074 789 2121 peruicaci
803 2072 915 2110 litura
928 2074 996 2120 Ilf.
1012 2075 1162 2112 uidebar
1180 2075 1290 2124 leyere
1315 2088 1425 2113 aurea
1450 2077 1568 2114 mella.

177 2130 264 2164 411.
292 2126 366 2162 Sed
393 2126 422 2160 si
448 2129 484 2160 2.
525 2127 570 2160 At
596 2126 624 2160 si
652 2127 712 2161 23.
756 2131 835 2159 tura
855 2123 1036 2170 flfibtlr?
1075 2126 1215 2162 aberint
1240 2130 1324 2163 tres.
1363 2127 1461 2163 aber.
1488 2128 1568 2163 iun-

129 2184 206 2214 ctas
235 2174 660 2223 GP²I5Ab9mm2nn3
685 2178 768 2210 tres.
819 2175 919 2210 aber.
949 2175 1087 2212 uinctas
1113 2173 1224 2212 PM.
1272 2188 1346 2213 acc.
1374 2178 1479 2226 pinus
1504 2176 1566 2212 29.

129 2239 206 2266 acc.
234 2229 330 2264 faces
357 2232 442 2262 ires.
555 2228 641 2260 412.
679 2223 802 2260 Pauca
829 2225 945 2261 bonae
970 2227 1006 2262 6.
1060 2227 1177 2263 bonae
1202 2228 1242 2263 *in
1268 2239 1342 2263 ras.
1366 2238 1402 2275 9.
1447 2225 1567 2262 Parua

125 2278 216 2315 deae
243 2291 315 2315 cer.
342 2275 379 2313 E
387 2272 486 2312 ΓΜ
509 2275 592 2311 dito.
641 2275 770 2311 cereris
797 2275 890 2311 Am.
930 2287 1003 2312 cer.
1032 2277 1081 2312 nil
1108 2276 1215 2313 modo
1247 2278 1447 2314 Guar.scr.
1492 2287 1563 2311 cer.

126 2330 154 2364 si
182 2329 288 2364 modo
316 2331 377 2363 20.
428 2339 500 2362 cer.
529 2325 724 2361 dummodo
761 2334 858 2361 casta
889 2327 950 2361 29.
1064 2330 1150 2363 413.
1185 2330 1290 2363 Hunc
1314 2331 1348 2362 et
1371 2337 1442 2373 seq.
1469 2337 1563 2361 iners.

123 2382 264 2427 transl).
292 2376 338 2414 Γ.
378 2377 526 2418 succinti
553 2373 600 2411 Γ.
644 2376 758 2411 cultos
787 2377 833 2411 D.
875 2377 1027 2412 cultrum
1054 2390 1074 2413 s
1100 2382 1266 2426 quatuor.
1306 2376 1410 2411 cultr.
1437 2375 1565 2423 prohi-

127 2431 208 2465 bete
234 2431 269 2464 6.
369 2429 456 2464 414.
485 2433 564 2463 arat
592 2427 637 2463 0.
679 2426 856 2472 ignauiam
884 2428 929 2462 Ι).
972 2428 1138 2475 ignauem
1162 2428 1212 2463 A.
1249 2427 1415 2474 iginiuum
1445 2423 1569 2460 FFT

124 2479 329 2525 1’1061022
355 2489 432 2513 ser.
474 2478 633 2526 ignaram
661 2473 714 2512 A.
755 2476 958 2514 sacrificare
982 2477 1155 2526 bmmpr.
1264 2476 1349 2510 415.
1380 2475 1500 2511 ceruix
1527 2482 1564 2512 et

126 2542 198 2565 non
225 2528 292 2564 ser.
321 2533 490 2576 (linitum.
529 2528 694 2562 ferhmda
720 2538 739 2562 ‘r
755 2539 893 2575 nimpr.
996 2529 1082 2564 416.
1109 2533 1145 2563 et
1170 2525 1311 2562 induret
1338 2536 1448 2573 saepe
1478 2522 1530 2560 (D.

175 2581 262 2615 417.
289 2579 390 2627 Exig.
417 2578 476 2613 ille
497 2574 991 2614 EFwsAMOAb62o
1009 2577 1091 2613 cluo.
1128 2576 1234 2624 Exig.
1262 2576 1328 2612 iste
1358 2576 1390 2610 G
1406 2577 1465 2611 'fs
1484 2579 1562 2611 octo

122 2636 157 2666 et
181 2634 267 2667 uett.
292 2628 346 2665 ed.
391 2627 460 2663 loc.
489 2636 527 2663 ut
554 2635 678 2676 raptus
706 2630 749 2664 P.
853 2629 940 2664 418.
969 2638 1203 2664 recouuosces
1230 2623 1276 2662 Γ.
1325 2637 1560 2674 recognoscas

1660 1927 1674 1944 ,ι

1662 2068 1671 2075 a

1650 2084 1677 2270 Ξ

1657 2274 1674 2298 ‘v
