1685 2954
683 114 735 140 ΑΒ
767 113 912 142 OVIDIO
1444 117 1518 148 Lm

75 210 139 248 sed
176 211 411 261 locupletauit
444 209 606 247 studiose
642 218 680 248 et
714 211 907 248 illustrauit
945 214 1102 262 copiose.
1164 212 1307 263 Duplex
1342 213 1411 252 hoc
1446 223 1516 264 est,

75 272 172 322 quod
200 273 294 319 dico,
323 277 359 308 et
383 272 576 319 separatim
600 272 900 308 considerandum
928 273 1240 324 unumquodque.‘
1274 275 1518 326 Locupletare

74 334 235 384 intelligo
265 333 378 369 cuiuis
405 333 476 369 diei
503 339 567 369 aut
601 344 745 369 causam
775 341 883 370 notae
917 335 1034 371 eidem
1069 337 1280 385 appositae,
1316 337 1374 374 uel
1407 339 1516 375 etiam

73 396 196 444 plures
223 406 368 440 causas',
397 401 460 430 aut
488 394 643 443 denique
671 406 714 431 ea
740 393 963 442 adiungere,
992 408 1085 444 quae
1113 398 1156 433 ad
1186 405 1305 434 uotam
1333 411 1379 435 ne
1403 401 1516 448 perti-

72 462 160 492 nent
184 454 339 504 quidem.
387 455 496 498 Quod
525 462 744 505 postremum
771 455 854 491 fasti
874 455 1044 492 Maffeuni
1070 470 1251 507 nunquam
1278 459 1428 505 faciunt,
1453 461 1514 510 qui

72 523 174 554 notas
200 515 317 563 aden,
354 518 405 553 uti
443 517 622 564 uidimus,
662 530 742 553 raro
770 518 965 566 explicant.
1018 518 1305 568 Locupletarunt
1331 533 1420 558 uero
1446 523 1514 559 isto

70 577 177 614 modo
208 577 320 614 fastos
349 590 414 614 sua
442 578 604 614 doctrina
634 579 706 626 alii,
735 580 795 628 qui
822 580 855 614 in
885 579 1014 615 tabulis
1041 582 1273 628 marmoreis,
1307 582 1365 617 uel
1391 583 1513 619 aeneis

68 650 130 675 eos
157 647 448 688 proposuerunt,
476 640 627 676 Fuluius
654 640 819 677 Nobilior
846 646 880 676 et
907 640 1054 677 Verrius
1083 642 1251 689 Flaccus,
1280 653 1398 691 neque
1425 656 1513 681 uero

65 700 319 748 explanarunt.
374 703 603 751 Quamquam
630 703 724 738 enim
753 708 906 751 uterque
933 703 1107 739 mensium
1134 704 1276 740 nomina
1303 704 1514 752 explicauit,

67 761 151 797 uide
185 761 232 798 de
257 763 388 799 Fuluio
416 764 579 800 Macrob.
610 768 646 810 l,
676 768 720 800 12
760 771 796 800 et
825 762 949 803 Verrii
982 764 1119 813 inspice
1149 765 1271 801 titulos
1306 765 1510 803 tabularum

64 822 382 861 Praenestinarum
408 825 528 861 Martii
556 833 591 861 et
618 825 767 874 Aprilis,
804 825 862 861 ubi
887 825 1039 860 aliorum
1064 825 1261 862 sententias
1287 838 1510 864 commemo-

64 891 144 933 rat,
179 897 201 921 a
228 886 357 935 quibus
393 899 459 923 nec
494 886 714 935 exagitandis
742 886 913 922 abstinuit
940 885 990 920 ΙΧ
1015 892 1052 922 et
1077 886 1112 922 X
1138 887 1198 922 ΚΓ
1225 887 1353 936 April„
1385 889 1420 924 X
1445 888 1508 925 ΚΡ

65 947 163 984 lan.:
200 954 321 984 tamen
348 948 455 996 longe
487 947 583 983 aliud
611 948 697 996 quid
725 948 833 983 etiam
861 946 911 982 illi
937 946 1065 983 fecisse
1091 948 1259 984 censendi
1286 955 1394 995 sunt,
1429 950 1507 998 qui-

64 1009 131 1045 bus
157 1009 203 1045 ad
232 1021 287 1045 res
314 1010 457 1045 easdem
485 1008 702 1044 enarrandas
739 1021 809 1044 non
846 1019 1043 1057 paucorum
1070 1007 1261 1057 digitorum
1287 1010 1444 1058 spatium
1471 1012 1506 1046 iu

63 1083 242 1107 marmore
262 1070 423 1119 patebat,
450 1069 512 1105 sed
541 1070 638 1116 libri,
662 1069 766 1106 Paul·
788 1069 892 1105 Diae.
914 1081 951 1118 p.
965 1071 1028 1116 87,
1046 1071 1092 1106 19
1111 1070 1250 1117 MuelL,
1278 1069 1351 1108 Ou.
1369 1075 1403 1119 1,
1419 1073 1506 1116 657,

62 1144 153 1181 quos
175 1132 409 1180 scripserunt,
437 1131 480 1167 L.
501 1131 647 1167 Cincius
671 1144 796 1178 unum,
824 1130 1012 1167 Cornelius
1032 1129 1158 1167 Labeo
1178 1132 1314 1180 plures,
1340 1131 1386 1168 de
1405 1134 1506 1170 cuius

60 1193 165 1243 copia
198 1193 268 1229 iam
305 1205 400 1228 nunc
437 1191 520 1229 uide
553 1193 715 1229 Maerob.
753 1206 778 1242 p
797 1193 992 1228 245—47
1019 1191 1160 1240 Gron.,
1196 1192 1308 1230 Laur.
1334 1193 1430 1242 Lyd.
1457 1194 1505 1232 de

59 1266 174 1291 mens.
201 1256 240 1300 4,
265 1257 307 1290 1:
347 1253 413 1290 hos
448 1255 671 1304 antiquiores
706 1254 841 1292 Ouidio
880 1253 990 1290 fuisse
1022 1260 1150 1302 postea
1185 1252 1501 1293 demonstrabitur.

58 1315 190 1362 Nisus,
225 1316 300 1351 eius
329 1316 513 1366 aequalis,
539 1323 579 1353 ut
604 1323 716 1366 puto,
743 1315 1019 1353 commentarios
1044 1313 1220 1351 fastorum
1245 1315 1369 1354 edidit.
1420 1317 1502 1355 Ma-

58 1379 177 1415 surius
204 1377 359 1415 Sabinus
385 1385 470 1427 post
495 1378 661 1415 Verrium
687 1385 725 1415 et
751 1377 924 1414 Ouidium
951 1376 1126 1413 fastorum
1151 1376 1260 1414 libros
1286 1377 1390 1416 duos.
1441 1380 1500 1416 Iu-

57 1440 126 1476 lius
151 1439 364 1486 Modestus,
387 1439 553 1476 diuersus
576 1440 635 1476 ille
662 1440 707 1476 ab
733 1439 877 1476 Aufidio
902 1437 1086 1486 Modesto,
1113 1445 1150 1474 et
1176 1439 1309 1488 Hygini
1334 1441 1499 1490 libertus,

22 1549 28 1553 .
57 1501 105 1538 de
128 1501 228 1538 feriis
253 1502 410 1551 scripsit.
465 1502 529 1538 His
554 1502 648 1538 adde
675 1515 765 1551 quos
792 1501 951 1537 indicant
975 1500 1107 1536 Festus
1127 1512 1164 1549 p.
1180 1502 1229 1536 67
1256 1501 1314 1538 ed.
1328 1502 1410 1539 Vrs.
1437 1503 1499 1540 lin.

57 1567 126 1602 19:
157 1566 234 1614 [qui
258 1563 300 1600 de
324 1562 443 1610 feriis]
469 1566 664 1600 menstruis
686 1563 958 1612 scrip[serunt],
992 1567 1029 1604 et
1053 1561 1258 1599 Macrobius
1284 1563 1363 1600 Sat.
1393 1568 1430 1612 1,
1450 1568 1496 1600 11

55 1627 137 1664 sina
165 1629 225 1676 qui
241 1628 416 1663 rationem
438 1627 526 1662 anni
545 1627 720 1663 mensium
741 1625 945 1674 dierumque
964 1628 998 1660 et
1017 1623 1277 1662 ordinationem
1297 1637 1320 1661 α
1343 1625 1384 1664 G.
1405 1626 1497 1662 Gae-

56 1701 139 1726 sare
169 1688 342 1736 diyestam
368 1687 507 1736 plenius
531 1687 762 1732 rettuderam
801 1694 876 1723 tum
905 1687 1128 1734 Graeculos,
1163 1687 1225 1736 qui
1258 1686 1357 1736 apud
1381 1687 1497 1724 Athe-

56 1762 187 1787 naeum
213 1756 249 1785 et
273 1749 416 1796 Lydum
443 1749 698 1795 nominantur,
728 1749 923 1796 Anysium,
946 1747 1176 1796 Elpidianum
1186 1775 1201 1795 ,⁴
1224 1748 1497 1798 Manethonem,

55 1813 173 1861 ipsum
200 1809 356 1858 denique
381 1810 432 1845 lo.
458 1809 613 1856 Lydum.
664 1809 802 1845 Poterit
832 1810 941 1858 igitur
965 1811 1060 1845 inter
1092 1809 1158 1844 hos
1184 1816 1220 1844 et
1246 1810 1386 1858 priores
1412 1817 1497 1846 tan—

54 1879 132 1910 tum
159 1878 256 1908 certe
284 1870 494 1907 discriminis
522 1870 680 1919 agnosci,
709 1877 748 1906 ut
775 1877 872 1907 recte
898 1870 1090 1906 dixerimus
1115 1875 1151 1905 et
1177 1870 1433 1919 locupletatos,
1458 1879 1497 1908 et

55 1941 242 1972 enarratos
270 1933 315 1969 ab
344 1931 477 1969 Ouidio
504 1931 617 1968 fastos
644 1944 742 1978 esse,
779 1938 816 1968 et
842 1943 887 1967 ne
913 1932 1037 1979 inepte
1063 1930 1131 1966 hac
1158 1931 1301 1980 quidem
1333 1934 1356 1978 ξ
1382 1933 1428 1969 de
1453 1934 1496 1970 iis

54 1996 253 2041 lemmatis,
281 2006 375 2043 quae
401 1992 560 2041 addidit,
595 1993 725 2030 deinde
750 1993 915 2043 sequenti
940 1992 989 2029 de
1013 1992 1250 2042 explicatione
1276 1992 1494 2043 disputatio-

52 2070 135 2095 nem
161 2057 400 2092 instituamus.

152 2117 348 2167 Ampliauit
374 2116 527 2153 Ouidius
562 2116 675 2154 fastos
704 2116 931 2164 Maffeanos,
968 2116 1154 2166 multaque
1190 2129 1236 2154 ne
1268 2118 1495 2155 subindicata

51 2179 196 2230 quidem
222 2181 257 2215 in
284 2179 352 2215 illis
379 2179 538 2215 inseruit.
583 2180 713 2227 lugens
739 2179 833 2215 enim
860 2190 980 2214 rerum
1001 2178 1104 2227 copia
1131 2179 1326 2226 efficiebat,
1352 2185 1392 2215 ut
1413 2180 1493 2229 qui-

51 2254 194 2292 cunque
220 2241 397 2277 fastorum
423 2241 700 2290 descriptionem
735 2241 962 2286 institueret,
996 2240 1080 2275 satis
1107 2240 1235 2287 docte,
1269 2254 1335 2277 suo
1370 2247 1492 2278 tamen

50 2310 88 2340 et
112 2303 255 2340 diuerso
283 2303 329 2338 ab
356 2303 430 2337 aliis
455 2303 563 2338 modo
590 2301 626 2338 id
653 2309 787 2351 posset.
838 2302 868 2337 F
873 2313 915 2337 ac
940 2300 1136 2337 adornasse
1166 2302 1233 2338 sibi
1266 2314 1348 2339 eum
1375 2304 1491 2339 tabel-

49 2366 146 2413 lam,
171 2376 278 2414 quam
305 2363 497 2413 postmodo
522 2369 747 2413 exponeret,
775 2364 851 2399 eius
879 2363 1032 2399 tabellae
1060 2376 1130 2399 non
1157 2364 1260 2399 nimis
1286 2371 1491 2401 accuratam

49 2427 241 2476 imaginem
267 2425 404 2462 dabunt
430 2427 543 2472 istae,
580 2439 670 2475 quas
694 2427 731 2461 in
759 2425 908 2462 uetustis
935 2436 1045 2460 manu
1071 2424 1213 2474 scrip-tis
1238 2425 1335 2461 libris
1361 2427 1490 2462 iuuen-

50 2494 104 2524 tas
130 2488 193 2524 tibi
219 2499 398 2537 propono.
451 2488 597 2523 Habent
624 2487 718 2523 enim
748 2500 875 2534 usum,
911 2499 984 2522 non
1011 2498 1182 2535 magnum
1216 2487 1389 2535 quidem,
1420 2487 1490 2524 ali-

51 2561 157 2597 quem
184 2553 320 2596 tamen,
347 2553 384 2585 et
407 2556 491 2585 sunt
517 2549 744 2585 saeculorum
769 2548 833 2596 IX,
862 2548 924 2596 Xl,
950 2548 1048 2595 Xlll,
1072 2548 1151 2584 XV.
1448 2560 1449 2564 ¹

140 2625 191 2655 ΚΡ
215 2625 283 2654 Ian.
307 2625 440 2655 Iunonis
461 2626 551 2655 louis
573 2628 605 2655 et
627 2626 809 2660 Aesculapii
835 2624 869 2654 C'.
903 2626 1032 2655 Festum
1056 2625 1144 2659 louis
1169 2643 1317 2654 .....
1341 2627 1374 2654 et
1394 2631 1489 2653 escu-

54 2682 143 2718 lapii.
187 2684 264 2713 Dies
287 2678 346 2721 αρ’.
374 2684 412 2712 Ε.
443 2683 575 2713 Iunonis
596 2683 713 2719 festum
737 2678 952 2722 [consecratio
976 2683 1160 2719 templorum
1183 2689 1272 2712 man.
1295 2678 1380 2721 seo]
1403 2681 1491 2712 louis
1513 2672 1517 2675 ’

1369 2770 1391 2785 -1
