1685 2954
71 27 238 62 cxcvm
694 30 753 61 DE
780 31 879 62 1)ssss

71 129 184 173 Paus.
199 143 234 171 c.
251 127 314 177 44,
332 130 379 168 52
404 128 451 167 de
467 128 571 167 Pane
582 128 731 179 Lycaeo
752 137 790 169 et
806 129 984 182 Neptuno
1004 138 1041 171 et
1058 133 1285 172 Tubilustrio
1309 146 1384 172 non
1405 148 1519 187 quae·

73 204 166 233 ram,
216 192 293 232 Iam
318 191 380 241 qui
406 191 456 227 ita
481 198 811 242 argumentaretur,
836 193 1050 232 Euandrum
1071 195 1251 233 Pallantio
1276 195 1314 232 in
1339 196 1521 235 Palatium

73 256 229 301 uenisse,
254 255 339 304 quia
363 252 413 289 ibi
438 263 586 302 quoque
605 251 748 291 Cereris
773 266 838 292 ara
863 262 949 293 ante
975 256 1102 294 aedem
1125 257 1396 296 Postumianam
1422 259 1524 305 (eam

74 317 172 355 enim
197 312 467 363 intelligendam
494 319 598 363 putu,
625 326 698 352 non
725 315 919 362 diuersam,
942 324 982 354 ut
1003 318 1191 356 Nardinus
1218 318 1316 365 uult)
1343 325 1382 356 et
1407 320 1522 356 sacel-

73 378 149 416 lum
167 376 352 413 Victoriae
378 374 506 424 (quam
526 375 651 412 Vicam
670 376 800 415 Potam
826 378 914 416 facit
939 380 1193 418 Ambroschius
1219 394 1257 431 p.
1278 384 1345 416 121
1376 379 1524 424 mirifica

74 438 305 476 conclusione
337 443 375 474 et
409 443 535 473 contra
559 436 721 487 Dionysii
753 451 793 489 p.
816 441 864 476 85
891 440 916 477 l.
944 444 988 477 11
1017 441 1142 479 Reisk.
1168 449 1206 479 et
1236 442 1383 478 Arnobii
1411 445 1448 486 3,
1473 441 1524 479 25

74 499 294 545 testimonia)
325 498 460 546 fuerit,
499 509 582 536 eum
609 500 722 550 liquet
747 512 897 551 operam
925 501 1090 550 dedisse,
1130 510 1169 539 ut
1194 515 1271 542 rem
1298 501 1446 540 aliunde
1470 503 1526 539 in·

76 561 257 610 cognitam
285 566 476 597 astrueret.
516 560 660 610 Insigne
681 568 736 599 est
759 562 900 610 Polybii
926 563 1170 601 testimonium
1201 577 1234 602 c.
1250 567 1314 613 32,
1341 566 1402 615 qui
1429 565 1527 602 clare

75 629 188 672 negat
214 622 372 659 Pallanti
398 621 648 660 Romanorum
676 635 752 660 rem
777 622 890 659 fuisse
917 635 998 659 cum
1023 624 1226 662 Pallantio=
1262 639 1444 676 quemque
1471 632 1529 663 ta-

75 684 228 721 menetsi
247 683 376 720 Palatii
403 683 500 719 illam
527 684 801 732 originationem
828 684 981 731 inuenit,
1007 685 1219 722 Euandrum
1239 685 1419 723 Pallantio
1441 699 1530 736 pro·

75 743 213 783 fectum
237 745 422 782 induxisse
447 757 520 783 non
548 754 603 782 est
629 745 831 795 probabile.
879 744 1050 794 Namque
1073 747 1214 783 nonnisi
1241 748 1394 785 nominis
1421 759 1531 784 causa

77 818 123 844 ea
148 807 275 845 fabula
308 806 511 856 excogitata
544 812 620 843 est:
660 813 698 843 et
733 807 962 855 excogitata,
996 807 1050 842 uti
1084 807 1163 856 ipse
1188 808 1381 857 Dionysius
1407 821 1446 859 p.
1465 810 1533 856 80,

75 867 105 905 l.
123 869 170 906 15
189 874 358 917 testatur,
385 880 408 905 a
428 868 622 905 Romanis:
649 876 749 905 certe
775 869 870 905 enim
894 869 1008 905 uerba
1036 860 1091 912 ὥς
1117 863 1232 906 αὐτοὶ
1253 863 1445 917 Ῥωμαῖοι
1470 864 1533 906 λέ-

76 940 218 980 γουσιν
244 929 467 980 respondent
492 930 561 967 illis
587 943 620 968 c.
640 933 709 968 32:
730 924 804 974 Ὡς
833 925 880 966 δέ
903 942 1006 974 τινες
1032 924 1252 978 ἶςοροῦσιν.
1291 930 1402 975 Quod
1421 930 1535 967 Clau·

77 991 200 1029 senius
234 1004 273 1041 p.
302 992 402 1028 1234
435 991 596 1041 scripsit:
633 991 729 1029 Nike
762 991 885 1039 fiihrte
918 994 956 1028 in
987 992 1202 1030 Pallantion
1235 992 1302 1030 den
1336 991 1533 1030 besondem

79 1053 228 1092 Numen
260 1052 497 1101 Nikostrate,
535 1052 644 1089 doleo
677 1052 837 1090 sactum:
881 1066 965 1090 nam
1002 1054 1062 1103 qui
1099 1054 1199 1102 apud
1234 1055 1372 1092 nullum
1408 1065 1535 1091 eorum

79 1114 322 1165 scriptorum,
353 1127 445 1165 quos
477 1114 636 1163 allegat,
672 1115 749 1151 eius
776 1114 877 1152 effati
903 1128 1048 1153 causam
1074 1116 1259 1165 inueniet,
1294 1116 1452 1153 leuitatis
1475 1127 1536 1152 ar-

80 1175 365 1226 chaeologorum
397 1176 619 1213 insimulabit
654 1174 893 1225 philologum,
953 1176 1012 1214 De
1048 1178 1146 1214 cultu
1179 1177 1344 1215 Euandri
1376 1178 1414 1214 in
1445 1177 1537 1214 urbe

80 1236 275 1288 Thelpusa
301 1250 375 1275 non
401 1238 516 1287 magis
546 1243 702 1275 constat.
756 1238 974 1276 Tliemidem
1009 1238 1151 1276 lauasse
1183 1239 1221 1275 in
1246 1238 1400 1276 Ladone
1424 1238 1538 1276 fluuio

80 1297 129 1335 ihi
154 1310 178 1336 a
204 1299 419 1349 quibusdam
447 1300 683 1347 narrabatur,
709 1298 871 1338 Pausan.
897 1302 936 1349 8,
964 1301 1028 1339 25.
1080 1299 1291 1350 Nympham
1318 1300 1395 1337 eius
1420 1299 1540 1336 flumi-

81 1360 138 1398 nis
171 1361 282 1399 filiam
309 1367 416 1398 uetus
441 1361 587 1398 Graeca
618 1360 745 1397 fabula
779 1361 924 1398 uidetur
957 1361 1149 1399 tradidisse
1175 1368 1330 1398 matrem
1357 1358 1540 1408 Euandri,

80 1421 194 1461 Paus.
220 1425 258 1470 8,
284 1425 347 1461 43.
409 1422 594 1460 Credibile
627 1434 716 1471 ergo
752 1428 808 1460 est
845 1425 1097 1472 grammaticos
1132 1424 1253 1474 potius
1288 1435 1334 1460 ex
1367 1421 1541 1459 Titanide

82 1483 234 1522 fatidica
259 1484 388 1521 fecisse
414 1483 612 1534 nympham
638 1483 823 1520 fatidicam
846 1492 1000 1535 propter
1017 1486 1267 1522 Romanorum
1291 1484 1541 1530 Carmentam,

83 1559 219 1597 quam,
254 1545 353 1597 quod
381 1546 595 1582 Clausenius
622 1557 661 1595 p.
686 1548 785 1583 1237
821 1547 1015 1596 opinatur,
1050 1546 1271 1583 contrarium
1306 1545 1342 1581 in
1376 1543 1542 1592 modum,

85 1609 217 1657 uulgus
258 1614 412 1645 matrem
446 1607 610 1644 Euandri
650 1608 932 1644 commutauisse
967 1607 1165 1644 Themide.
1235 1605 1346 1650 Quod
1386 1605 1545 1655 denique

85 1670 310 1719 grammatici
336 1675 430 1707 teste
456 1670 588 1707 Seruio
621 1669 668 1705 ad
698 1670 788 1705 Aen.
817 1670 854 1713 8,
878 1672 951 1705 130
976 1668 1141 1706 Euandri
1176 1668 1328 1704 alicuius
1354 1667 1544 1716 Tegeatae

86 1742 220 1768 nomen
247 1734 283 1768 in
309 1738 501 1768 stemmate
531 1730 740 1767 Atridarum
766 1737 1025 1779 reppererunt,
1053 1741 1209 1778 eumque
1228 1729 1444 1766 Clausenius
1469 1740 1544 1766 non

87 1792 272 1829 diuersum
300 1804 322 1829 a
348 1792 583 1829 Pallantiensi
617 1791 729 1827 fuisse
765 1790 953 1839 decernit,
990 1792 1074 1840 quia
1101 1790 1304 1828 Timandra
1337 1789 1435 1827 dicta
1466 1801 1546 1829 esse

88 1854 251 1906 potuerit
277 1867 345 1904 pro
365 1851 490 1905 Νίκῃ,
517 1853 553 1890 id
580 1851 813 1889 iudicandum
841 1852 918 1889 aliis
942 1852 1123 1902 relinquo.
1177 1851 1288 1895 Quod
1314 1853 1423 1902 igitur
1447 1852 1546 1890 Phe·

90 1924 239 1954 neatam
265 1915 481 1952 Euandrum
513 1914 603 1951 dixit
629 1914 801 1963 Virgilius
826 1915 866 1961 8,
895 1913 982 1961 165,
1020 1914 1175 1962 primum
1210 1912 1248 1949 id
1280 1914 1456 1963 signatius
1490 1914 1546 1962 fit,

90 1989 200 2028 quam
228 1990 309 2014 cum
329 1976 482 2014 Ouidius
499 1976 723 2013 Nonacrium
750 1977 790 2023 5,
809 1977 859 2012 97
885 1982 923 2012 et
939 1975 1169 2012 Parrhasium
1198 1978 1237 2023 1,
1259 1976 1346 2019 478,
1373 1982 1436 2012 aut
1454 1975 1546 2013 Car-

90 2045 251 2076 mentam
279 2039 489 2087 Tegeaeam
516 2044 553 2074 et
573 2037 817 2075 Maenalidem
844 2041 881 2085 1,
899 2038 996 2085 6273
1024 2038 1062 2085 6,
1082 2037 1177 2085 5253
1206 2040 1243 2085 1,
1262 2039 1338 2073 634
1361 2037 1544 2087 appellats

91 2099 225 2137 deinde
256 2100 286 2136 si
320 2105 567 2136 commentum
600 2100 786 2149 poeticum
821 2111 894 2135 non
922 2106 1000 2146 est,
1038 2105 1137 2135 certe
1172 2110 1240 2135 nec
1272 2099 1544 2148 grammaticum

91 2173 174 2199 esse
195 2161 353 2209 uidetur,
382 2161 434 2197 uti
459 2160 648 2210 superiora
674 2160 756 2198 illa:
786 2167 863 2197 tum
889 2161 1061 2197 conuenit
1088 2173 1169 2196 cum
1196 2172 1240 2196 ea
1266 2159 1415 2197 fabulae
1440 2169 1545 2208 grae-

92 2235 160 2260 cae
186 2230 313 2273 parte‚
339 2234 436 2272 quae
461 2229 563 2259 extra
589 2221 743 2259 fictionis
767 2222 1008 2270 suspicionem
1036 2222 1154 2271 posita
1180 2222 1265 2258 item
1292 2228 1370 2269 est,
1396 2219 1443 2256 de
1467 2219 1546 2256 La·-

94 2284 192 2322 done
217 2297 288 2321 auo
314 2290 480 2321 materno
505 2283 686 2331 Euandri,
713 2283 786 2320 uid.
815 2283 986 2320 Clausen.
1014 2296 1052 2333 p.
1069 2285 1179 2327 1238,
1205 2281 1430 2319 disconuenit
1456 2280 1545 2317 uero

95 2357 179 2382 cum
205 2345 366 2394 Dionysii
393 2357 545 2382 romana
573 2345 819 2394 expositione,
847 2357 1004 2393 quacum
1032 2357 1141 2394 aegre
1167 2346 1217 2381 ita
1243 2343 1467 2390 conciliatur,
1493 2343 1546 2379 uti

95 2406 138 2444 fit
163 2418 186 2443 a
213 2406 362 2454 Virgilio
389 2407 448 2444 uel
474 2407 657 2444 Pausania
683 2409 719 2451 8,
745 2408 809 2454 43,
836 2410 876 2453 2,
911 2412 951 2442 ut
977 2412 1039 2442 aut
1067 2406 1224 2442 omnium
1251 2404 1433 2442 Arcadum
1460 2416 1546 2453 pro-

96 2479 188 2506 auus
215 2466 361 2513 Pallas,
397 2475 461 2506 aut
487 2469 678 2506 comitatus
710 2467 875 2504 Euandri
901 2467 1082 2504 Pallantio
1109 2466 1330 2516 potissimum
1358 2465 1546 2515 profectus

98 2528 255 2566 dicatur.
320 2529 402 2564 Hoc
436 2541 523 2579 ergo
557 2542 601 2567 ex
635 2530 849 2566 accuratiori
885 2541 1038 2579 graecae
1069 2527 1249 2577 religionis
1283 2527 1487 2575 cognitione
1517 2527 1547 2563 si

101 2591 216 2640 fluxit,
242 2589 288 2629 de
315 2591 374 2629 uia
401 2590 574 2629 affirmari
600 2592 659 2628 uix
688 2592 882 2643 quicquam
909 2596 1042 2641 potest,
1068 2601 1140 2640 qua
1165 2589 1201 2627 in
1228 2588 1365 2625 ltaliam
1385 2588 1546 2641 perlatus
