1685 2954
570 114 669 144 mn.
701 112 941 142 rnnrrvs
1412 95 1494 140 109

164 219 329 262 Fertilis
354 217 539 259 occultas
566 215 720 255 inuenit
746 213 872 254 herba
901 213 1002 253 uias.
1411 212 1495 252 240

107 290 232 331 Nunc
260 284 459 328 fecundus
488 295 599 336 ager.
640 280 803 334 peeoris
831 292 939 320 nunc
966 279 1065 319 hora
1093 277 1278 320 creandi:

162 359 284 398 Nunc
310 352 398 394 auis
426 352 465 391 in
494 362 604 391 ramo
633 355 748 389 tecta
777 349 984 400 laremque
1010 353 1140 399 parat.

108 426 310 475 Tempora
338 422 422 460 iure
451 419 591 458 colunt
617 417 743 457 latiae
773 415 950 456 fecunda
976 420 1186 467 parentes,

161 490 338 541 Quarum
365 487 543 527 militiam
573 490 753 537 uotaque
782 489 922 537 partus
949 483 1086 523 habet.

108 557 226 598 Adde
255 556 361 609 quod
391 554 589 595 excubias
618 551 687 593 ubi
714 564 789 592 rex
817 563 1007 591 romanus
1037 550 1202 604 agebat,
1414 550 1495 589 245

161 623 242 674 Qui
268 635 377 664 nunc
399 619 607 674 Esquilias
635 619 798 661 nomina
825 619 941 660 collis
969 618 1107 671 habet,

106 692 192 732 lllic
222 704 247 731 a
275 689 440 731 nuribus
469 689 609 728 Iunoni
637 688 790 740 templa
819 686 955 727 latinis

161 759 253 799 Hac
283 763 391 809 sunt,
422 755 459 797 si
486 757 662 809 memini,
691 755 854 808 publica
881 755 994 794 facta
1021 753 1100 794 die.

105 825 214 877 Quid
243 838 374 866 moror
401 830 443 864 et
472 824 596 864 uariis
623 836 747 864 onero
775 828 847 862 tua
873 826 1043 875 pectora
1072 817 1242 861 causis?

161 895 325 934 Eminet
353 892 448 932 ante
478 892 620 931 oculos
648 890 756 944 quod
785 890 906 942 petis,
935 900 1038 928 ecce
1066 894 1173 928 tuos.
1415 889 1497 925 250

104 963 239 1003 Mater
264 967 373 1001 amat
401 965 564 1011 nuptas.
602 964 774 998 matrum
802 968 868 995 me
896 956 1014 995 turba
1038 955 1283 1008 frequentat.

163 1032 281 1070 Haec
310 1040 385 1068 nos
412 1028 630 1080 praecipue
660 1032 743 1065 tam
778 1022 846 1076 pia
871 1035 1000 1063 causa
1028 1022 1164 1063 decet.

104 1097 230 1137 Ferte
259 1096 364 1136 deae
389 1095 522 1135 flores.
559 1091 714 1145 gaudet
740 1091 978 1132 florentibus
1005 1091 1144 1130 herbis

159 1166 278 1205 Haec
301 1163 391 1203 dea.
428 1161 480 1200 de
510 1167 652 1200 tenero
676 1159 831 1213 cingite
854 1159 952 1199 flore
980 1165 1116 1212 caput.

102 1231 252 1283 Dicite,
281 1236 327 1271 tu
356 1227 474 1268 nobis
502 1228 649 1279 lucem,
678 1228 846 1279 Lucina,
878 1225 1048 1267 dedisti:
1414 1226 1495 1264 255

158 1300 308 1351 Dicite,
338 1304 383 1338 tu
412 1302 509 1337 uoto
538 1293 798 1348 parturientis
827 1293 961 1335 ades.'

1133 1354 1154 1374 0

97 1422 185 1456 240.
213 1419 314 1454 Fert.
335 1418 476 1466 ignotas
500 1419 549 1452 M
563 1428 647 1453 nar.
667 1428 739 1452 scr.
777 1415 851 1451 inu.
873 1426 961 1451 aura
986 1416 1108 1452 Gma.
1124 1427 1180 1464 pr.
1283 1416 1369 1451 241.
1399 1414 1498 1451 soec.

46 1483 119 1509 non
137 1472 218 1507 mei.
264 1480 352 1517 ager
378 1480 461 1503 ceus
490 1468 603 1512 (corr.
624 1467 772 1511 cereris)
800 1478 896 1501 nunc
921 1465 951 1512 f.
990 1467 1111 1515 pecori
1132 1472 1186 1502 est
1209 1478 1306 1502 nunc
1329 1469 1390 1501 33.
1432 1477 1497 1514 pe-

47 1523 139 1559 coris
175 1532 240 1557 nec
274 1531 337 1555 ora
364 1517 383 1553 b
401 1530 476 1554 vna.
495 1530 550 1566 pr.
602 1518 691 1552 liora
729 1519 766 1552 in
792 1528 870 1553 ras.
898 1519 990 1552 Zm.
1044 1529 1139 1552 nunc
1173 1524 1253 1553 orta
1282 1518 1406 1553 Guar.
1424 1527 1495 1552 scr.

48 1571 195 1608 creandi
221 1577 275 1605 est
301 1572 349 1605 D.
391 1568 548 1604 creando
577 1570 638 1603 33.
741 1568 827 1603 242.
864 1579 982 1603 ramos
1010 1569 1043 1603 Β
1060 1580 1134 1604 nia.
1150 1579 1207 1616 pr.
1224 1580 1272 1603 m.
1313 1568 1420 1603 ramis
1446 1568 1498 1601 20

49 1627 134 1659 tres.
174 1626 305 1669 parant
335 1620 393 1655 14,
497 1621 583 1654 243.
612 1619 799 1667 Tempore
819 1620 877 1654 M.
917 1618 995 1654 iura
1021 1615 1061 1654 Γ
1071 1630 1142 1655 ma.
1154 1630 1211 1666 pr.
1228 1620 1278 1654 M
1290 1620 1333 1654 Τ.
1375 1617 1498 1653 colant

50 1672 81 1719 f.
121 1672 233 1707 laniae
260 1671 351 1705 EG.
390 1668 486 1704 soec.
514 1668 595 1705 libri
623 1666 786 1717 aliquot?
824 1668 982 1704 secunde
1012 1670 1051 1705 G.
1155 1670 1241 1705 244.
1270 1668 1374 1704 rnilic.
1403 1668 1496 1704 EG.

51 1725 211 1771 uotaque
236 1726 362 1768 raptus
388 1730 409 1755 r
429 1731 502 1755 ma.
524 1731 581 1766 pr.
629 1719 763 1754 habent
790 1715 868 1754 ΣΙ).
981 1720 1068 1755 245.
1105 1718 1183 1755 Ade
1218 1732 1285 1767 per
1310 1719 1436 1754 excub.
1463 1730 1496 1754 s.

50 1773 218 1808 excubias
242 1771 292 1805 ibi
317 1781 380 1805 rex
411 1768 469 1805 Cb
484 1772 534 1803 20
560 1773 649 1805 octo.
689 1769 817 1804 excul).
847 1769 922 1816 regi
950 1781 1038 1806 rom.
1067 1771 1177 1805 21233.
1218 1770 1346 1804 excub.
1374 1780 1499 1817 popu-

49 1823 105 1859 lus
132 1834 222 1857 rom.
250 1831 355 1855 nnus.
406 1830 577 1854 romanus
604 1819 761 1854 habebat
791 1816 1258 1867 BGDEFma.p2-.Nf9
1272 1822 1316 1854 12
1328 1821 1379 1854 20
1405 1823 1496 1855 octo.

101 1874 188 1908 246.
224 1870 396 1919 exquilias
423 1868 686 1916 Emaqur.
733 1868 910 1916 exquiliae
937 1868 1058 1904 zb12
1071 1872 1121 1904 20
1147 1873 1236 1905 octo.
1285 1869 1436 1917 esquilio
1461 1880 1499 1905 m

49 1935 191 1972 mmpr.
230 1921 401 1970 esquilius
426 1931 534 1955 unns.
571 1919 716 1954 nomine
741 1931 777 1954 m
804 1917 886 1955 duo.
991 1922 1079 1955 247.
1106 1921 1246 1955 iunonis
1272 1916 1504 1965 EFAEbf

48 1986 70 2010 r
95 1973 222 2009 decem.
323 1972 409 2007 248.
445 1971 483 2006 in
509 1981 626 2017 mary.
659 1966 721 2004 Φ»
760 1969 839 2004 Hoc
865 1967 920 2006 A.
974 1976 1059 2006 sunt
1085 1971 1135 2005 sic
1160 1982 1268 2005 mem.
1300 1972 1344 2008 Τ.
1388 1981 1498 2006 mem.

50 2024 187 2073 templa
214 2021 332 2057 dicata
358 2020 416 2056 die
431 2017 492 2055 A.
532 2021 676 2069 publica
701 2019 792 2055 festa
821 2019 878 2055 die
904 2019 958 2057 ed.
974 2019 1072 2057 Rub.
1113 2020 1210 2056 sacta
1235 2019 1307 2055 fide
1331 2020 1497 2057 GMma.

48 2086 106 2123 pr.
210 2073 297 2108 249.
326 2083 446 2106 morer
471 2071 520 2106 A.
559 2077 654 2119 pect.
684 2071 776 2105 curis
804 2072 840 2105 D
866 2069 955 2116 fort.
982 2070 1048 2106 sub
1073 2082 1151 2107 ras.
1179 2073 1260 2107 EF
1269 2072 1300 2107 0
1310 2070 1334 2116 f
1340 2073 1388 2106 10
1411 2075 1497 2107 tres.

48 2130 148 2174 pect.
176 2123 279 2159 dictis
305 2124 356 2157 20
375 2121 458 2158 duo.
500 2127 596 2170 peet.
625 2121 721 2156 canis
747 2120 782 2157 h.
823 2127 920 2170 pect.
951 2122 1076 2170 palmis
1102 2133 1208 2157 unus.
1313 2122 1401 2157 250.
1429 2121 1499 2157 hn-

47 2174 161 2211 minet
191 2172 271 2211 Ob.
320 2172 414 2221 petis
440 2172 519 2221 ipse
547 2174 638 2207 ΒΜ
650 2174 700 2206 20
727 2175 809 2207 tres.
912 2173 1000 2208 251.
1035 2172 1125 2208 Mat.
1153 2172 1263 2208 habet
1287 2169 1330 2207 A
1346 2183 1417 2207 ma.
1440 2182 1498 2220 pr.

46 2229 134 2262 tres.
183 2224 275 2260 Mat.
309 2229 389 2258 erat
419 2234 526 2258 intus.
574 2228 679 2270 nupt.
705 2221 830 2257 matris
863 2218 903 2257 Γ
912 2219 930 2258 2
980 2229 1084 2272 nupt.
1111 2228 1263 2258 matrem
1300 2219 1346 2259 Σ.
1392 2227 1499 2271 nupt.

46 2282 183 2312 matres
210 2287 244 2310 m
260 2285 403 2321 mmm.
449 2278 553 2321 nupj.
582 2280 715 2308 matres
741 2278 803 2308 tua
830 2278 916 2308 uota
941 2272 1036 2322 freq.
1065 2275 1126 2308 23.
1174 2278 1327 2308 matrem
1353 2283 1502 2321 quoque

47 2327 156 2362 turba
182 2327 243 2361 33.
291 2326 337 2360 In
356 2326 390 2359 Z
406 2322 576 2372 pleraque
601 2334 722 2359 erasa.
764 2334 823 2358 me
849 2324 955 2358 turba
980 2335 1102 2360 mma.
1118 2325 1241 2360 semin
1256 2334 1408 2369 rasura,
1432 2321 1500 2359 sub

48 2388 120 2425 qua
145 2381 286 2412 matuta
304 2375 454 2410 Heinsio
474 2372 601 2409 iudice.
641 2373 875 2421 frequentant
897 2372 1251 2422 Obmma.pr.s23
1269 2377 1354 2410 tres.
1391 2373 1501 2409 turba

48 2427 176 2476 fatigat
201 2425 263 2463 A.
366 2425 454 2461 252.
489 2423 569 2459 Nec
594 2435 659 2459 nos
689 2425 736 2460 G.
779 2424 880 2459 Haec
905 2436 971 2460 uos
996 2420 1507 2461 BAMNOPIFPET

50 2475 130 2514 abii.
173 2487 298 2526 praec.
325 2480 403 2511 tuin
428 2476 489 2511 Μ.
513 2474 590 2522 ,Ρίεὶ
616 2486 703 2509 cura
726 2470 822 2510 HA
848 2478 1017 2522 quatuor.
1067 2487 1176 2511 causa
1202 2480 1325 2510 mouet
1354 2477 1398 2511 Τ.

99 2525 187 2563 2⁵3.
213 2526 336 2571 flores,
364 2530 491 2560 tenero
518 2525 564 2560 de
589 2524 680 2560 flore
707 2535 859 2560 coronas
888 2527 1006 2563 1220.
1049 2524 1192 2571 florent.
1220 2525 1317 2562 aruis
1342 2524 1466 2563 2324.

101 2576 188 2613 254.
215 2576 362 2613 Nectite
387 2574 434 2611 de
459 2581 586 2611 tenero
616 2578 661 2610 12
672 2576 735 2611 20.
837 2574 926 2614 255.
954 2580 993 2611 tu
1021 2576 1115 2612 uotis
1141 2577 1258 2613 lucem
1284 2573 1501 2614 Wuamor.

51 2631 91 2662 tu
123 2626 160 2662 in
194 2627 310 2663 lucem
343 2625 446 2662 nobis
470 2637 520 2662 m.
571 2630 610 2661 tu
643 2625 761 2661 lucem
789 2625 894 2661 nobis
921 2625 1028 2663 BGs
1052 2630 1221 2675 quatuor.
1335 2626 1423 2663 256.
1460 2630 1503 2660 tu

51 2676 146 2717 uotis
172 2672 225 2713 Φ.
264 2681 360 2726 part.
387 2674 501 2713 habes
524 2687 563 2712 ἠι
578 2687 654 2713 ma.
668 2687 727 2725 pr.
769 2675 818 2712 ad
844 2687 884 2712 es
914 2676 961 2713 G.
