1685 2954
773 81 927 112 canus
1450 79 1583 113 CXCIX

131 187 188 220 eet
213 180 400 220 Euander.
449 181 592 219 Desunt
625 186 736 218 testes
772 179 895 218 idonei
928 179 976 217 de
1010 180 1087 218 eius
1119 179 1267 218 fabulae
1291 179 1389 230 apud
1415 181 1579 221 Graecos

131 243 446 281 uicissitudinibus.
489 243 520 279 A
538 242 711 279 Cumanis
728 242 884 278 Romam
908 242 1051 280 uenisse
1071 242 1245 293 concedo.
1285 241 1475 280 Romanae
1493 255 1578 282 nar·

130 306 278 343 rationis
305 304 485 342 elementa
509 304 539 339 si
566 305 744 354 replicare
771 303 874 350 uelis,
901 312 1039 353 quanto
1061 306 1274 352 uetustiora,
1301 310 1402 341 tanto
1424 303 1576 343 dissimi-

128 367 220 405 liora
247 367 396 404 Graecis
429 364 604 403 inuenies.
655 364 810 414 Singula
843 364 986 413 collegit
1011 364 1205 413 Virgilius,
1242 378 1350 416 quem
1375 377 1397 403 e
1423 367 1574 417 uestigio

126 430 292 479 sequitur
315 426 480 464 Ouidius.
531 426 694 464 Primum
720 427 831 476 igitur
855 432 932 474 est,
967 425 1066 476 quod
1093 426 1264 476 Polybius
1289 433 1441 464 testatur
1465 440 1574 478 grae-

125 504 208 528 cum
234 490 380 527 heroem
417 488 484 525 sibi
519 489 719 526 uindicasse
745 489 931 525 Romanos
966 494 1003 525 et
1038 487 1160 538 quod,
1193 496 1369 538 quantum
1402 490 1573 539 sciamus,

123 562 230 588 nemo
257 547 303 585 de
331 549 409 586 eius
435 548 599 587 aduentu
627 551 832 597 dubitauit,
865 550 1101 600 quamobrem
1129 558 1248 587 certus
1278 550 1367 587 deus
1400 551 1573 590 dicendus

121 611 191 648 fuit
216 623 238 647 a
264 609 443 648 Varrone.
497 611 596 648 Num
624 625 669 649 ex
700 612 853 649 Arcadia
888 624 971 649 eum
1006 612 1147 648 uenisse
1182 612 1296 648 multo
1322 618 1408 650 ante
1432 613 1574 663 Polybii

119 678 184 708 aut
205 671 290 708 Attii
317 678 484 722 tempora
504 672 662 710 Romani
689 673 920 719 crediderint,
948 675 1008 710 uix
1035 674 1148 710 ausim
1175 672 1370 710 affirmare.
1413 673 1471 710 De
1496 675 1571 711 exi-

117 733 167 771 lio
193 734 272 770 eius
299 734 567 784 antiquissimus
593 735 701 772 hodie
736 736 836 773 testis
863 742 917 773 est
942 736 1061 773 Varro
1086 735 1132 771 fr.
1157 738 1218 781 10,
1254 733 1321 770 csr.
1350 733 1450 783 Virg.
1478 735 1570 771 Aen.

120 797 158 840 8,
180 797 268 842 333,
296 793 371 832 Ou.
391 799 427 842 l,
444 796 518 831 475
540 808 637 846 sqq„
665 798 771 835 Seru.
794 798 817 834 l.
845 796 943 834 ind.:
970 801 1048 844 aut,
1076 801 1117 833 ut
1143 795 1302 832 desimus
1327 807 1456 844 supra,
1479 808 1570 845 pro-

117 861 197 906 pter
218 856 469 905 parricidium,
496 862 561 893 aut
582 863 673 895 certe
693 858 923 896 oraculorum
940 860 1151 895 necessitate
1170 855 1404 906 compulsum.
1444 857 1569 907 Supra

117 917 164 955 ad
194 931 230 955 u.
247 918 295 954 51
333 917 378 955 de
412 926 518 968 patre
551 926 615 956 aut
647 928 764 956 matre
800 926 928 956 necata
960 919 1227 967 explicauerat:
1263 921 1440 968 posterius
1469 919 1568 957 credi

117 992 189 1016 non
225 979 368 1029 potuit,
404 988 598 1030 postquam
626 981 821 1017 Carmenta
856 992 922 1029 pro
955 987 1071 1017 matre
1098 981 1174 1016 eius
1201 979 1326 1017 haberi
1352 981 1492 1030 coepit,
1529 986 1568 1018 et

117 1040 349 1078 oraculorum
365 1042 560 1078 necessitas
587 1048 651 1078 aut
677 1053 721 1078 ex
740 1040 874 1078 Ouidio
894 1050 958 1086 est,
986 1048 1050 1078 aut
1075 1042 1122 1078 ab
1149 1043 1204 1088 iis,
1232 1042 1292 1091 qui
1318 1041 1365 1079 de
1384 1042 1566 1080 Themide

116 1103 151 1138 T
154 1102 352 1151 helpusaea
378 1102 623 1138 coniecturam
649 1102 827 1140 fecerunt.
880 1103 998 1141 Patris
1026 1116 1151 1140 necem
1178 1105 1334 1154 explicat
1351 1104 1566 1142 Clausenius

112 1175 151 1213 p.
175 1163 273 1198 1239
303 1174 372 1199 aus
397 1162 710 1212 pallantzdzschem
733 1166 950 1213 Vnyestilm:
981 1165 1046 1202 sed
1073 1177 1252 1216 nusquam
1278 1165 1376 1215 apud
1398 1165 1564 1202 Graecos

112 1224 329 1261 uetustiores
358 1223 416 1260 uel
443 1225 626 1272 exulasse,
656 1227 714 1263 uel
740 1227 883 1274 saltim,
912 1226 1010 1263 unde
1037 1226 1072 1263 id
1101 1228 1228 1264 coniici
1252 1227 1452 1277 potuisset,
1479 1226 1563 1276 plu-

110 1287 212 1324 ribus
246 1286 281 1322 in
318 1283 404 1323 locis
441 1287 596 1324 eundem
624 1288 840 1325 Euandrum
873 1288 988 1325 fuisse
1023 1287 1189 1326 traditur.
1240 1289 1405 1325 Alterum
1431 1294 1486 1325 est
1512 1287 1563 1325 de

109 1347 275 1386 Euandri
301 1353 365 1384 aut
390 1355 526 1398 nepote
559 1350 758 1387 secundum
784 1350 995 1399 Polybium,
1029 1357 1094 1386 aut
1119 1350 1193 1387 filio
1217 1350 1416 1387 secundum
1443 1349 1563 1399 Virgi-

108 1411 197 1448 lium
224 1411 314 1447 Aen.
343 1412 382 1457 8,
402 1410 501 1458 5103
537 1415 586 1447 12
612 1412 692 1460 fin„
729 1412 795 1449 cfr.
824 1411 937 1450 Ouid.
965 1416 1003 1460 l,
1030 1415 1118 1449 321.
1170 1412 1240 1449 Hic
1264 1423 1411 1462 quoque
1436 1411 1561 1448 Pallas

108 1472 255 1510 nomine
288 1477 393 1508 tenus
420 1483 443 1508 a
469 1472 622 1510 Graecis
655 1481 863 1525 assumptus
896 1463 1052 1511 uidetur.
1103 1473 1253 1518 Audax,
1283 1473 1347 1511 sed
1373 1474 1560 1524 ingeniosa

107 1540 164 1572 est
189 1533 374 1571 Clausenii
406 1534 613 1571 coniectura
639 1548 677 1585 p.
698 1538 771 1573 891
797 1549 852 1586 sq.
880 1534 1097 1574 Euandrum
1131 1542 1169 1572 et
1198 1534 1408 1572 Pallantem
1442 1534 1558 1572 dictos

108 1595 220 1633 fuisse
244 1596 329 1632 olim
356 1595 468 1633 latine
494 1597 540 1633 ab
567 1597 776 1636 euannendo
805 1604 843 1634 et
868 1609 889 1634 a
915 1597 1045 1648 palea.-
1070 1597 1206 1634 scilicet
1231 1596 1383 1635 deorum
1400 1595 1469 1633 hoc
1488 1608 1558 1646 par

109 1655 287 1705 ordinem,
314 1669 387 1706 quo
412 1657 448 1694 in
475 1658 759 1707 indigitamentis
785 1660 943 1710 positum
969 1659 1091 1704 suerit,
1117 1659 1153 1696 in
1177 1659 1390 1709 genealogia
1410 1670 1559 1708 quoque

108 1729 292 1756 seruasse:
329 1718 467 1755 accedit
494 1720 592 1768 quod
618 1720 813 1769 Dionysius
842 1725 879 1768 1,
905 1724 955 1758 32
990 1727 1103 1769 negat
1128 1721 1284 1758 Pallanti
1311 1733 1415 1758 sacra
1439 1721 1555 1768 sacta,

108 1791 204 1830 quae
229 1779 392 1815 fortassis
418 1779 453 1816 in
475 1780 601 1818 Palem
626 1782 736 1818 deum
761 1781 917 1819 deamue
950 1782 1082 1817 collata
1107 1788 1205 1819 sunt.
1256 1782 1455 1830 Postquam
1480 1780 1556 1818 Pa-

107 1842 183 1879 latii
209 1852 231 1878 a
256 1840 424 1878 Pallante
457 1842 646 1891 originatio
677 1843 739 1879 illa
763 1842 964 1890 Polybiana
998 1842 1033 1878 in
1061 1843 1279 1879 obliuionem
1313 1843 1441 1890 cessit,
1474 1848 1553 1880 tum

107 1903 254 1940 demum
290 1901 502 1939 crediderim
541 1903 657 1953 ipsum
692 1903 906 1941 Euandrum
944 1914 966 1939 a
1000 1902 1180 1941 Pallantio
1218 1904 1334 1954 repeti
1367 1909 1552 1953 coeptum.

105 1966 200 2003 Ante
225 1977 314 2001 uero
340 1976 450 2014 quam
476 1964 512 2001 id
538 1966 643 2003 fieret
664 1977 685 2002 a
712 1964 828 2002 doctis
855 1964 959 2009 uiris,
990 1976 1071 2001 cum
1101 1964 1265 2002 Euandri
1289 1964 1437 2001 historia
1462 1976 1552 2001 con-

104 2028 226 2064 iuncta
252 2032 337 2063 sunt
362 2026 557 2076 hospitium
584 2027 748 2063 Herculis
773 2033 810 2063 et
835 2023 1050 2075 supplicium
1078 2026 1188 2074 Caci,
1222 2033 1332 2077 prout
1357 2026 1550 2064 coniuncta

102 2088 251 2126 suerunt
277 2087 375 2137 apud
403 2088 587 2125 Cumanos
613 2087 767 2126 docente
792 2088 985 2124 Clausenio
1011 2100 1097 2125 ann.
1122 2089 1218 2124 1427
1230 2089 1264 2132 b,
1293 2086 1367 2125 uid.
1386 2088 1486 2137 Virg.
1508 2091 1549 2137 8,

103 2151 336 2196 193-267,
363 2149 436 2188 Ou.
458 2154 495 2198 1,
513 2151 738 2188 543—584.
790 2149 840 2186 Et
865 2150 949 2198 quia
976 2161 997 2185 a
1018 2149 1169 2186 Graecis
1188 2148 1401 2186 Euandrum
1427 2156 1465 2186 et
1488 2150 1549 2187 lit-

102 2219 262 2249 terarum
297 2223 400 2248 usum
435 2219 677 2262 acceperunt,
711 2212 893 2248 finxerunt
928 2209 992 2247 has
1019 2212 1064 2247 ab
1091 2212 1152 2248 illo
1179 2222 1258 2248 esse
1284 2210 1431 2259 allatas,
1463 2210 1549 2249 uide

102 2273 305 2311 testimonia
338 2273 437 2323 apud
462 2274 632 2312 Clausen.
661 2286 746 2312 ann.
777 2275 917 2311 1772a.
972 2272 1056 2309 Non
1090 2274 1258 2320 inuenio,
1290 2272 1472 2322 quomodo
1498 2273 1547 2311 ad

103 2335 337 2372 Carmentam
363 2335 439 2372 eius
466 2342 617 2372 matrem
645 2336 903 2385 perueniatur,
931 2335 995 2370 nisi
1021 2346 1102 2370 cum
1130 2336 1304 2371 carminis
1329 2335 1546 2373 uocabulum

102 2397 273 2435 latissime
303 2404 448 2447 pateat,
485 2399 748 2434 carmentet-ios
779 2407 926 2446 quoque
961 2395 1045 2431 olim
1079 2396 1240 2432 librarios
1274 2408 1398 2433 omnes
1429 2396 1547 2434 dictos

102 2457 210 2496 fuisse
235 2458 386 2496 Seruius
411 2458 457 2496 ad
484 2460 575 2495 Aen.
601 2461 640 2506 8,
667 2460 741 2494 336
769 2457 892 2504 tradit,
918 2456 1044 2506 hisque
1069 2458 1105 2493 in
1132 2457 1409 2507 indigitamentis
1435 2470 1545 2508 prae-

103 2517 171 2556 suit
195 2520 392 2558 Carmenta
419 2528 598 2571 utraque,
623 2519 788 2556 Porrima
815 2525 852 2555 et
878 2518 1096 2567 Postuerta,
1126 2531 1223 2568 quae
1247 2519 1394 2555 nomina
1419 2520 1545 2569 utique

104 2579 206 2616 aliter
235 2582 384 2632 intelligi
410 2582 616 2630 debebant,
652 2594 733 2617 cum
770 2593 855 2616 usus
889 2581 1092 2630 scripturae
1126 2581 1336 2618 alternantis
1366 2580 1540 2618 desiisset.

102 2639 160 2677 De
183 2641 237 2678 his
261 2635 336 2680 aliis
361 2644 742 2693 interpretationibus,
774 2655 927 2691 quarum
964 2643 1078 2679 altera
1111 2642 1270 2680 adhibita
1295 2649 1350 2681 est
1376 2642 1423 2680 ad
1449 2655 1541 2697 con-

105 2702 319 2741 cinnandam
345 2705 505 2743 fabulam
533 2717 714 2755 graecam,
743 2704 896 2755 posthac
922 2704 1019 2754 leges
1047 2717 1111 2742 suo
1138 2705 1234 2743 loco.
