1685 2954
157 44 182 74 1,
807 40 935 70 MAIVS

159 155 255 191 esse,
295 142 364 180 hoc
394 147 450 180 est
483 141 579 177 anno
615 138 666 178 V.
701 140 746 177 C.
784 140 884 188 742,
920 140 1059 190 aliquot
1096 139 1279 178 decenniis
1314 146 1398 190 post
1431 141 1604 180 Varronis

158 210 324 242 mortem.

257 265 384 302 Mense
410 264 508 300 Maio
534 274 681 314 quoque
711 275 734 300 a
760 275 832 313 quo
859 261 918 299 die
944 262 1076 311 integri
1101 269 1185 300 sunt
1210 263 1292 301 fasti
1318 263 1493 301 Masteaui
1517 279 1604 304 cou-

158 331 294 376 gruunt
319 324 469 362 Ouidio.
522 324 672 373 Nonae,
709 336 803 374 quae
831 324 861 359 F
889 324 1076 372 signantur
1102 325 1137 360 in
1165 325 1370 375 fragmento
1397 325 1605 376 Venusino,

158 401 223 425 cur
247 386 411 423 nefastae
436 386 473 422 in
499 386 567 422 illis
592 387 686 434 sint,
712 387 859 436 ignoro,
894 392 931 421 et
959 386 1147 434 ignorabat
1175 386 1348 436 Pighius:
1387 388 1606 426 crediderim

157 450 278 498 aliquo
303 447 412 484 modo
438 446 485 484 ad
511 447 718 484 Lemuralia
743 447 969 496 pertinuisse.
1022 447 1079 483 Ea
1103 447 1309 484 Lemuralia
1342 449 1386 485 iis
1413 450 1527 486 tribus
1554 451 1608 487 al-

156 511 269 548 ternis
294 509 438 557 diebus,
464 521 537 545 non
564 508 698 557 triduo,
720 509 772 544 uti
794 507 974 557 Porpbyr.
998 507 1044 544 ad
1063 509 1153 545 Hor.
1182 521 1265 559 epp.
1288 514 1326 557 2,
1345 514 1384 558 2,
1405 513 1481 548 209
1508 511 1607 556 dicit,

156 572 311 609 docente
329 571 502 608 Vaassen.
526 583 563 619 p.
577 572 668 618 242,
695 576 819 607 extare
845 567 962 616 uideS,
989 569 1117 618 quibus
1145 569 1303 607 Ouidius
1330 573 1483 610 notauit.
1525 573 1632 609 Pri--
1674 571 1676 573 ’

157 633 216 670 die
240 637 439 682 postrema,
466 631 515 667 111
545 630 613 679 ld„
641 631 708 667 NP
734 630 882 680 ponitur
905 628 1057 679 propter
1081 631 1190 668 ferias
1216 632 1344 669 Martis
1372 633 1522 682 Vltoris,
1549 635 1608 670 cui

156 706 201 732 eo
226 693 286 730 die
311 694 486 742 templum
513 691 722 729 dedicatum
747 698 786 728 et
810 691 962 728 instituti
987 691 1086 739 ludi,
1113 692 1182 728 Dio
1208 692 1274 740 55,
1302 696 1374 741 10,
1408 695 1472 743 qui
1497 700 1608 744 quot-

157 755 259 792 annis
287 755 322 790 in
343 754 466 801 Circo,
495 752 609 790 Ouid.
637 766 673 791 u.
695 752 785 800 597,
813 751 1006 803 aliquando
1033 753 1144 789 etiam
1168 753 1206 789 in
1231 753 1311 802 ipso
1336 753 1417 790 soro
1443 754 1610 804 Augusti,

154 818 227 854 Dio
253 816 316 862 56,
343 817 408 862 27,
433 814 512 851 fieri
537 821 575 852 et
600 815 793 851 instaurari
818 826 886 864 per
911 814 1051 863 aliquot
1077 813 1170 862 dies,
1197 813 1250 853 id.
1277 813 1381 862 ibid„
1408 827 1609 853 consueue-

156 884 255 916 runt.
310 877 540 913 Cerimoniae
574 877 774 925 Argeorum
812 875 988 924 postridie
1023 875 1151 911 ultima
1181 873 1355 911 Lemuria
1387 889 1460 913 non
1494 877 1610 926 magis

156 940 230 988 hic,
257 950 368 989 quam
393 950 517 975 mense
535 937 669 974 Martio
695 937 869 974 indicium
897 943 952 973 est
973 937 1009 973 in
1037 936 1162 972 tabula
1187 935 1384 975 Mafleana.
1410 958 1460 966 —
1487 938 1610 975 Idibus

155 1007 304 1051 praeter
335 1005 526 1036 consuetas
552 999 647 1036 louis
683 998 792 1035 serias
818 999 991 1035 Mercurii
1026 1010 1170 1035 sacrum
1206 1005 1492 1036 commemorant
1517 997 1610 1037 Oui-

156 1062 253 1110 dius,
280 1061 385 1098 Paul.
407 1061 512 1097 Diae.
540 1073 579 1109 p.
596 1060 684 1107 148,
702 1061 724 1094 3
745 1059 871 1096 Muell.
925 1060 1020 1096 Hinc
1045 1060 1157 1108 igitur
1179 1060 1288 1096 etiam
1315 1060 1531 1109 explicanda
1556 1067 1611 1098 est

156 1130 243 1161 nota
261 1122 329 1159 NP
352 1123 388 1159 in
414 1121 498 1159 fast.
517 1120 620 1158 Maff.
641 1126 678 1157 et
705 1121 958 1170 corrigendum
983 1121 1226 1170 fragmentum
1243 1121 1484 1169 Venusinum,
1511 1121 1611 1171 quod

155 1185 193 1222 N
218 1185 330 1221 habet
356 1191 393 1221 et
416 1184 531 1220 uerba
557 1182 784 1219 MERCVR.
808 1182 907 1219 MAI.
934 1183 1101 1231 sequenti
1126 1182 1199 1218 diei
1226 1183 1388 1231 apponit.
1440 1183 1611 1220 Herwar-

157 1248 296 1284 tianum
332 1238 580 1282 calendarium
615 1243 713 1294 apud
748 1244 940 1280 Petauium
983 1250 1082 1280 recte
1120 1244 1254 1279 Idibus.
1323 1242 1494 1278 Proxima
1527 1249 1612 1280 sunt

156 1308 298 1358 Agonia
330 1308 368 1344 in
395 1307 470 1344 tab.
498 1305 601 1343 Maff.
630 1312 668 1343 et
702 1305 801 1355 apud
829 1303 1027 1351 Ouidium,
1062 1316 1158 1353 quae
1193 1305 1322 1341 mirum
1350 1309 1406 1340 est
1430 1303 1528 1340 hunc
1551 1304 1612 1341 di-

155 1380 263 1406 uersa
289 1380 362 1405 uon
388 1373 519 1418 putare
545 1367 591 1404 ab
611 1368 759 1416 Agoniis
789 1366 944 1403 Ianuarii
969 1366 1115 1413 mensis,
1141 1378 1223 1401 cum
1249 1366 1286 1402 in
1312 1365 1517 1415 fragmento
1536 1366 1612 1404 Ve-

155 1431 285 1467 nusino
307 1429 483 1466 Vediouis
506 1429 619 1465 fuisse
644 1428 826 1467 dicantur.
871 1429 912 1464 ln
932 1428 968 1462 Τ
973 1427 1159 1463 ubilustrio
1184 1427 1220 1462 X
1245 1426 1323 1475 ΚΡ,
1351 1433 1427 1463 tum
1456 1427 1491 1464 in
1517 1440 1612 1477 qua-

158 1497 240 1530 tuor
263 1492 361 1529 notis
386 1491 437 1528 IX
462 1490 524 1527 Kl’
554 1491 763 1540 conspirant
789 1502 870 1526 cum
897 1487 1033 1525 Ouidio
1066 1488 1152 1524 fasti
1177 1488 1353 1525 Maffeani
1388 1494 1425 1524 et
1459 1489 1612 1527 aliorum

155 1553 373 1603 fragmenta.
418 1551 510 1588 illud
533 1551 798 1602 propemodum
819 1551 945 1598 miror,
972 1549 1071 1599 quod
1099 1550 1182 1586 vul
1204 1549 1266 1585 ΚΡ
1289 1549 1442 1586 Ouidius
1469 1562 1611 1588 sacrum

154 1615 343 1651 Fortunae
361 1613 534 1649 Publicae
559 1613 595 1649 in
623 1612 731 1652 Colle
758 1618 1032 1659 commemorat,
1060 1610 1159 1660 quod
1187 1611 1297 1647 etiam
1324 1610 1530 1660 fragmenta
1554 1612 1611 1648 fa-

155 1682 293 1713 storum
319 1675 493 1712 Amitern.
520 1675 661 1725 Esquil.
689 1673 826 1711 Venus.
852 1680 1065 1722 agnoscunt,
1093 1679 1130 1708 et
1156 1678 1278 1709 tamen
1305 1673 1340 1708 in
1368 1673 1437 1709 illis
1458 1679 1495 1709 et
1514 1674 1611 1711 Mas-

156 1737 271 1775 seanis
306 1736 382 1773 dies
418 1736 606 1773 comitialis
639 1740 708 1772 est.
761 1734 857 1771 Nam
893 1734 978 1784 quia
1002 1732 1072 1770 Dio
1100 1734 1165 1780 42,
1193 1735 1242 1768 26
1273 1726 1412 1782 Τύχης
1438 1733 1512 1783 τῆς
1536 1733 1613 1785 δη-

156 1797 304 1848 μοσιάς
330 1792 579 1845 καλουμένης
612 1790 709 1833 ναὸν
745 1795 907 1831 nominat
944 1807 1040 1831 anno
1067 1794 1114 1830 V.
1141 1794 1186 1830 C.
1214 1796 1313 1843 707,
1351 1795 1522 1834 audacius
1557 1803 1614 1835 est

159 1861 366 1898 coniectare
392 1858 633 1909 quadraginta
659 1856 833 1907 proximis
868 1856 970 1893 annis
1006 1856 1080 1893 eius
1110 1855 1297 1893 Fortunae
1321 1856 1430 1894 ferias
1456 1859 1492 1893 in
1520 1859 1612 1895 obli-

159 1922 304 1959 uionem
330 1920 491 1958 cessisse.
543 1921 681 1957 Verum
708 1925 828 1955 tamen
855 1917 906 1954 ita
931 1928 1079 1954 necesse
1103 1929 1182 1953 esse
1207 1918 1376 1954 arbitror.
1403 1919 1468 1955 llll
1486 1919 1548 1956 ΚΡ
1574 1920 1611 1957 iu

157 1995 202 2020 eo
229 1982 449 2019 conueniunt
474 1994 634 2019 marmor
652 1978 877 2017 Maffeanum
904 1984 941 2015 et
970 1976 1138 2025 Ouidius,
1166 1977 1264 2026 quod
1289 1978 1364 2014 ludi
1390 1980 1548 2017 Honoris
1574 1987 1613 2018 et

157 2044 311 2082 Virtutis
338 2043 426 2079 nulli
453 2043 670 2087 indicantur,
697 2053 788 2090 quos
815 2052 859 2077 eo
879 2039 938 2076 die
959 2040 1162 2076 celebratos
1181 2050 1261 2076 esse
1286 2041 1475 2089 probabile
1501 2053 1612 2092 supra

158 2119 197 2156 p.
216 2118 300 2142 xix
328 2103 412 2143 dixi.
466 2105 538 2140 Aut
562 2103 672 2152 igitur
699 2102 863 2139 existimo
891 2113 952 2138 eos
979 2101 1129 2137 mortuis
1156 2100 1245 2137 Caio
1273 2107 1310 2137 et
1335 2101 1448 2138 Lucio
1475 2103 1613 2140 Caesa·
1676 2107 1679 2122 ³

158 2168 272 2214 ribus,
299 2178 454 2216 quorum
479 2164 640 2215 inprimis
666 2164 702 2200 in
730 2163 904 2199 honorem
933 2160 1093 2208 fiebant,
1121 2173 1187 2211 per
1212 2162 1359 2212 aliquod
1387 2170 1529 2213 tempus
1555 2164 1612 2201 in·
1677 2158 1679 2195 j

160 2229 365 2275 termissos,
398 2232 527 2277 postea
557 2225 728 2272 demum,
764 2224 934 2274 quoniam
960 2222 997 2259 id
1025 2222 1096 2259 Dio
1122 2229 1276 2260 testatur
1301 2230 1339 2260 et
1364 2224 1611 2263 calendarium
1676 2237 1685 2270 J

159 2290 464 2336 Herwarfianurn,
492 2287 661 2326 reductos
685 2298 784 2322 esse:
813 2291 877 2321 aut
894 2285 1046 2333 Augusti
1071 2291 1190 2321 aetate
1215 2283 1379 2322 fortassis
1403 2298 1478 2322 nou
1502 2290 1611 2337 q'uot-
1674 2279 1678 2324 ,Ῑ

160 2352 284 2399 anuis,
320 2350 385 2387 sed
417 2350 522 2386 tertio
548 2349 724 2399 quiutoue
760 2346 888 2396 quouis
924 2357 1021 2382 anno
1047 2346 1206 2394 fiebant,
1243 2345 1329 2383 nihil
1356 2347 1474 2395 enim,
1510 2346 1612 2397 quod
1654 2335 1678 2398 ‘J

159 2413 284 2460 sciam,
311 2411 359 2448 de
386 2410 454 2447 hac
481 2423 521 2448 re
546 2409 721 2447 traditur:
750 2414 813 2444 aut
838 2408 873 2443 in
901 2419 1079 2444 marmore
1105 2419 1231 2445 eorum
1257 2407 1426 2444 indicium
1446 2409 1610 2458 euanuit,
1668 2414 1677 2447 ’ζ

160 2473 315 2511 Ouidius
335 2472 555 2509 mentionem
578 2482 703 2507 eorum
725 2468 927 2505 faciendam
953 2469 1108 2506 distulit:
1135 2476 1198 2505 aut
1223 2475 1422 2518 potuerunt
1442 2480 1487 2506 ex
1508 2481 1610 2508 more
1656 2462 1677 2515 {³

160 2535 319 2586 quodam
353 2533 529 2575 fastorum
564 2533 598 2567 iu
634 2531 760 2568 tabula
793 2530 1113 2580 proponendorum
1137 2531 1223 2580 quia
1254 2530 1330 2567 dies
1357 2530 1471 2567 fastus
1498 2539 1608 2581 esset,
1638 2525 1675 2579 J

162 2597 220 2635 uel
246 2595 432 2646 perscribi,
460 2594 518 2631 uel
545 2593 681 2642 omitti,
709 2591 908 2630 cuiusmodi
935 2599 1055 2630 tamen
1081 2591 1178 2629 aliud
1204 2592 1412 2643 exemplum
1436 2593 1504 2631 soli
1530 2593 1607 2631 ludi
