1685 2954
575 107 632 138 DE
661 105 845 137 Assntavs
875 104 1021 135 SACRIS
1397 102 1532 132 cxmn

78 212 226 252 domum
251 210 348 262 regis
372 205 581 255 sacrificuli,
615 207 678 256 qui
713 205 825 254 uulgo
851 204 1024 242 terminus
1049 203 1187 242 Sacrae
1224 202 1314 241 uiae·
1329 199 1533 240 habebatur

77 274 278 314 secundum
302 272 450 310 Festum
476 282 515 319 p.
535 270 622 316 101,
644 271 663 304 1
685 267 791 305 Vrs.:
828 266 878 303 ita
904 266 1000 304 enim
1025 264 1280 316 intelligendus
1305 269 1360 301 est
1385 263 1531 301 Plutar-

78 337 167 374 chus
192 337 256 374 uit.
277 335 394 372 Cicer.
411 343 442 369 c.
460 332 507 367 16
533 342 615 366 cum
643 328 730 365 dicit
755 327 791 365 id
817 327 992 377 templum
1021 323 1232 376 ἱδρυμένον
1257 323 1299 363 ἐν
1324 320 1431 378 ἀρχῇ
1458 325 1532 375 τῆς

78 394 189 448 ἱερᾶς
222 391 320 435 ὁδοῦ
353 387 455 441 πρὸς
490 386 535 429 τὸ
564 383 762 427 παλάτιον
798 382 1019 435 ἀνιόντων,
1055 389 1138 426 coll.
1166 388 1278 427 Ouid.
1306 388 1398 425 trist.
1425 390 1463 435 3,
1492 390 1531 435 1,

78 463 129 498 30
145 473 216 510 sq.,
244 456 303 494 ubi
329 454 438 490 nolim
466 463 547 489 cum
566 451 752 488 Bunsenio
781 465 817 490 u.
841 451 890 488 ill.
914 450 1036 487 annal.
1058 452 1094 496 9,
1121 464 1160 501 p.
1176 454 1222 488 18
1248 451 1376 487 librum
1402 461 1425 486 a
1450 448 1533 486 foro

77 519 229 571 Augusti
254 515 386 567 potius,
413 525 521 564 quam
543 525 565 549 a
585 514 745 551 tabernis
767 513 1045 562 bibliopolarum
1072 514 1107 549 in
1134 513 1215 550 foro
1233 511 1414 559 Caesaris,
1432 510 1532 548 Mar-

76 583 154 620 tial.
183 585 219 627 1,
238 579 325 626 107,
346 579 415 624 10,
451 575 657 612 uenientem
693 575 856 624 intelligi.
918 574 1075 611 Alterius
1111 575 1205 611 louis
1240 573 1397 611 Statoris
1432 571 1534 610 aedis

76 641 296 681 mentionem
321 637 450 676 secisse
476 637 680 674 Varronem
708 637 983 686 exvsragmento
1010 640 1035 671 2
1061 635 1168 672 huius
1193 634 1273 671 libri
1299 645 1322 670 a
1346 634 1534 671 Macrobio

75 709 114 742 et
138 702 270 740 Seruio
296 699 430 737 tradito
456 698 678 747 intelligitur.
732 699 817 735 Fuit
844 711 888 737 ea
913 697 1023 735 aedes
1051 698 1086 733 in
1114 697 1220 733 Circo
1248 695 1445 742 Flaminio,
1473 695 1534 733 uel

75 763 276 803 secundum
312 761 584 810 inscriptionem
619 773 641 798 a
668 761 844 798 Fabretto
880 759 1107 810 propositam
1143 758 1189 795 ad
1226 758 1372 794 Circum
1398 757 1534 794 Flami-

75 828 197 864 nium:
223 824 309 861 uide
334 822 548 860 Schneider.
578 821 625 859 ad
653 823 795 859 Vitruu.
824 825 863 870 3,
885 825 924 869 2,
946 822 970 858 5
995 833 1034 871 p.
1056 823 1140 858 172.
1194 820 1263 855 Hic
1290 819 1345 854 uir
1370 818 1534 856 doctissi-

75 901 156 925 mus
181 897 400 938 quamquam
426 884 628 933 disputauit
654 883 938 933 diligentissime,
968 884 1027 918 uix
1055 888 1177 918 tamen
1204 879 1312 916 credo
1340 881 1375 916 in
1405 881 1533 918 Vitru-

76 951 125 987 uii
158 949 300 986 uerbis:
335 948 374 983 in
407 947 550 994 portica
584 946 726 983 Metelli
758 945 861 981 Iouis
887 945 1051 980 Statoris
1076 941 1291 980 Hermodori
1325 941 1533 979 interductu

76 1024 168 1062 opus
201 1021 291 1048 esse.
352 1007 518 1054 Nibbyus
553 1008 648 1043 enim
683 1006 729 1043 ad
757 1004 873 1042 Nard.
901 1007 939 1052 3,
966 1008 1084 1054 p.11,
1104 1008 1151 1041 12
1186 1004 1272 1040 satis
1308 1010 1436 1053 argute
1467 1003 1534 1042 de-

75 1071 289 1110 monstrauit
314 1069 492 1118 porticum
514 1068 654 1105 Metelli
680 1067 837 1116 attigisse
861 1066 1008 1103 Circum
1028 1066 1248 1103 Flaminium
1275 1071 1312 1102 et
1338 1071 1534 1116 utrumque

74 1138 347 1172 monumentum
375 1141 418 1166 ea
445 1130 627 1165 uicinitate
652 1128 875 1178 superfuisse
901 1128 1048 1164 saeculo
1076 1128 1306 1165 duodecimo.
1359 1128 1417 1164 Ex
1442 1140 1533 1164 nar-

74 1194 278 1232 ratiuncula
304 1190 405 1227 Plinii
433 1197 508 1227 nat.
536 1190 619 1227 hist.
641 1192 704 1238 36,
725 1190 766 1238 5,
792 1193 814 1237 §
830 1192 877 1226 43
905 1190 976 1226 fuit
1002 1202 1084 1226 cum
1111 1189 1379 1226 emendandum
1405 1190 1533 1227 crede-

74 1268 152 1293 rem
171 1254 438 1291 Tertullianum
467 1251 552 1289 adu.
571 1252 686 1289 Marc.
712 1256 749 1299 1,
775 1265 812 1301 p.
832 1253 903 1288 136
931 1251 988 1288 ed.
1013 1251 1129 1287 Paris.
1152 1251 1269 1287 1580:
1297 1251 1403 1288 homo
1429 1250 1534 1288 deum

73 1314 388 1358 commentabitur,
424 1313 600 1363 quonwdo
634 1334 684 1341 —
717 1313 890 1351 Metellus
914 1314 1107 1352 Alternum
1132 1313 1260 1361 (uulg.
1288 1311 1531 1359 Alburnum).

73 1379 269 1416 Caeterum
297 1377 500 1426 neglectum
532 1375 638 1412 uideo
664 1387 685 1412 a
711 1375 938 1413 Schneidero
966 1383 1002 1413 et
1029 1373 1265 1425 topographis
1291 1374 1411 1411 locum
1429 1375 1532 1413 Festi

73 1453 136 1491 qu.
167 1441 229 1488 16,
250 1439 289 1487 5,
313 1442 358 1475 12
385 1438 528 1482 Muell.,
556 1436 617 1473 ubi
644 1437 750 1474 aedes
777 1439 880 1474 Iouis
906 1436 1097 1474 Metellina
1118 1444 1434 1473 commemoratur.

175 1500 369 1545 Quirini
404 1499 491 1536 sana
528 1500 574 1536 ab
611 1501 858 1550 antiquissimo
895 1506 1061 1550 tempore
1096 1497 1169 1534 duo
1201 1497 1313 1535 fuisse
1348 1498 1529 1536 uidentur.

73 1563 256 1601 Sacellum
289 1569 592 1598 commemoratur
618 1573 642 1597 a
667 1562 779 1598 Festo
807 1575 843 1611 p.
862 1563 926 1609 63,
951 1565 1002 1597 22
1026 1561 1124 1606 Vrs.‚
1152 1559 1251 1609 quod
1285 1561 1448 1597 existimo
1473 1561 1532 1598 fa-

73 1637 162 1662 num
196 1630 233 1661 et
258 1635 356 1660 aram
384 1624 453 1660 dici
480 1636 501 1660 a
533 1623 699 1661 Varrone
726 1623 773 1660 de
801 1624 826 1660 1.
855 1624 879 1660 l.
908 1624 947 1670 5,
972 1623 1036 1671 51,
1063 1622 1146 1659 coll.
1177 1624 1199 1668 §
1222 1624 1271 1658 73
1301 1628 1338 1659 et
1364 1635 1460 1672 quae
1485 1636 1532 1661 ex

74 1685 241 1723 Varrone
265 1685 416 1733 Dionys.
444 1689 483 1734 2,
504 1687 553 1722 48
580 1686 753 1736 corrupit.
818 1686 855 1722 in
893 1684 983 1721 aede
1011 1684 1156 1728 Quirini
1192 1691 1358 1720 senatum
1385 1686 1532 1723 consul-

74 1754 152 1784 tum
178 1758 257 1783 esse
281 1746 406 1782 Liuius
432 1745 541 1782 tradit
563 1748 602 1793 4,
620 1749 685 1793 21,
712 1758 821 1795 quam
848 1746 977 1782 aedem
1003 1745 1178 1782 intellexit
1205 1745 1359 1783 Ouidius
1387 1752 1422 1791 2,
1438 1749 1532 1796 511,

75 1809 177 1845 cuius
203 1807 411 1843 memoriam
444 1807 685 1850 Quirinalium
712 1807 824 1844 seriae
854 1814 1129 1844 conseruarunt.
1181 1807 1239 1844 De
1264 1814 1395 1844 neutro
1421 1809 1532 1857 igitur

74 1869 161 1906 fano
186 1869 347 1918 loquitur
368 1867 522 1905 Ouidius
546 1868 594 1904 111
610 1868 671 1904 KP
692 1867 758 1905 Iul.
799 1868 933 1905 Sacelli
958 1868 1190 1905 dedicationis
1219 1867 1314 1904 diem
1340 1869 1370 1905 si
1395 1871 1532 1919 proba-

74 1932 146 1968 bile
172 1938 268 1968 esset
294 1931 329 1966 in
358 1930 549 1966 annalibus
575 1929 730 1965 inueniri
751 1930 924 1978 potuisse,
952 1942 1024 1966 non
1045 1929 1091 1966 de
1113 1930 1240 1965 trabea
1267 1942 1302 1965 u.
1325 1931 1399 1966 796
1427 1943 1531 1968 men-

74 1995 208 2031 tionem
235 1993 429 2040 iniecisset,
456 2003 551 2041 quae
568 1990 615 2027 ad
634 1990 810 2027 Sabinum
830 2003 962 2028 numen
990 2003 1063 2027 non
1090 1992 1261 2040 pertinet,
1288 1991 1362 2029 uid.
1382 1995 1422 2039 2,
1435 1993 1531 2041 5033

73 2057 114 2104 6,
128 2056 226 2102 3753
252 2054 334 2091 Liu.
351 2058 387 2101 1,
407 2056 471 2101 41,
499 2065 567 2090 nec
592 2053 692 2089 fastis
713 2053 902 2105 Venusinis
923 2064 967 2089 eo
994 2052 1052 2089 die
1079 2052 1275 2102 ascriptum
1302 2061 1398 2091 esset
1426 2055 1531 2101 Quir.

72 2119 113 2161 in
138 2117 235 2161 colle,
262 2115 326 2152 sed
354 2114 403 2151 ad
429 2119 525 2165 port.
558 2113 646 2152 Con.
701 2113 785 2150 Non
818 2114 927 2163 igitur
958 2121 1113 2164 propter
1139 2116 1190 2151 rei
1217 2122 1455 2160 uetustatem,
1491 2122 1532 2153 ut

73 2179 186 2227 alias,
212 2178 350 2214 sactum
377 2182 457 2225 est,
486 2182 526 2212 ut
551 2176 640 2212 illud
666 2188 825 2213 marmor
851 2182 888 2213 et
915 2175 1070 2213 Ouidius
1097 2176 1174 2213 eius
1202 2177 1328 2226 templi
1354 2179 1532 2214 memine-

46 2240 159 2287 ,rint,
185 2238 271 2276 fasti
287 2238 465 2275 Maffeani
490 2238 661 2275 indicium
688 2239 765 2275 eius
791 2239 929 2275 nullum
956 2238 1128 2276 habeant.
1170 2238 1273 2282 Quas
1299 2239 1397 2276 enim
1421 2250 1531 2288 prae-

73 2307 176 2339 terea
207 2301 316 2338 aedes
349 2300 493 2345 Quirini
526 2299 710 2337 dedicatas
746 2300 938 2349 nouimus,
976 2300 1197 2351 superfuisse
1230 2312 1350 2350 paene
1384 2306 1532 2350 oportet

73 2361 197 2400 Ouidii
225 2368 357 2400 aetate.
398 2363 525 2398 Altera
551 2368 605 2398 est
620 2361 815 2410 Papiriana
842 2374 938 2398 anno
959 2363 1006 2400 V.
1027 2363 1070 2400 C.
1091 2364 1162 2399 461
1193 2367 1416 2410 consecrata,
1442 2362 1529 2401 Liu.

72 2426 139 2472 10,
154 2425 225 2472 463
252 2424 347 2461 Plin.
371 2430 446 2460 nat.
468 2423 607 2467 hist77,
628 2424 690 2467 60,
717 2425 739 2469 §
760 2427 848 2462 213.
900 2424 955 2460 Ea
976 2424 1120 2461 uidetur
1145 2424 1294 2461 indicari
1320 2423 1420 2474 apud
1434 2425 1529 2462 Var-

76 2497 199 2523 ronem
226 2485 273 2522 de
297 2486 322 2525 l.
351 2486 377 2523 l.
405 2486 445 2532 5,
465 2485 537 2531 523
565 2485 651 2521 arsit
678 2497 774 2521 anno
802 2486 848 2522 V.
868 2486 912 2522 C.
931 2485 1020 2533 705,
1046 2486 1116 2522 Dio
1142 2488 1204 2531 41,
1222 2489 1292 2534 143
1324 2487 1528 2523 restitutam

78 2545 185 2584 fuisse
209 2560 305 2584 anno
331 2548 378 2584 V.
407 2547 452 2583 C.
479 2548 556 2584 709
581 2546 726 2583 uidetur
751 2547 869 2596 colligi
895 2558 1004 2596 posse
1030 2559 1074 2583 ex
1101 2547 1178 2584 Cic.
1205 2547 1252 2584 ad
1276 2550 1352 2585 Att.
1383 2551 1445 2594 13,
1464 2551 1527 2585 28.

78 2606 234 2645 Alteram
259 2608 441 2656 dedicauit
467 2610 649 2657 Augustus
676 2620 772 2644 anno
800 2609 846 2645 V.
875 2609 920 2645 C.
947 2611 1037 2656 738,
1062 2609 1132 2645 Dio
1157 2609 1223 2657 54,
1244 2611 1304 2646 19.
1355 2609 1527 2655 Diuersas

79 2678 141 2705 eas
166 2668 272 2707 aedes
295 2670 409 2709 fuisse
434 2670 626 2721 antiquarii
651 2675 817 2708 statuunt
852 2669 906 2707 his
944 2671 1189 2720 argumentis:
1225 2672 1311 2722 quia
1338 2671 1464 2710 Victor
1487 2676 1526 2708 et
