1685 2954
134 72 228 102 xxu
671 76 731 105 DE
760 77 1026 107 Avcromssvs

133 176 255 221 potest
270 170 342 210 hoc
360 171 612 223 quadratarius
629 176 856 222 commisisse,
881 179 1111 228 quantumuis
1128 179 1430 218 consentientibus
1447 188 1572 219 contra

132 231 299 283 Pighium
324 232 480 283 reliquis.
532 234 626 273 Illud
652 250 740 274 uero
768 239 878 276 Aldus
905 247 942 276 et
967 240 1147 278 Graeuius
1171 249 1438 292 peccauerunt,
1474 243 1572 293 quod

131 294 167 333 V
193 301 230 333 et
255 296 306 332 IV
331 295 393 331 Kl’
419 295 506 332 Mai.
542 297 682 336 litterae
718 300 748 336 F
782 307 819 336 et
851 301 884 337 E
921 307 1227 351 transponuntur,
1263 302 1360 353 quod
1393 303 1478 339 XlV
1507 304 1570 341 Kl'

131 355 236 406 Sept.
266 356 489 405 VlN.E.P,
519 359 616 408 quod
643 361 736 410 prid.
765 361 817 399 ld.
846 361 950 411 Sept.
977 363 1061 410 GC,
1088 363 1186 413 quod
1212 364 1361 414 postrid.
1389 364 1441 401 ld.
1467 364 1572 415 Sept.

129 417 297 454 scribitur
321 418 430 456 AFF.
451 420 642 465 EQVOR.
663 421 811 459 PROB.
866 423 919 459 lta
946 424 1053 461 etiam
1086 437 1165 460 cum
1193 425 1334 463 litterae
1360 426 1574 463 adiiciuntur

130 489 153 515 a
174 477 301 528 Pighio
328 481 480 518 omissae
505 483 744 532 scribiturque
770 485 894 520 nonies
919 485 1016 534 apud
1044 485 1172 522 Aletum
1196 487 1393 525 Gruterum
1421 495 1457 525 et
1475 488 1574 538 Fog-

127 538 262 587 ginium
286 539 472 590 MATRI,
498 543 639 591 LVDI,
666 544 783 581 ClRC
819 557 886 594 pro
912 545 1085 594 MATR„
1111 547 1239 595 LVD„
1266 549 1361 594 ClR,
1398 550 1455 586 uel
1491 563 1572 587 cum

128 606 186 636 ter
209 601 307 651 apud
335 604 481 640 eosdem
509 605 609 641 LVD
636 617 704 655 pro
732 605 864 653 LVDl,
893 606 1007 655 Pighii
1033 608 1140 657 ipsius
1167 610 1287 645 manui
1312 612 1423 660 magis
1451 611 1572 655 credo,

126 673 237 712 quam
263 671 487 702 caeterorum
514 666 625 713 libris,
654 667 712 702 ubi
740 667 823 716 quid
852 668 1047 717 typotlietis
1074 668 1264 716 debeatur,
1291 673 1440 708 nescias.
1480 671 1572 708 For·

127 729 224 762 tasse
258 727 351 762 enim
388 726 423 763 id
457 740 604 777 quoque
638 728 683 764 ad
720 729 967 779 typographos
1009 731 1186 779 pertinet,
1222 732 1318 780 quod
1354 733 1466 768 Aldus
1501 744 1573 768 una

125 785 344 837 plerumque
369 789 568 825 litterarum
595 789 713 827 forma
741 795 871 838 utitur,
905 791 1099 840 Fogginius
1134 793 1246 828 tribus
1272 792 1442 839 diuersis,
1480 804 1575 844 quae

127 858 186 884 res
211 859 324 898 saepe
349 861 422 886 non
450 857 505 887 est
530 851 661 888 nullius
695 853 879 889 momenti.
933 852 1178 888 confirmatur
1212 852 1303 889 haec
1334 855 1488 904 suspicio
1514 867 1574 902 eo,

126 908 226 958 quod
252 911 314 959 qui
340 908 489 947 aliorum
526 913 691 962 exempla
717 914 811 963 typis
842 915 1104 965 repetiuerunt,
1131 915 1275 951 minime
1301 915 1366 951 sibi
1393 922 1573 964 constant,

124 970 271 1008 minime
296 979 484 1010 cauerunt.
538 973 744 1011 Morcellius
771 976 879 1012 modo
905 976 1160 1013 absurdissima
1187 987 1360 1025 quaeque
1387 976 1466 1013 Aldi
1493 976 1575 1014 red-

125 1030 202 1079 dit,
234 1032 344 1070 modo
378 1045 423 1071 ex
457 1035 607 1071 Gruteri
642 1035 812 1073 thesauro
848 1038 1026 1087 quaedam
1057 1037 1251 1083 admiscet,
1295 1038 1473 1075 interdum
1510 1050 1576 1076 sua

126 1093 235 1145 culpa
262 1102 413 1145 peccat,
447 1096 548 1133 uelut
574 1108 656 1133 cum
682 1098 746 1134 Vll
773 1098 825 1136 Id.
853 1100 951 1136 Nou.
979 1100 1084 1137 vados
1109 1099 1261 1145 omittit,
1289 1105 1328 1135 ut
1353 1099 1489 1136 leuiora
1516 1109 1576 1136 ta-

126 1165 244 1193 ceam.
296 1156 437 1194 Orellio
464 1171 635 1208 quoque,
669 1161 809 1209 priscae
835 1161 1044 1198 eruditionis
1072 1169 1108 1197 et
1143 1161 1314 1197 libertatis
1341 1162 1445 1208 uiro,
1483 1162 1575 1199 adeo

124 1229 199 1255 non
225 1226 426 1268 paruerunt
453 1232 588 1271 operae
621 1221 657 1257 in
690 1225 859 1260 extremis
893 1224 961 1260 illis
989 1224 1107 1273 operis
1142 1222 1395 1272 elegantissimi
1431 1223 1575 1270 tabulis,

125 1285 168 1316 ut
192 1287 298 1317 caute
324 1281 390 1317 illis
417 1282 590 1319 utendum
619 1295 697 1320 esse
725 1297 906 1332 censeam,
934 1297 992 1329 ne,
1022 1283 1118 1334 quod
1145 1285 1179 1319 in
1207 1283 1308 1320 fastis
1334 1282 1576 1320 Praenestinis

126 1340 211 1377 uiris
236 1341 419 1391 perdoctis
443 1343 514 1380 iam
541 1344 686 1392 accidit,
712 1358 852 1383 errores
878 1345 995 1383 senori
1022 1345 1256 1382 collocentur.
1294 1345 1332 1381 ln
1360 1344 1460 1381 fastis
1480 1344 1576 1381 Mas-

125 1400 242 1440 feanis
266 1403 432 1453 Fogginii
464 1405 663 1443 litterarum
699 1407 838 1444 formae
866 1414 902 1443 et
928 1419 1096 1444 uersuum
1125 1408 1326 1444 discrimina
1353 1406 1461 1443 modo
1490 1406 1577 1443 red-

125 1462 273 1510 duntur,
300 1467 360 1503 uel
386 1466 609 1512 indicantur,
638 1468 747 1505 modo
772 1469 1025 1518 negliguntur:
1066 1469 1242 1506 Morcellii
1276 1469 1491 1518 scripturae,
1517 1469 1577 1504 ubi

125 1525 273 1563 lacunas
298 1527 412 1564 habet
437 1528 655 1578 Fogginius,
683 1530 896 1580 plerumque
921 1538 1161 1576 annotantur,
1198 1529 1297 1580 quod
1325 1536 1444 1565 tamen
1471 1530 1578 1565 omis·

125 1599 205 1623 sum
223 1587 308 1626 Kal.
329 1589 439 1626 Mart.
465 1583 780 1639 Fogginii'uitium
808 1592 1109 1642 typographicum
1139 1591 1420 1628 manifestarium
1447 1590 1495 1627 Xl
1515 1590 1577 1627 ΚΡ

124 1646 215 1687 Dec.
240 1649 315 1686 EG
338 1650 494 1690 fideliter
520 1653 724 1702 repetitur,
750 1666 818 1703 pro
844 1654 938 1690 illius
964 1660 1003 1690 et
1029 1651 1169 1703 Phighii
1201 1654 1380 1703 scriptura
1405 1651 1488 1688 Xlll
1515 1651 1578 1688 Kl’

124 1709 213 1748 Mai.
251 1711 488 1750 Morcelliana
525 1715 695 1764 ponitur,
733 1715 803 1751 leui
838 1727 925 1752 sane
961 1715 1176 1752 discrimine.
1239 1715 1373 1749 Verum
1409 1713 1490 1749 Vlll
1515 1713 1577 1750 ΚΡ

126 1772 220 1821 Aug.
247 1774 349 1809 cuius
375 1775 595 1811 auctoritate
622 1776 724 1812 FVR
750 1777 950 1820 scribatur,
988 1789 1060 1825 qua
1096 1776 1142 1812 de
1179 1787 1285 1812 causa
1320 1774 1417 1825 quod
1455 1787 1579 1811 omnes

126 1833 263 1871 babent
289 1835 452 1882 FVRR,
480 1836 622 1872 uncinis
648 1836 877 1884 includatur,
906 1850 964 1873 me
991 1838 1093 1875 latet.
1148 1837 1333 1873 Mittamus
1364 1837 1466 1884 haec,
1494 1829 1578 1886 per-

127 1906 254 1945 gamus
280 1894 327 1932 ad
354 1898 539 1945 grauiora,
566 1909 610 1934 ex
630 1898 760 1947 quibus
783 1898 905 1948 Pighii
930 1911 1110 1950 apparere
1135 1899 1225 1936 fides
1253 1899 1376 1948 possit.
1418 1898 1579 1935 Primum

129 1962 167 1993 et
191 1958 387 1994 maximum
415 1966 494 2007 est,
532 1959 631 2010 quod
659 1960 811 1997 lacunae
837 1962 1025 1998 marmoris
1052 1967 1220 1997 accurate
1246 1958 1345 2008 apud
1371 1971 1453 1996 eum
1481 1959 1580 1996 indi-

129 2026 270 2059 cantur.
321 2020 400 2058 Eae
429 2029 601 2058 notantur
626 2023 734 2059 etiam
762 2023 861 2072 apud
887 2023 1085 2059 Gruterum
1114 2029 1150 2058 et
1170 2022 1383 2066 Graeuium,
1409 2021 1473 2058 sed
1502 2022 1578 2058 exi-

128 2092 201 2130 gua
226 2081 313 2120 fide.
374 2084 660 2120 Commemorari
694 2082 866 2120 uidentur
898 2083 934 2119 in
970 2083 1094 2120 codice
1121 2083 1298 2119 Vaticano
1323 2083 1492 2132 Fogginii
1526 2083 1580 2120 his

130 2144 272 2182 uerbis:
308 2145 482 2183 Fruswla
513 2145 612 2182 tituli
644 2147 783 2182 amissa
817 2156 888 2182 non
923 2145 1074 2191 contum
1109 2158 1153 2182 ea·
1189 2146 1380 2193 exscripsit
1415 2143 1580 2191 Pyrrhus

129 2206 207 2256 ipse
233 2218 279 2243 ex
299 2210 391 2255 ipsis
416 2207 560 2254 frustis,
588 2219 679 2257 quae
696 2207 846 2254 fuerant
862 2219 968 2257 penes
989 2207 1164 2256 «mendam
1180 2209 1449 2252 Hieronymum.
1486 2207 1582 2243 Str-nt

131 2271 251 2305 mitem
284 2269 351 2306 illa
384 2270 527 2319 Aprilis
559 2274 592 2307 et
629 2271 745 2313 Μαὶὶς
779 2269 938 2317 Augusti
965 2273 998 2305 et
1024 2267 1264 2317 Septemb-im
1299 2266 1517 2305 Nouembris
1548 2272 1582 2304 et

131 2329 345 2375 Decembris,
373 2344 464 2380 quae
481 2344 658 2382 apparere
674 2343 745 2369 non
764 2343 870 2380 posse
887 2333 1030 2381 pictura
1056 2330 1307 2368 iudicauimus.
1345 2329 1435 2366 Alia
1458 2329 1583 2376 frusta

132 2393 205 2440 ipsi
228 2392 372 2429 tabulae
399 2399 540 2438 assuta,
569 2393 667 2431 nullo
694 2398 813 2429 tamen
841 2393 966 2430 ordine
990 2398 1087 2429 sunt.
1140 2389 1249 2429 Haec
1275 2393 1396 2428 omnia
1422 2396 1456 2428 et
1483 2394 1584 2441 ipsas

132 2455 240 2490 etiam
269 2454 440 2499 lacunas,
475 2468 566 2504 quae
590 2456 727 2505 aliquot
754 2455 841 2492 locis
869 2460 995 2504 erant,
1023 2459 1063 2491 ut
1090 2456 1273 2503 potuimus
1298 2458 1332 2489 et
1358 2455 1491 2490 imitati
1516 2464 1583 2490 su-

132 2527 225 2560 mus,
251 2522 285 2553 et
309 2520 543 2554 restituimus.
587 2519 643 2554 Ex
672 2518 725 2554 his
753 2518 876 2568 paucis
905 2517 1024 2554 uerbis
1053 2517 1160 2552 trium
1185 2516 1370 2552 hominum
1397 2515 1583 2559 Italorum,

134 2589 181 2614 ne
207 2579 287 2627 plus
313 2579 453 2627 dicam,
492 2580 620 2618 leuitas
648 2581 889 2629 cognoscitur.
944 2579 1105 2616 Primum
1140 2577 1237 2615 istud
1264 2577 1310 2614 de
1335 2576 1459 2613 frustis
1484 2575 1584 2626 apud

136 2640 419 2692 Hieronymum,
455 2643 484 2678 si
512 2643 690 2693 pertinet,
724 2643 774 2679 uti
801 2641 973 2689 uidetur,
1013 2640 1058 2677 ad
1087 2640 1222 2690 primos
1249 2639 1399 2676 istorum
1425 2643 1585 2688 quatuor
