1685 2954
632 80 972 109 L113.PR1Mvs
1497 64 1526 105 9

142 181 285 224 Omnis
309 181 435 224 habet
457 180 646 235 geminas
671 182 767 223 hine
792 186 917 234 atque
941 180 1036 222 hinc
1061 181 1182 220 ianua
1206 178 1362 230 frontis,
1446 181 1523 218 135

198 253 234 291 Ε
264 251 409 305 quibus
435 249 540 290 haee
567 250 758 302 populum
785 254 964 302 spectat,
993 255 1038 288 at
1064 249 1130 288 illa
1158 248 1294 287 larem.

143 319 283 372 thue
311 317 463 359 sedens
490 318 605 370 primi
633 322 773 357 uester
799 328 926 369 prope
954 316 1090 355 limina
1119 315 1220 356 tecti

196 387 344 427 Ianitor
372 396 570 439 egressus
596 384 866 437 introitusque
894 383 1019 435 uidet,

141 453 215 495 Sic
241 466 322 508 ego
349 451 552 506 prospicio
580 451 776 492 caelestis
804 450 951 490 ianitor
977 450 1096 489 aulae

195 523 307 562 ans
332 527 472 574 partes
499 520 795 573 hesperiasque
823 517 953 558 simul.
1448 518 1525 557 140

125 587 221 647 ‘Ora
248 588 366 629 uides
392 589 580 630 Hecates
607 590 648 628 in
677 588 764 628 tres
791 586 994 626 uertentia
1022 590 1173 637 partes,

164 677 169 685 ·
197 656 349 698 Seruet
377 663 421 697 ut
450 657 491 697 in
519 662 659 697 ternas
687 654 865 707 compita
891 659 1010 693 secta
1037 653 1138 692 uias.

141 725 198 765 Et
223 725 340 777 mihi,
369 737 422 766 ne
450 725 562 764 flexu
589 722 763 765 ceruicis
792 727 974 773 tempora
1002 720 1181 773 perdam,

198 792 377 833 Cernere
404 805 485 833 non
513 797 623 832 moto
656 802 824 843 corpore
852 789 945 829 bina
972 789 1080 828 licet.

140 859 323 900 Dixerat.
359 865 403 900 et
430 860 557 912 uoltu,
584 859 621 899 si
648 858 762 912 plura
790 856 992 909 requirere
1019 856 1180 907 uellem,
1446 859 1523 896 145

197 927 413 968 Difficilem
440 926 537 967 mihi
563 938 611 967 se
639 938 719 965 non
745 924 831 964 fore
858 927 1010 975 pactus
1038 928 1138 962 erat.

142 995 309 1047 Sumpsi
337 995 512 1035 animum
539 998 761 1047 gratesque
790 990 868 1030 deo
897 1003 977 1029 non
1004 989 1170 1031 territus
1199 991 1281 1044 egi,

197 1062 417 1115 Verbaque
446 1074 537 1101 sum
566 1066 764 1113 spectans
800 1070 933 1112 pauca
967 1058 1130 1098 locutus
1156 1059 1334 1100 humum.

141 1129 232 1182 Dic,
262 1142 356 1182 age,
385 1128 601 1183 frigoribus
629 1140 754 1181 quare
782 1139 914 1167 nouus
940 1124 1082 1178 incipit
1104 1139 1252 1179 annus,

196 1196 276 1249 Qui
304 1197 448 1238 melius
475 1209 549 1250 per
576 1208 648 1237 uer
675 1195 929 1249 incipiendus
957 1191 1080 1236 erat?
1447 1200 1525 1237 150

84 1398 231 1438 quoque
262 1390 307 1425 G.
354 1387 475 1438 aliqua
500 1392 608 1437 parte
633 1386 758 1424 uidere
784 1392 889 1435 potes
917 1385 975 1421 14.
1093 1387 1177 1424 135.
1204 1388 1281 1431 Ita,
1306 1385 1449 1433 frontis,
1473 1386 1523 1423 Α.

82 1439 223 1475 frontes
246 1439 385 1487 reliqui.
490 1440 576 1475 136.
604 1438 759 1488 populos
783 1440 813 1476 0
828 1438 910 1474 duo.
951 1441 1091 1486 spectet
1112 1439 1147 1473 6.
1187 1443 1327 1486 spectat
1348 1443 1384 1472 et
1401 1436 1461 1472 illa
1487 1442 1524 1474 2.

84 1489 145 1525 ille
171 1489 207 1525 h.
312 1491 396 1526 137.
423 1489 547 1539 thue
573 1488 675 1525 sedet
701 1490 805 1538 prim.
834 1486 882 1524 Γ.
929 1488 1053 1536 thue
1078 1489 1170 1523 solet
1195 1488 1299 1537 prim.
1327 1490 1362 1523 6.
1405 1487 1526 1535 thue

85 1539 189 1575 sedet
216 1546 337 1576 uester
364 1542 477 1577 uestri
502 1551 620 1590 prope
645 1542 727 1575 Ρ3.
780 1540 937 1588 Quaque
962 1539 1091 1574 sedens
1120 1545 1240 1574 uester
1265 1538 1395 1587 pprirni
1423 1538 1526 1586 (olim

85 1589 246 1638 pprima)
270 1603 386 1640 prope
412 1590 445 1627 b.
484 1590 612 1627 sedens
640 1598 762 1627 uester
785 1591 890 1641 primi
915 1601 1031 1638 prope
1054 1586 1286 1636 AAths
1311 1588 1527 1637 (μιαῒαιονᾶσ-

89 1641 170 1676 cim.
219 1641 324 1689 primi
350 1648 472 1677 nostra
499 1653 616 1689 prope
640 1652 663 1688 9
689 1654 772 1678 var.
801 1653 870 1677 scr.
912 1647 1032 1676 uester
1058 1652 1203 1688 quoque
1228 1639 1348 1676 limine
1374 1640 1457 1675 tecti
1483 1641 1525 1675 F.

88 1702 206 1739 prope
231 1691 339 1726 ianua
365 1692 448 1727 tecti
479 1693 510 1729 0
537 1704 612 1727 ‘ma-
639 1703 696 1739 pr.
738 1693 858 1727 limina
884 1691 955 1726 iani
984 1691 1059 1727 BG
1082 1693 1202 1726 2324.
1255 1691 1376 1725 limina
1402 1690 1527 1738 templi

90 1739 209 1778 (DTb
236 1741 325 1785 ἄπιος
356 1742 385 1778 G
400 1753 480 1778 υαν.
495 1754 565 1778 scr.
588 1746 669 1777 tert.
684 1754 783 1778 ηιαη.
888 1744 971 1776 138.
1002 1741 1074 1776 Ian.
1101 1741 1280 1788 ingressus
1313 1741 1342 1776 G
1357 1752 1440 1776 nar.
1456 1752 1527 1776 scr.

140 1793 225 1828 139.
253 1803 320 1839 ego
347 1792 524 1841 perspicio
550 1792 631 1827 AB
645 1789 896 1828 GDEGOA
910 1790 1023 1826 Thm
1048 1802 1122 1826 wa.
1142 1802 1212 1827 sec.
1234 1793 1373 1838 pr3)8
1400 1792 1529 1838 uiyznti

89 1847 125 1879 et
149 1847 237 1878 uett.
264 1841 361 1878 editi.
466 1843 551 1877 140.
578 1843 617 1877 in
641 1844 802 1889 ortamine
830 1840 881 1878 (D.
921 1840 1176 1889 hesperiesque
1201 1839 1232 1886 f.
1335 1842 1421 1877 141.
1449 1840 1528 1877 Ora

89 1893 219 1930 uidens
247 1899 366 1929 ecates
392 1904 424 1929 r.
479 1892 623 1928 echates
651 1889 704 1928 K.
756 1892 903 1928 echaces
931 1888 978 1926 Σ.
1028 1891 1062 1926 in
1091 1902 1144 1925 111
1172 1896 1264 1927 uert.
1293 1893 1343 1927 D.
1384 1891 1420 1927 in
1453 1897 1528 1928 ter-

90 1956 157 1980 nas
184 1944 289 1993 ignea
315 1950 437 1989 partes
457 1944 519 1978 41.
561 1944 743 1979 uertencia
766 1940 814 1979 Γ.
856 1941 1037 1979 uersantia
1061 1953 1175 1986 mzus3
1200 1940 1220 1976 b
1240 1953 1324 1978 «auctr.
1338 1953 1409 1978 scr.
1446 1954 1528 1978 uer-

87 1995 209 2043 gentia
230 1991 410 2042 1301193
423 1996 446 2030 8
465 1995 605 2041 uiyinti.
646 1994 810 2041 urgentia
827 2005 934 2029 rentes.
974 1992 1121 2040 ligentia
1141 2003 1248 2028 corr„-
1274 1992 1459 2040 uergentia
1477 2005 1527 2028 m.

90 2046 272 2082 uertentia
298 2052 423 2094 portas
449 2041 502 2081 Κ.
548 2049 642 2080 uert.
669 2044 803 2080 formas
834 2046 865 2082 O
890 2056 964 2079 wa.
990 2054 1047 2091 pr.
1159 2043 1244 2078 142.
1271 2043 1405 2079 Seruat
1433 2049 1471 2078 ut
1495 2042 1526 2089 f.

87 2096 224 2133 Seruat
249 2101 286 2131 et
311 2096 347 2132 in
365 2093 413 2131 Γ.
453 2094 586 2131 Seruet
605 2094 664 2130 ubi
689 2095 724 2130 in
745 2107 794 2130 m.
833 2096 992 2130 internas
1014 2095 1102 2129 DE.
1141 2093 1298 2141 compita
1324 2099 1427 2141 septa
1452 2093 1529 2129 uias

85 2157 166 2184 sex.
204 2158 322 2195 comp.
343 2157 446 2182 sacra
472 2146 548 2181 uias
575 2144 605 2191 f.
642 2158 760 2194 comp.
778 2149 875 2181 terra
901 2145 977 2180 uias
997 2140 1050 2179 K.
1156 2145 1240 2179 143.
1268 2143 1376 2179 michi
1398 2146 1445 2179 D.
1481 2155 1529 2180 ne

86 2196 239 2248 perdam
267 2210 298 2233 c.
327 2203 354 2233 t.
382 2196 476 2232 flexu
502 2193 556 2232 N.
596 2195 690 2231 flexo
721 2196 759 2232 G.
801 2207 954 2244 corpora
978 2193 1082 2244 perd.
1116 2194 1144 2230 C
1165 2205 1248 2230 παν.
1267 2195 1347 2230 Cs'c'r.
1441 2195 1528 2230 144.

89 2249 256 2297 Corpore
282 2260 355 2283 non
381 2260 430 2283 m.
458 2258 607 2283 cernere
636 2245 685 2282 T.
725 2258 770 2282 ne
796 2253 894 2282 moto
918 2258 950 2282 s.
978 2252 1075 2280 moto
1103 2245 1248 2280 cardine
1274 2247 1335 2280 33.
1375 2256 1529 2293 corpora

88 2299 130 2336 Κ
155 2302 324 2348 quantor.
370 2303 469 2333 moto
497 2303 646 2347 pectore
672 2296 703 2343 f.
751 2309 904 2346 corpore
930 2296 1035 2346 plura
1061 2297 1133 2342 293
1168 2306 1191 2342 p
1217 2306 1299 2331 nar.
1327 2307 1397 2332 scr.
1447 2295 1529 2331 bina

89 2349 176 2386 libet
193 2349 254 2385 34.
360 2349 445 2384 145.
473 2348 564 2383 uult.
581 2347 618 2383 ll.
638 2354 675 2384 et
693 2348 813 2383 uultus
830 2348 860 2383 si
873 2347 933 2384 A.
1038 2347 1122 2381 146.
1150 2345 1200 2381 Se
1222 2345 1307 2381 mihi
1327 2346 1435 2382 diffie.
1455 2358 1530 2381 non

90 2398 170 2449 bpr
195 2399 278 2436 duo.
320 2399 424 2434 michi
446 2401 494 2434 D.
534 2397 658 2434 Diffic.
677 2398 764 2447 quid
791 2411 829 2434 se
849 2397 910 2435 A.
949 2395 1036 2432 Diff.
1064 2396 1144 2432 sore
1169 2407 1208 2432 se
1233 2408 1305 2431 non
1332 2396 1414 2431 mihi
1445 2398 1528 2433 GT.
1591 2408 1593 2410 ·

89 2448 204 2486 fassus
230 2446 475 2486 erat‘GOEF
481 2447 525 2485 K
533 2445 570 2484 Σ
577 2460 612 2484 m
636 2461 710 2486 mcc.
731 2460 787 2498 pr.
813 2452 837 2485 8
862 2448 1010 2485 sedecim
1036 2451 1070 2482 et
1094 2451 1180 2482 nen.
1208 2445 1310 2491 editi3
1341 2448 1426 2483 GM
1444 2458 1527 2484 aar.

91 2510 161 2536 scr.
274 2501 359 2536 147.
388 2500 507 2536 Sumsi
533 2497 605 2541 ,ΦΨ
618 2497 666 2535 Γ.
713 2505 811 2535 terr.
829 2527 837 2535 .
855 2527 863 2535 .
893 2500 950 2547 egi
975 2500 1020 2534 Ε.
1131 2499 1215 2533 148.
1246 2497 1437 2547 Verbaque
1465 2510 1529 2533 su·-

93 2554 258 2597 speetans
275 2549 435 2587 ΛΜΝ
441 2548 478 2586 Σ
487 2563 506 2587 s
531 2551 612 2586 843
632 2555 716 2587 tres.
755 2550 951 2598 Verbaque
972 2548 1184 2597 despectans
1211 2550 1247 2583 Β
1268 2547 1377 2585 alius.
1413 2560 1530 2597 pauca

93 2598 130 2635 lo
145 2625 259 2636 .....
280 2614 377 2637 eram
405 2604 450 2638 E.
495 2602 563 2637 loc.
592 2601 689 2636 humi
715 2599 739 2636 h
763 2613 837 2639 nea.
866 2612 934 2638 sec.
1056 2599 1140 2636 150.
1173 2597 1233 2636 Dii
1261 2600 1385 2637 melius
1411 2611 1431 2636 s
1454 2609 1528 2635 ma.

93 2660 150 2698 pr.
191 2651 316 2689 melius
342 2663 433 2701 puer
458 2653 528 2690 inc.
557 2654 591 2690 E
614 2663 687 2689 ma.
713 2663 769 2701 pr.
