<?xml version="1.0" encoding="UTF-8"?>
<!DOCTYPE html PUBLIC "-//W3C//DTD XHTML 1.0 Transitional//EN"
    "http://www.w3.org/TR/xhtml1/DTD/xhtml1-transitional.dtd">
<html xmlns="http://www.w3.org/1999/xhtml" xml:lang="en" lang="en">
 <head>
  <title>
</title>
<meta http-equiv="Content-Type" content="text/html;charset=utf-8" />
  <meta name='ocr-system' content='tesseract 3.04.00' />
  <meta name='ocr-capabilities' content='ocr_page ocr_carea ocr_par ocr_line ocrx_word'/>
</head>
<body>
  <div class='ocr_page' id='page_1' title='image "./fastorumlibrisex00oviduoft_0505.png"; bbox 0 0 1685 2954; ppageno 0'>
   <div class='ocr_carea' id='block_1_1' title="bbox 539 118 1455 185">
    <p class='ocr_par' dir='ltr' id='par_1_1' title="bbox 539 118 1455 185">
     <span class='ocr_line' id='line_1_1' title="bbox 539 118 1455 185; baseline -0.004 -20"><span class='ocrx_word' id='word_1_1' title='bbox 539 136 639 165; x_wconf 71' lang='grc' dir='ltr'><strong>ΜΒ.</strong></span> <span class='ocrx_word' id='word_1_2' title='bbox 670 135 915 170; x_wconf 75' lang='lat' dir='ltr'>QvAnTvs</span> <span class='ocrx_word' id='word_1_3' title='bbox 1218 182 1221 185; x_wconf 67' lang='lat'>‚</span> <span class='ocrx_word' id='word_1_4' title='bbox 1372 118 1455 161; x_wconf 86' lang='lat'>203</span> 
     </span>
    </p>
   </div>
   <div class='ocr_carea' id='block_1_2' title="bbox 76 235 1464 1305">
    <p class='ocr_par' dir='ltr' id='par_1_2' title="bbox 76 235 1464 1305">
     <span class='ocr_line' id='line_1_2' title="bbox 130 235 1142 295; baseline -0.006 -13"><span class='ocrx_word' id='word_1_5' title='bbox 130 243 186 282; x_wconf 81' lang='lat' dir='ltr'>Et</span> <span class='ocrx_word' id='word_1_6' title='bbox 215 237 374 295; x_wconf 87' lang='lat' dir='ltr'>genitor</span> <span class='ocrx_word' id='word_1_7' title='bbox 397 237 577 289; x_wconf 81' lang='lat' dir='ltr'>Mauors,</span> <span class='ocrx_word' id='word_1_8' title='bbox 607 237 825 290; x_wconf 83' lang='lat' dir='ltr'><strong>Vestaque</strong></span> <span class='ocrx_word' id='word_1_9' title='bbox 852 238 996 286; x_wconf 82' lang='lat' dir='ltr'>mater,</span> <span class='ocrx_word' id='word_1_10' title='bbox 1024 235 1142 276; x_wconf 80' lang='lat' dir='ltr'>ades:</span> 
     </span>
     <span class='ocr_line' id='line_1_3' title="bbox 76 302 1278 363; baseline -0.006 -12"><span class='ocrx_word' id='word_1_11' title='bbox 76 309 273 363; x_wconf 81' lang='lat' dir='ltr'>Quosque</span> <span class='ocrx_word' id='word_1_12' title='bbox 300 308 408 360; x_wconf 89' lang='lat' dir='ltr'>pium</span> <span class='ocrx_word' id='word_1_13' title='bbox 437 310 504 344; x_wconf 90' lang='lat' dir='ltr'>est</span> <span class='ocrx_word' id='word_1_14' title='bbox 532 304 724 344; x_wconf 85' lang='lat' dir='ltr'>adhibere</span> <span class='ocrx_word' id='word_1_15' title='bbox 751 304 864 355; x_wconf 85' lang='lat' dir='ltr'>deos,</span> <span class='ocrx_word' id='word_1_16' title='bbox 894 302 1094 343; x_wconf 83' lang='lat' dir='ltr'>aduertite</span> <span class='ocrx_word' id='word_1_17' title='bbox 1124 302 1278 355; x_wconf 87' lang='lat' dir='ltr'>cuncti:</span> 
     </span>
     <span class='ocr_line' id='line_1_4' title="bbox 133 372 1454 429; baseline -0.006 -12"><span class='ocrx_word' id='word_1_18' title='bbox 133 374 382 429; x_wconf 78' lang='lat' dir='ltr'>Auspicibus</span> <span class='ocrx_word' id='word_1_19' title='bbox 410 372 527 413; x_wconf 92' lang='lat' dir='ltr'>uobis</span> <span class='ocrx_word' id='word_1_20' title='bbox 556 373 636 413; x_wconf 91' lang='lat' dir='ltr'>hoc</span> <span class='ocrx_word' id='word_1_21' title='bbox 664 372 759 412; x_wconf 89' lang='lat' dir='ltr'>mihi</span> <span class='ocrx_word' id='word_1_22' title='bbox 788 377 931 425; x_wconf 83' lang='lat' dir='ltr'>surgat</span> <span class='ocrx_word' id='word_1_23' title='bbox 959 373 1081 423; x_wconf 86' lang='lat' dir='ltr'>opus!</span> <span class='ocrx_word' id='word_1_24' title='bbox 1375 374 1454 410; x_wconf 85' lang='lat'><strong>830</strong></span> 
     </span>
     <span class='ocr_line' id='line_1_5' title="bbox 77 438 1250 498; baseline -0.007 -12"><span class='ocrx_word' id='word_1_25' title='bbox 77 446 222 498; x_wconf 85' lang='lat' dir='ltr'>Longa</span> <span class='ocrx_word' id='word_1_26' title='bbox 250 441 305 483; x_wconf 90' lang='lat' dir='ltr'>sit</span> <span class='ocrx_word' id='word_1_27' title='bbox 332 441 427 481; x_wconf 93' lang='lat' dir='ltr'>huic</span> <span class='ocrx_word' id='word_1_28' title='bbox 456 446 575 480; x_wconf 86' lang='lat' dir='ltr'>aetas</span> <span class='ocrx_word' id='word_1_29' title='bbox 604 439 870 492; x_wconf 80' lang='lat' dir='ltr'>dominaeque</span> <span class='ocrx_word' id='word_1_30' title='bbox 899 438 1080 491; x_wconf 87' lang='lat' dir='ltr'>potentia</span> <span class='ocrx_word' id='word_1_31' title='bbox 1109 445 1250 491; x_wconf 80' lang='lat' dir='ltr'>terrac,</span> 
     </span>
     <span class='ocr_line' id='line_1_6' title="bbox 133 506 1101 564; baseline -0.005 -12"><span class='ocrx_word' id='word_1_32' title='bbox 133 514 278 564; x_wconf 83' lang='lat' dir='ltr'>Sitque</span> <span class='ocrx_word' id='word_1_33' title='bbox 306 510 383 549; x_wconf 88' lang='lat' dir='ltr'>Sub</span> <span class='ocrx_word' id='word_1_34' title='bbox 413 509 492 549; x_wconf 87' lang='lat' dir='ltr'>hac</span> <span class='ocrx_word' id='word_1_35' title='bbox 520 508 654 548; x_wconf 89' lang='lat' dir='ltr'>oriens</span> <span class='ocrx_word' id='word_1_36' title='bbox 684 506 961 560; x_wconf 72' lang='lat' dir='ltr'>occiduusque</span> <span class='ocrx_word' id='word_1_37' title='bbox 991 507 1101 547; x_wconf 80' lang='lat' dir='ltr'>dies!</span> 
     </span>
     <span class='ocr_line' id='line_1_7' title="bbox 78 575 1061 632; baseline -0.008 -12"><span class='ocrx_word' id='word_1_38' title='bbox 78 581 148 620; x_wconf 90' lang='lat' dir='ltr'>Ille</span> <span class='ocrx_word' id='word_1_39' title='bbox 177 578 427 632; x_wconf 84' lang='lat' dir='ltr'>precabatur.</span> <span class='ocrx_word' id='word_1_40' title='bbox 465 577 616 617; x_wconf 83' lang='lat' dir='ltr'>tonitru</span> <span class='ocrx_word' id='word_1_41' title='bbox 646 576 758 615; x_wconf 81' lang='lat' dir='ltr'>dedit</span> <span class='ocrx_word' id='word_1_42' title='bbox 785 575 918 614; x_wconf 88' lang='lat' dir='ltr'>omina</span> <span class='ocrx_word' id='word_1_43' title='bbox 944 575 1061 613; x_wconf 86' lang='lat' dir='ltr'>laeuo</span> 
     </span>
     <span class='ocr_line' id='line_1_8' title="bbox 132 642 1017 699; baseline -0.007 -14"><span class='ocrx_word' id='word_1_44' title='bbox 132 646 322 699; x_wconf 81' lang='lat' dir='ltr'>Iuppiter,</span> <span class='ocrx_word' id='word_1_45' title='bbox 352 651 394 684; x_wconf 93' lang='lat' dir='ltr'>et</span> <span class='ocrx_word' id='word_1_46' title='bbox 422 646 540 684; x_wconf 89' lang='lat' dir='ltr'>laeuo</span> <span class='ocrx_word' id='word_1_47' title='bbox 568 645 733 684; x_wconf 84' lang='lat' dir='ltr'>fulmina</span> <span class='ocrx_word' id='word_1_48' title='bbox 760 643 886 682; x_wconf 89' lang='lat' dir='ltr'>missa</span> <span class='ocrx_word' id='word_1_49' title='bbox 913 642 1017 694; x_wconf 91' lang='lat' dir='ltr'>polo.</span> 
     </span>
     <span class='ocr_line' id='line_1_9' title="bbox 77 708 1456 767; baseline -0.005 -13"><span class='ocrx_word' id='word_1_50' title='bbox 77 712 259 767; x_wconf 85' lang='lat' dir='ltr'>Augurio</span> <span class='ocrx_word' id='word_1_51' title='bbox 292 714 389 753; x_wconf 86' lang='lat' dir='ltr'>laeti</span> <span class='ocrx_word' id='word_1_52' title='bbox 420 714 574 753; x_wconf 88' lang='lat' dir='ltr'>iaciunt</span> <span class='ocrx_word' id='word_1_53' title='bbox 605 711 836 752; x_wconf 84' lang='lat' dir='ltr'>fundamina</span> <span class='ocrx_word' id='word_1_54' title='bbox 865 708 994 762; x_wconf 83' lang='lat' dir='ltr'>ciues,</span> <span class='ocrx_word' id='word_1_55' title='bbox 1377 711 1456 748; x_wconf 79' lang='lat'>835</span> 
     </span>
     <span class='ocr_line' id='line_1_10' title="bbox 130 779 1026 834; baseline -0.006 -13"><span class='ocrx_word' id='word_1_56' title='bbox 130 783 187 821; x_wconf 87' lang='lat' dir='ltr'>Et</span> <span class='ocrx_word' id='word_1_57' title='bbox 210 793 342 821; x_wconf 90' lang='lat' dir='ltr'>nouus</span> <span class='ocrx_word' id='word_1_58' title='bbox 371 779 522 834; x_wconf 81' lang='lat' dir='ltr'>exiguo</span> <span class='ocrx_word' id='word_1_59' title='bbox 553 787 734 832; x_wconf 88' lang='lat' dir='ltr'>tempore</span> <span class='ocrx_word' id='word_1_60' title='bbox 762 791 899 818; x_wconf 87' lang='lat' dir='ltr'>murus</span> <span class='ocrx_word' id='word_1_61' title='bbox 927 782 1026 817; x_wconf 86' lang='lat' dir='ltr'>erat.</span> 
     </span>
     <span class='ocr_line' id='line_1_11' title="bbox 78 845 1327 901; baseline -0.004 -12"><span class='ocrx_word' id='word_1_62' title='bbox 78 850 170 889; x_wconf 89' lang='lat' dir='ltr'>Hoc</span> <span class='ocrx_word' id='word_1_63' title='bbox 203 849 324 889; x_wconf 85' lang='lat' dir='ltr'>Celer</span> <span class='ocrx_word' id='word_1_64' title='bbox 352 854 474 901; x_wconf 84' lang='lat' dir='ltr'>urget</span> <span class='ocrx_word' id='word_1_65' title='bbox 506 860 622 900; x_wconf 84' lang='lat' dir='ltr'>opus,</span> <span class='ocrx_word' id='word_1_66' title='bbox 654 859 773 900; x_wconf 88' lang='lat' dir='ltr'>quem</span> <span class='ocrx_word' id='word_1_67' title='bbox 802 846 1002 886; x_wconf 88' lang='lat' dir='ltr'>Romulus</span> <span class='ocrx_word' id='word_1_68' title='bbox 1030 845 1119 897; x_wconf 89' lang='lat' dir='ltr'>ipse</span> <span class='ocrx_word' id='word_1_69' title='bbox 1146 849 1327 897; x_wconf 82' lang='lat' dir='ltr'>uocarat,</span> 
     </span>
     <span class='ocr_line' id='line_1_12' title="bbox 135 913 1120 969; baseline -0.007 -12"><span class='ocrx_word' id='word_1_70' title='bbox 135 916 320 969; x_wconf 78' lang='lat' dir='ltr'>Simque,</span> <span class='ocrx_word' id='word_1_71' title='bbox 351 916 488 967; x_wconf 87' lang='lat' dir='ltr'>Celer,</span> <span class='ocrx_word' id='word_1_72' title='bbox 518 927 654 966; x_wconf 80' lang='lat' dir='ltr'>curae,</span> <span class='ocrx_word' id='word_1_73' title='bbox 686 914 862 967; x_wconf 83' lang='lat' dir='ltr'>dixerat,</span> <span class='ocrx_word' id='word_1_74' title='bbox 891 913 973 953; x_wconf 87' lang='lat' dir='ltr'>ista</span> <span class='ocrx_word' id='word_1_75' title='bbox 1001 917 1120 951; x_wconf 89' lang='lat' dir='ltr'>tuae:</span> 
     </span>
     <span class='ocr_line' id='line_1_13' title="bbox 81 979 1254 1036; baseline -0.003 -12"><span class='ocrx_word' id='word_1_76' title='bbox 81 984 203 1025; x_wconf 88' lang='lat' dir='ltr'>Neue</span> <span class='ocrx_word' id='word_1_77' title='bbox 232 984 323 1036; x_wconf 89' lang='lat' dir='ltr'>quis</span> <span class='ocrx_word' id='word_1_78' title='bbox 352 989 422 1024; x_wconf 91' lang='lat' dir='ltr'>aut</span> <span class='ocrx_word' id='word_1_79' title='bbox 450 995 598 1034; x_wconf 90' lang='lat' dir='ltr'>muros,</span> <span class='ocrx_word' id='word_1_80' title='bbox 628 988 699 1022; x_wconf 84' lang='lat' dir='ltr'>aut</span> <span class='ocrx_word' id='word_1_81' title='bbox 728 982 880 1023; x_wconf 87' lang='lat' dir='ltr'>factam</span> <span class='ocrx_word' id='word_1_82' title='bbox 906 992 1072 1020; x_wconf 91' lang='lat' dir='ltr'>uomere</span> <span class='ocrx_word' id='word_1_83' title='bbox 1101 979 1254 1020; x_wconf 89' lang='lat' dir='ltr'>fossam</span> 
     </span>
     <span class='ocr_line' id='line_1_14' title="bbox 135 1048 1464 1091; baseline -0.003 -1"><span class='ocrx_word' id='word_1_84' title='bbox 135 1052 350 1090; x_wconf 84' lang='lat' dir='ltr'>Transeat.</span> <span class='ocrx_word' id='word_1_85' title='bbox 391 1050 608 1091; x_wconf 86' lang='lat' dir='ltr'>audentem</span> <span class='ocrx_word' id='word_1_86' title='bbox 639 1050 734 1090; x_wconf 86' lang='lat' dir='ltr'>talia</span> <span class='ocrx_word' id='word_1_87' title='bbox 763 1049 869 1089; x_wconf 89' lang='lat' dir='ltr'>dede</span> <span class='ocrx_word' id='word_1_88' title='bbox 897 1048 1000 1089; x_wconf 88' lang='lat' dir='ltr'>neci.</span> <span class='ocrx_word' id='word_1_89' title='bbox 1384 1049 1464 1087; x_wconf 79' lang='grc'>840</span> 
     </span>
     <span class='ocr_line' id='line_1_15' title="bbox 83 1115 1262 1171; baseline -0.001 -15"><span class='ocrx_word' id='word_1_90' title='bbox 83 1116 202 1168; x_wconf 82' lang='lat' dir='ltr'>Quod</span> <span class='ocrx_word' id='word_1_91' title='bbox 231 1117 387 1158; x_wconf 89' lang='lat' dir='ltr'>Remus</span> <span class='ocrx_word' id='word_1_92' title='bbox 417 1119 612 1171; x_wconf 88' lang='lat' dir='ltr'>ignorans</span> <span class='ocrx_word' id='word_1_93' title='bbox 641 1115 815 1157; x_wconf 88' lang='lat' dir='ltr'>humiles</span> <span class='ocrx_word' id='word_1_94' title='bbox 840 1122 1101 1157; x_wconf 86' lang='lat' dir='ltr'>contemnere</span> <span class='ocrx_word' id='word_1_95' title='bbox 1125 1127 1262 1156; x_wconf 89' lang='lat' dir='ltr'>muros</span> 
     </span>
     <span class='ocr_line' id='line_1_16' title="bbox 138 1180 1143 1238; baseline -0.002 -13"><span class='ocrx_word' id='word_1_96' title='bbox 138 1184 287 1237; x_wconf 90' lang='lat' dir='ltr'>Coepit</span> <span class='ocrx_word' id='word_1_97' title='bbox 316 1191 369 1236; x_wconf 74' lang='lat' dir='ltr'>et&gt;</span> <span class='ocrx_word' id='word_1_98' title='bbox 397 1185 461 1224; x_wconf 92' lang='lat' dir='ltr'>his</span> <span class='ocrx_word' id='word_1_99' title='bbox 491 1186 678 1238; x_wconf 76' lang='lat' dir='ltr'>populus,</span> <span class='ocrx_word' id='word_1_100' title='bbox 708 1184 858 1237; x_wconf 84' lang='lat' dir='ltr'>dicere,</span> <span class='ocrx_word' id='word_1_101' title='bbox 888 1190 1003 1225; x_wconf 91' lang='lat' dir='ltr'>tutus</span> <span class='ocrx_word' id='word_1_102' title='bbox 1033 1180 1143 1223; x_wconf 67' lang='lat' dir='ltr'>erit?</span> 
     </span>
     <span class='ocr_line' id='line_1_17' title="bbox 83 1251 1262 1305; baseline -0.002 -13"><span class='ocrx_word' id='word_1_103' title='bbox 83 1251 178 1293; x_wconf 91' lang='lat' dir='ltr'>Nec</span> <span class='ocrx_word' id='word_1_104' title='bbox 205 1265 328 1305; x_wconf 87' lang='lat' dir='ltr'>mora,</span> <span class='ocrx_word' id='word_1_105' title='bbox 359 1253 572 1293; x_wconf 82' lang='lat' dir='ltr'>transiluit.</span> <span class='ocrx_word' id='word_1_106' title='bbox 610 1258 720 1293; x_wconf 87' lang='lat' dir='ltr'>rutro</span> <span class='ocrx_word' id='word_1_107' title='bbox 748 1252 869 1293; x_wconf 90' lang='lat' dir='ltr'>Celer</span> <span class='ocrx_word' id='word_1_108' title='bbox 898 1256 1077 1304; x_wconf 88' lang='lat' dir='ltr'>occupat</span> <span class='ocrx_word' id='word_1_109' title='bbox 1103 1262 1262 1302; x_wconf 88' lang='lat' dir='ltr'>ausum,</span> 
     </span>
    </p>
   </div>
   <div class='ocr_carea' id='block_1_3' title="bbox 0 1393 1484 2650">
    <p class='ocr_par' dir='ltr' id='par_1_3' title="bbox 30 1393 1480 1945">
     <span class='ocr_line' id='line_1_18' title="bbox 77 1393 1469 1444; baseline 0.001 -14"><span class='ocrx_word' id='word_1_110' title='bbox 77 1396 165 1432; x_wconf 88' lang='lat'><strong>828.</strong></span> <span class='ocrx_word' id='word_1_111' title='bbox 202 1400 289 1431; x_wconf 85' lang='lat' dir='ltr'>mat.</span> <span class='ocrx_word' id='word_1_112' title='bbox 317 1395 419 1432; x_wconf 78' lang='lat' dir='ltr'>adest</span> <span class='ocrx_word' id='word_1_113' title='bbox 444 1407 520 1432; x_wconf 82' lang='lat' dir='ltr'>ms.</span> <span class='ocrx_word' id='word_1_114' title='bbox 633 1397 720 1432; x_wconf 83' lang='lat'><strong>829.</strong></span> <span class='ocrx_word' id='word_1_115' title='bbox 755 1395 905 1444; x_wconf 88' lang='lat' dir='ltr'>Vosque</span> <span class='ocrx_word' id='word_1_116' title='bbox 930 1395 1028 1444; x_wconf 82' lang='lat' dir='ltr'>pium</span> <span class='ocrx_word' id='word_1_117' title='bbox 1055 1397 1101 1431; x_wconf 87' lang='grc' dir='ltr'>Ε.</span> <span class='ocrx_word' id='word_1_118' title='bbox 1149 1406 1221 1444; x_wconf 92' lang='lat' dir='ltr'>que</span> <span class='ocrx_word' id='word_1_119' title='bbox 1250 1393 1329 1443; x_wconf 90' lang='lat' dir='ltr'>pios</span> <span class='ocrx_word' id='word_1_120' title='bbox 1358 1399 1412 1431; x_wconf 88' lang='lat' dir='ltr'>est</span> <span class='ocrx_word' id='word_1_121' title='bbox 1437 1407 1469 1431; x_wconf 86' lang='lat' dir='ltr'>s.</span> 
     </span>
     <span class='ocr_line' id='line_1_19' title="bbox 30 1443 1471 1483; baseline -0.001 -1"><span class='ocrx_word' id='word_1_122' title='bbox 30 1444 199 1482; x_wconf 84' lang='lat' dir='ltr'>adhibete</span> <span class='ocrx_word' id='word_1_123' title='bbox 232 1451 316 1483; x_wconf 79' lang='lat' dir='ltr'>tres.</span> <span class='ocrx_word' id='word_1_124' title='bbox 372 1446 454 1482; x_wconf 82' lang='lat' dir='ltr'>adh.</span> <span class='ocrx_word' id='word_1_125' title='bbox 481 1446 541 1482; x_wconf 85' lang='lat' dir='ltr'>dei</span> <span class='ocrx_word' id='word_1_126' title='bbox 567 1443 614 1481; x_wconf 94' lang='grc' dir='ltr'><strong>Σ.</strong></span> <span class='ocrx_word' id='word_1_127' title='bbox 662 1446 749 1482; x_wconf 88' lang='lat' dir='ltr'>deos</span> <span class='ocrx_word' id='word_1_128' title='bbox 775 1446 927 1482; x_wconf 84' lang='lat' dir='ltr'>auertite</span> <span class='ocrx_word' id='word_1_129' title='bbox 952 1443 1009 1482; x_wconf 88' lang='lat' dir='ltr'>H.</span> <span class='ocrx_word' id='word_1_130' title='bbox 1057 1453 1204 1481; x_wconf 89' lang='lat' dir='ltr'>cunctos</span> <span class='ocrx_word' id='word_1_131' title='bbox 1230 1457 1337 1481; x_wconf 79' lang='lat' dir='ltr'>unus.</span> <span class='ocrx_word' id='word_1_132' title='bbox 1386 1444 1471 1481; x_wconf 86' lang='lat' dir='ltr'>adu.</span> 
     </span>
     <span class='ocr_line' id='line_1_20' title="bbox 31 1495 1474 1543; baseline 0 -11"><span class='ocrx_word' id='word_1_133' title='bbox 31 1497 119 1532; x_wconf 85' lang='lat' dir='ltr'>certi</span> <span class='ocrx_word' id='word_1_134' title='bbox 138 1508 243 1533; x_wconf 67' lang='lat' dir='ltr'>unus.</span> <span class='ocrx_word' id='word_1_135' title='bbox 283 1497 425 1535; x_wconf 84' lang='lat' dir='ltr'>aduert.</span> <span class='ocrx_word' id='word_1_136' title='bbox 452 1497 573 1532; x_wconf 85' lang='lat' dir='ltr'>uultus</span> <span class='ocrx_word' id='word_1_137' title='bbox 602 1500 648 1532; x_wconf 89' lang='lat'>12</span> <span class='ocrx_word' id='word_1_138' title='bbox 668 1501 753 1541; x_wconf 80' lang='lat' dir='ltr'>tres,</span> <span class='ocrx_word' id='word_1_139' title='bbox 779 1495 999 1532; x_wconf 70' lang='lat' dir='ltr'>ed.Mediol.</span> <span class='ocrx_word' id='word_1_140' title='bbox 1100 1499 1187 1532; x_wconf 86' lang='lat'><strong>830.</strong></span> <span class='ocrx_word' id='word_1_141' title='bbox 1215 1496 1326 1543; x_wconf 88' lang='lat' dir='ltr'>Ausp.</span> <span class='ocrx_word' id='word_1_142' title='bbox 1344 1496 1474 1532; x_wconf 86' lang='lat' dir='ltr'>nostris</span> 
     </span>
     <span class='ocr_line' id='line_1_21' title="bbox 33 1543 1475 1596; baseline 0.001 -15"><span class='ocrx_word' id='word_1_143' title='bbox 33 1545 94 1582; x_wconf 83' lang='lat' dir='ltr'><strong>A.</strong></span> <span class='ocrx_word' id='word_1_144' title='bbox 135 1547 347 1595; x_wconf 84' lang='lat' dir='ltr'>Auspicibus</span> <span class='ocrx_word' id='word_1_145' title='bbox 375 1547 475 1584; x_wconf 87' lang='lat' dir='ltr'>bonis</span> <span class='ocrx_word' id='word_1_146' title='bbox 500 1546 699 1592; x_wconf 58' lang='lat' dir='ltr'>fumuscr.</span> <span class='ocrx_word' id='word_1_147' title='bbox 750 1548 1035 1596; x_wconf 86' lang='lat' dir='ltr'>Auspicibusque</span> <span class='ocrx_word' id='word_1_148' title='bbox 1064 1547 1165 1581; x_wconf 87' lang='lat' dir='ltr'>bonis</span> <span class='ocrx_word' id='word_1_149' title='bbox 1199 1543 1311 1582; x_wconf 71' lang='lat' dir='ltr'>³PTr</span> <span class='ocrx_word' id='word_1_150' title='bbox 1322 1558 1475 1583; x_wconf 58' lang='lat' dir='ltr'>masec.</span> 
     </span>
     <span class='ocr_line' id='line_1_22' title="bbox 34 1594 1475 1646; baseline 0.001 -16"><span class='ocrx_word' id='word_1_151' title='bbox 34 1598 199 1631; x_wconf 85' lang='lat'><strong>122021</strong></span> <span class='ocrx_word' id='word_1_152' title='bbox 228 1599 390 1644; x_wconf 76' lang='lat' dir='ltr'>quinque.</span> <span class='ocrx_word' id='word_1_153' title='bbox 446 1598 692 1646; x_wconf 88' lang='lat' dir='ltr'>Auspiciisque</span> <span class='ocrx_word' id='word_1_154' title='bbox 726 1598 829 1633; x_wconf 90' lang='lat' dir='ltr'>bonis</span> <span class='ocrx_word' id='word_1_155' title='bbox 864 1609 969 1634; x_wconf 76' lang='lat' dir='ltr'>sma-</span> <span class='ocrx_word' id='word_1_156' title='bbox 989 1609 1045 1645; x_wconf 74' lang='lat' dir='ltr'>pr.</span> <span class='ocrx_word' id='word_1_157' title='bbox 1091 1597 1195 1632; x_wconf 83' lang='lat' dir='ltr'>michi</span> <span class='ocrx_word' id='word_1_158' title='bbox 1223 1594 1358 1632; x_wconf 83' lang='grc' dir='ltr'><strong>ΒΕΓ.</strong></span> <span class='ocrx_word' id='word_1_159' title='bbox 1406 1596 1475 1632; x_wconf 86' lang='lat' dir='ltr'>hoc</span> 
     </span>
     <span class='ocr_line' id='line_1_23' title="bbox 36 1643 1480 1695; baseline 0.001 -14"><span class='ocrx_word' id='word_1_160' title='bbox 36 1645 150 1681; x_wconf 88' lang='lat' dir='ltr'>modo</span> <span class='ocrx_word' id='word_1_161' title='bbox 176 1658 212 1694; x_wconf 73' lang='lat' dir='ltr'><strong>p.</strong></span> <span class='ocrx_word' id='word_1_162' title='bbox 261 1646 328 1681; x_wconf 77' lang='lat' dir='ltr'>hoc</span> <span class='ocrx_word' id='word_1_163' title='bbox 356 1647 465 1682; x_wconf 88' lang='lat' dir='ltr'>breue</span> <span class='ocrx_word' id='word_1_164' title='bbox 493 1651 553 1683; x_wconf 91' lang='grc'>11.</span> <span class='ocrx_word' id='word_1_165' title='bbox 592 1647 662 1683; x_wconf 89' lang='lat' dir='ltr'>hoc</span> <span class='ocrx_word' id='word_1_166' title='bbox 689 1648 781 1683; x_wconf 86' lang='lat' dir='ltr'>bene</span> <span class='ocrx_word' id='word_1_167' title='bbox 807 1649 868 1683; x_wconf 86' lang='lat'>48.</span> <span class='ocrx_word' id='word_1_168' title='bbox 974 1650 1058 1683; x_wconf 88' lang='lat'><strong>831.</strong></span> <span class='ocrx_word' id='word_1_169' title='bbox 1094 1643 1166 1683; x_wconf 72' lang='lat' dir='ltr'>aet.</span> <span class='ocrx_word' id='word_1_170' title='bbox 1186 1647 1416 1695; x_wconf 81' lang='lat' dir='ltr'>domitaeque</span> <span class='ocrx_word' id='word_1_171' title='bbox 1440 1645 1480 1682; x_wconf 92' lang='grc' dir='ltr'><em>Γ</em></span> 
     </span>
     <span class='ocr_line' id='line_1_24' title="bbox 36 1695 1476 1746; baseline 0.003 -16"><span class='ocrx_word' id='word_1_172' title='bbox 36 1699 84 1731; x_wconf 87' lang='grc'>12</span> <span class='ocrx_word' id='word_1_173' title='bbox 96 1699 156 1731; x_wconf 83' lang='grc'><strong>33.</strong></span> <span class='ocrx_word' id='word_1_174' title='bbox 259 1699 348 1732; x_wconf 83' lang='grc'><strong>832.</strong></span> <span class='ocrx_word' id='word_1_175' title='bbox 384 1697 501 1744; x_wconf 81' lang='lat' dir='ltr'>Atque</span> <span class='ocrx_word' id='word_1_176' title='bbox 527 1697 593 1732; x_wconf 90' lang='lat' dir='ltr'>sub</span> <span class='ocrx_word' id='word_1_177' title='bbox 619 1697 683 1732; x_wconf 87' lang='lat' dir='ltr'>Db</span> <span class='ocrx_word' id='word_1_178' title='bbox 702 1710 774 1733; x_wconf 81' lang='lat' dir='ltr'>ma.</span> <span class='ocrx_word' id='word_1_179' title='bbox 789 1710 846 1746; x_wconf 75' lang='lat' dir='ltr'>pr.</span> <span class='ocrx_word' id='word_1_180' title='bbox 896 1697 961 1733; x_wconf 82' lang='lat' dir='ltr'>hac</span> <span class='ocrx_word' id='word_1_181' title='bbox 988 1710 1056 1734; x_wconf 76' lang='lat' dir='ltr'>om.</span> <span class='ocrx_word' id='word_1_182' title='bbox 1077 1695 1115 1732; x_wconf 89' lang='grc' dir='ltr'><em>Γ</em></span> <span class='ocrx_word' id='word_1_183' title='bbox 1130 1710 1204 1733; x_wconf 75' lang='lat' dir='ltr'>ma.</span> <span class='ocrx_word' id='word_1_184' title='bbox 1221 1709 1277 1744; x_wconf 79' lang='lat' dir='ltr'>pr.</span> <span class='ocrx_word' id='word_1_185' title='bbox 1388 1700 1476 1734; x_wconf 87' lang='lat'><strong>833.</strong></span> 
     </span>
     <span class='ocr_line' id='line_1_25' title="bbox 35 1744 1477 1795; baseline 0.003 -14"><span class='ocrx_word' id='word_1_186' title='bbox 35 1746 208 1795; x_wconf 73' lang='lat' dir='ltr'>praecal).</span> <span class='ocrx_word' id='word_1_187' title='bbox 237 1749 329 1782; x_wconf 88' lang='lat' dir='ltr'><strong>DE.</strong></span> <span class='ocrx_word' id='word_1_188' title='bbox 381 1746 446 1782; x_wconf 88' lang='lat' dir='ltr'>Ille</span> <span class='ocrx_word' id='word_1_189' title='bbox 473 1747 688 1794; x_wconf 85' lang='lat' dir='ltr'>loquebatur</span> <span class='ocrx_word' id='word_1_190' title='bbox 721 1750 884 1795; x_wconf 72' lang='lat' dir='ltr'>quinque.</span> <span class='ocrx_word' id='word_1_191' title='bbox 932 1748 1031 1783; x_wconf 85' lang='lat' dir='ltr'>dedit</span> <span class='ocrx_word' id='word_1_192' title='bbox 1064 1748 1182 1782; x_wconf 86' lang='lat' dir='ltr'>omnia</span> <span class='ocrx_word' id='word_1_193' title='bbox 1210 1744 1353 1795; x_wconf 82' lang='lat' dir='ltr'><strong>(DMp.</strong></span> <span class='ocrx_word' id='word_1_194' title='bbox 1404 1760 1477 1785; x_wconf 83' lang='lat' dir='ltr'>om.</span> 
     </span>
     <span class='ocr_line' id='line_1_26' title="bbox 35 1795 1479 1845; baseline 0.002 -14"><span class='ocrx_word' id='word_1_195' title='bbox 35 1796 163 1832; x_wconf 84' lang='lat' dir='ltr'>dextra</span> <span class='ocrx_word' id='word_1_196' title='bbox 196 1797 225 1832; x_wconf 85' lang='lat' dir='ltr'><strong><em>G</em></strong></span> <span class='ocrx_word' id='word_1_197' title='bbox 242 1808 323 1833; x_wconf 74' lang='lat' dir='ltr'>nar.</span> <span class='ocrx_word' id='word_1_198' title='bbox 339 1808 408 1832; x_wconf 82' lang='lat' dir='ltr'>scr.</span> <span class='ocrx_word' id='word_1_199' title='bbox 460 1809 530 1832; x_wconf 86' lang='lat' dir='ltr'>om.</span> <span class='ocrx_word' id='word_1_200' title='bbox 563 1797 658 1832; x_wconf 81' lang='lat' dir='ltr'>laeta</span> <span class='ocrx_word' id='word_1_201' title='bbox 696 1795 735 1832; x_wconf 74' lang='lat' dir='ltr'>(D</span> <span class='ocrx_word' id='word_1_202' title='bbox 754 1802 799 1832; x_wconf 84' lang='grc'>12</span> <span class='ocrx_word' id='word_1_203' title='bbox 812 1800 871 1832; x_wconf 88' lang='grc'><strong>20.</strong></span> <span class='ocrx_word' id='word_1_204' title='bbox 920 1810 990 1832; x_wconf 79' lang='lat' dir='ltr'>orn.</span> <span class='ocrx_word' id='word_1_205' title='bbox 1020 1798 1114 1832; x_wconf 71' lang='lat' dir='ltr'>laeto</span> <span class='ocrx_word' id='word_1_206' title='bbox 1148 1799 1216 1844; x_wconf 77' lang='lat'>443</span> <span class='ocrx_word' id='word_1_207' title='bbox 1244 1797 1479 1845; x_wconf 75' lang='lat' dir='ltr'>bpuar.scr.</span> 
     </span>
     <span class='ocr_line' id='line_1_27' title="bbox 36 1845 1478 1895; baseline 0.001 -13"><span class='ocrx_word' id='word_1_208' title='bbox 36 1859 109 1886; x_wconf 83' lang='lat' dir='ltr'>om.</span> <span class='ocrx_word' id='word_1_209' title='bbox 135 1847 244 1895; x_wconf 84' lang='lat' dir='ltr'>plena</span> <span class='ocrx_word' id='word_1_210' title='bbox 267 1858 298 1882; x_wconf 90' lang='lat' dir='ltr'>s.</span> <span class='ocrx_word' id='word_1_211' title='bbox 339 1859 409 1882; x_wconf 82' lang='lat' dir='ltr'>orn.</span> <span class='ocrx_word' id='word_1_212' title='bbox 438 1847 543 1882; x_wconf 83' lang='lat' dir='ltr'>laeua</span> <span class='ocrx_word' id='word_1_213' title='bbox 567 1859 672 1883; x_wconf 69' lang='lat' dir='ltr'>tutus.</span> <span class='ocrx_word' id='word_1_214' title='bbox 777 1850 863 1883; x_wconf 76' lang='grc'><strong>834.</strong></span> <span class='ocrx_word' id='word_1_215' title='bbox 891 1848 999 1882; x_wconf 84' lang='lat' dir='ltr'>Tunc</span> <span class='ocrx_word' id='word_1_216' title='bbox 1024 1847 1123 1882; x_wconf 80' lang='lat' dir='ltr'>dedit</span> <span class='ocrx_word' id='word_1_217' title='bbox 1149 1854 1184 1882; x_wconf 88' lang='lat' dir='ltr'>et</span> <span class='ocrx_word' id='word_1_218' title='bbox 1211 1848 1305 1885; x_wconf 82' lang='lat' dir='ltr'>laen.</span> <span class='ocrx_word' id='word_1_219' title='bbox 1332 1845 1378 1884; x_wconf 88' lang='grc' dir='ltr'><strong>Σ.</strong></span> <span class='ocrx_word' id='word_1_220' title='bbox 1420 1849 1478 1884; x_wconf 87' lang='lat' dir='ltr'>lu-</span> 
     </span>
     <span class='ocr_line' id='line_1_28' title="bbox 37 1897 1476 1945; baseline 0.001 -13"><span class='ocrx_word' id='word_1_221' title='bbox 37 1897 136 1945; x_wconf 88' lang='lat' dir='ltr'>piter</span> <span class='ocrx_word' id='word_1_222' title='bbox 162 1899 207 1933; x_wconf 90' lang='lat' dir='ltr'><strong>E.</strong></span> <span class='ocrx_word' id='word_1_223' title='bbox 247 1897 383 1945; x_wconf 85' lang='lat' dir='ltr'>Iopiter</span> <span class='ocrx_word' id='word_1_224' title='bbox 408 1899 453 1933; x_wconf 87' lang='lat' dir='ltr'><strong>P.</strong></span> <span class='ocrx_word' id='word_1_225' title='bbox 502 1897 608 1945; x_wconf 88' lang='lat' dir='ltr'><strong>Iupp.</strong></span> <span class='ocrx_word' id='word_1_226' title='bbox 638 1909 658 1933; x_wconf 93' lang='lat' dir='ltr'>e</span> <span class='ocrx_word' id='word_1_227' title='bbox 684 1898 789 1933; x_wconf 86' lang='lat' dir='ltr'>laeuo</span> <span class='ocrx_word' id='word_1_228' title='bbox 818 1901 877 1933; x_wconf 84' lang='lat'><strong>12.</strong></span> <span class='ocrx_word' id='word_1_229' title='bbox 920 1904 956 1932; x_wconf 78' lang='lat' dir='ltr'>et</span> <span class='ocrx_word' id='word_1_230' title='bbox 982 1898 1108 1932; x_wconf 79' lang='lat' dir='ltr'>dextro</span> <span class='ocrx_word' id='word_1_231' title='bbox 1134 1897 1236 1934; x_wconf 76' lang='lat' dir='ltr'>sulm.</span> <span class='ocrx_word' id='word_1_232' title='bbox 1267 1899 1476 1934; x_wconf 58' lang='lat' dir='ltr'>Gaianscr.</span> 
     </span>
    </p>

    <p class='ocr_par' dir='ltr' id='par_1_4' title="bbox 36 1946 1484 2346">
     <span class='ocr_line' id='line_1_29' title="bbox 87 1946 1478 1995; baseline 0.001 -13"><span class='ocrx_word' id='word_1_233' title='bbox 87 1948 173 1982; x_wconf 81' lang='lat'><strong>835.</strong></span> <span class='ocrx_word' id='word_1_234' title='bbox 203 1951 294 1995; x_wconf 85' lang='lat' dir='ltr'><strong>Aug.</strong></span> <span class='ocrx_word' id='word_1_235' title='bbox 315 1948 410 1982; x_wconf 80' lang='lat' dir='ltr'>laeto</span> <span class='ocrx_word' id='word_1_236' title='bbox 429 1959 461 1983; x_wconf 89' lang='lat' dir='ltr'>s.</span> <span class='ocrx_word' id='word_1_237' title='bbox 504 1947 588 1982; x_wconf 79' lang='lat' dir='ltr'>laeti</span> <span class='ocrx_word' id='word_1_238' title='bbox 614 1946 751 1989; x_wconf 70' lang='lat' dir='ltr'>faciunt</span> <span class='ocrx_word' id='word_1_239' title='bbox 775 1949 806 1982; x_wconf 82' lang='grc' dir='ltr'>Β</span> <span class='ocrx_word' id='word_1_240' title='bbox 823 1949 1041 1995; x_wconf 58' lang='lat' dir='ltr'>Ciminum.</span> <span class='ocrx_word' id='word_1_241' title='bbox 1062 1952 1145 1983; x_wconf 70' lang='lat' dir='ltr'>tres.</span> <span class='ocrx_word' id='word_1_242' title='bbox 1248 1950 1334 1984; x_wconf 83' lang='lat'><strong>836.</strong></span> <span class='ocrx_word' id='word_1_243' title='bbox 1362 1961 1478 1984; x_wconf 85' lang='lat' dir='ltr'>nouus</span> 
     </span>
     <span class='ocr_line' id='line_1_30' title="bbox 37 1997 1478 2047; baseline 0.002 -15"><span class='ocrx_word' id='word_1_244' title='bbox 37 2009 83 2033; x_wconf 80' lang='lat' dir='ltr'>ex</span> <span class='ocrx_word' id='word_1_245' title='bbox 109 1997 170 2032; x_wconf 91' lang='lat' dir='ltr'>illo</span> <span class='ocrx_word' id='word_1_246' title='bbox 198 2003 308 2046; x_wconf 84' lang='lat' dir='ltr'>temp.</span> <span class='ocrx_word' id='word_1_247' title='bbox 335 2001 421 2033; x_wconf 80' lang='lat' dir='ltr'>tres.</span> <span class='ocrx_word' id='word_1_248' title='bbox 525 1999 611 2033; x_wconf 89' lang='grc'><strong>837.</strong></span> <span class='ocrx_word' id='word_1_249' title='bbox 641 2011 701 2047; x_wconf 81' lang='lat' dir='ltr'>op.</span> <span class='ocrx_word' id='word_1_250' title='bbox 724 1998 820 2045; x_wconf 85' lang='lat' dir='ltr'>quod</span> <span class='ocrx_word' id='word_1_251' title='bbox 848 2012 937 2033; x_wconf 87' lang='lat' dir='ltr'>rom.</span> <span class='ocrx_word' id='word_1_252' title='bbox 964 2003 1048 2034; x_wconf 78' lang='lat' dir='ltr'>tres.</span> <span class='ocrx_word' id='word_1_253' title='bbox 1087 1999 1163 2047; x_wconf 80' lang='lat' dir='ltr'>ipse</span> <span class='ocrx_word' id='word_1_254' title='bbox 1190 2000 1336 2035; x_wconf 80' lang='lat' dir='ltr'>uocauit</span> <span class='ocrx_word' id='word_1_255' title='bbox 1360 2000 1478 2036; x_wconf 80' lang='lat' dir='ltr'>Ama.</span> 
     </span>
     <span class='ocr_line' id='line_1_31' title="bbox 36 2046 1481 2098; baseline 0.001 -15"><span class='ocrx_word' id='word_1_256' title='bbox 36 2049 291 2096; x_wconf 76' lang='lat' dir='ltr'><strong>pr.Ema.pr.</strong></span> <span class='ocrx_word' id='word_1_257' title='bbox 401 2049 487 2083; x_wconf 86' lang='lat'><strong>838.</strong></span> <span class='ocrx_word' id='word_1_258' title='bbox 525 2047 596 2083; x_wconf 81' lang='lat' dir='ltr'>dix.</span> <span class='ocrx_word' id='word_1_259' title='bbox 623 2048 689 2084; x_wconf 85' lang='lat' dir='ltr'>iste</span> <span class='ocrx_word' id='word_1_260' title='bbox 716 2049 944 2098; x_wconf 70' lang='lat' dir='ltr'>BGma.pr.</span> <span class='ocrx_word' id='word_1_261' title='bbox 958 2046 1010 2086; x_wconf 86' lang='lat' dir='ltr'>A.</span> <span class='ocrx_word' id='word_1_262' title='bbox 1120 2051 1206 2086; x_wconf 83' lang='lat'><strong>839.</strong></span> <span class='ocrx_word' id='word_1_263' title='bbox 1241 2049 1298 2085; x_wconf 89' lang='lat' dir='ltr'>Ne</span> <span class='ocrx_word' id='word_1_264' title='bbox 1327 2051 1405 2098; x_wconf 81' lang='lat' dir='ltr'>quis</span> <span class='ocrx_word' id='word_1_265' title='bbox 1432 2050 1481 2084; x_wconf 84' lang='lat' dir='ltr'>ait</span> 
     </span>
     <span class='ocr_line' id='line_1_32' title="bbox 39 2094 1481 2147; baseline 0.002 -15"><span class='ocrx_word' id='word_1_266' title='bbox 39 2110 161 2133; x_wconf 84' lang='lat' dir='ltr'>muros</span> <span class='ocrx_word' id='word_1_267' title='bbox 186 2094 232 2133; x_wconf 88' lang='grc' dir='ltr'><strong>Σ.</strong></span> <span class='ocrx_word' id='word_1_268' title='bbox 270 2098 348 2146; x_wconf 91' lang='lat' dir='ltr'>quis</span> <span class='ocrx_word' id='word_1_269' title='bbox 375 2097 420 2132; x_wconf 84' lang='lat' dir='ltr'>ad</span> <span class='ocrx_word' id='word_1_270' title='bbox 448 2110 570 2134; x_wconf 86' lang='lat' dir='ltr'>muros</span> <span class='ocrx_word' id='word_1_271' title='bbox 595 2098 662 2146; x_wconf 71' lang='lat' dir='ltr'>Ay</span> <span class='ocrx_word' id='word_1_272' title='bbox 678 2102 735 2134; x_wconf 84' lang='lat'><strong>12.</strong></span> <span class='ocrx_word' id='word_1_273' title='bbox 774 2110 894 2134; x_wconf 85' lang='lat' dir='ltr'>muros</span> <span class='ocrx_word' id='word_1_274' title='bbox 921 2106 957 2134; x_wconf 90' lang='lat' dir='ltr'>et</span> <span class='ocrx_word' id='word_1_275' title='bbox 982 2099 1114 2135; x_wconf 83' lang='lat' dir='ltr'>factam</span> <span class='ocrx_word' id='word_1_276' title='bbox 1141 2111 1177 2147; x_wconf 82' lang='lat'><strong>9.</strong></span> <span class='ocrx_word' id='word_1_277' title='bbox 1217 2112 1338 2135; x_wconf 86' lang='lat' dir='ltr'>muros</span> <span class='ocrx_word' id='word_1_278' title='bbox 1365 2100 1388 2135; x_wconf 89' lang='lat' dir='ltr'>l’</span> <span class='ocrx_word' id='word_1_279' title='bbox 1406 2098 1481 2134; x_wconf 86' lang='lat' dir='ltr'>sra-</span> 
     </span>
     <span class='ocr_line' id='line_1_33' title="bbox 38 2148 1484 2198; baseline 0.001 -14"><span class='ocrx_word' id='word_1_280' title='bbox 38 2154 134 2184; x_wconf 81' lang='lat' dir='ltr'>ctam</span> <span class='ocrx_word' id='word_1_281' title='bbox 160 2151 206 2184; x_wconf 90' lang='lat' dir='ltr'><strong>E.</strong></span> <span class='ocrx_word' id='word_1_282' title='bbox 249 2155 312 2183; x_wconf 80' lang='lat' dir='ltr'>aut</span> <span class='ocrx_word' id='word_1_283' title='bbox 338 2154 468 2183; x_wconf 79' lang='lat' dir='ltr'>tactam</span> <span class='ocrx_word' id='word_1_284' title='bbox 498 2151 577 2184; x_wconf 82' lang='lat' dir='ltr'>Zm</span> <span class='ocrx_word' id='word_1_285' title='bbox 603 2148 684 2185; x_wconf 80' lang='lat' dir='ltr'>dno.</span> <span class='ocrx_word' id='word_1_286' title='bbox 733 2156 796 2184; x_wconf 83' lang='lat' dir='ltr'>aut</span> <span class='ocrx_word' id='word_1_287' title='bbox 822 2161 979 2198; x_wconf 83' lang='lat' dir='ltr'>pressam</span> <span class='ocrx_word' id='word_1_288' title='bbox 1008 2162 1112 2185; x_wconf 78' lang='lat' dir='ltr'>muts.</span> <span class='ocrx_word' id='word_1_289' title='bbox 1156 2150 1308 2185; x_wconf 70' lang='lat' dir='ltr'>fractam</span> <span class='ocrx_word' id='word_1_290' title='bbox 1334 2162 1484 2185; x_wconf 85' lang='lat' dir='ltr'>uomere</span> 
     </span>
     <span class='ocr_line' id='line_1_34' title="bbox 38 2200 1483 2236; baseline 0.001 -3"><span class='ocrx_word' id='word_1_291' title='bbox 38 2203 172 2234; x_wconf 87' lang='lat' dir='ltr'>terram</span> <span class='ocrx_word' id='word_1_292' title='bbox 192 2200 295 2234; x_wconf 74' lang='lat'><strong>1329.</strong></span> <span class='ocrx_word' id='word_1_293' title='bbox 336 2205 399 2234; x_wconf 86' lang='lat' dir='ltr'>aut</span> <span class='ocrx_word' id='word_1_294' title='bbox 417 2204 549 2234; x_wconf 79' lang='lat' dir='ltr'>tactam</span> <span class='ocrx_word' id='word_1_295' title='bbox 570 2211 668 2236; x_wconf 88' lang='lat' dir='ltr'>uom.</span> <span class='ocrx_word' id='word_1_296' title='bbox 687 2205 820 2236; x_wconf 80' lang='lat' dir='ltr'>terrain</span> <span class='ocrx_word' id='word_1_297' title='bbox 843 2201 891 2235; x_wconf 93' lang='lat' dir='ltr'><strong>N.</strong></span> <span class='ocrx_word' id='word_1_298' title='bbox 930 2207 991 2235; x_wconf 79' lang='lat' dir='ltr'>aut</span> <span class='ocrx_word' id='word_1_299' title='bbox 1016 2202 1149 2236; x_wconf 75' lang='lat' dir='ltr'>fossam</span> <span class='ocrx_word' id='word_1_300' title='bbox 1178 2212 1324 2236; x_wconf 85' lang='lat' dir='ltr'>uomere</span> <span class='ocrx_word' id='word_1_301' title='bbox 1349 2200 1483 2235; x_wconf 81' lang='lat' dir='ltr'>factam</span> 
     </span>
     <span class='ocr_line' id='line_1_35' title="bbox 39 2245 1483 2299; baseline 0.001 -14"><span class='ocrx_word' id='word_1_302' title='bbox 39 2245 90 2285; x_wconf 79' lang='grc' dir='ltr'><strong>Σ.</strong></span> <span class='ocrx_word' id='word_1_303' title='bbox 130 2255 194 2284; x_wconf 83' lang='lat' dir='ltr'>aut</span> <span class='ocrx_word' id='word_1_304' title='bbox 214 2248 331 2283; x_wconf 76' lang='lat' dir='ltr'>factos</span> <span class='ocrx_word' id='word_1_305' title='bbox 351 2261 448 2284; x_wconf 88' lang='lat' dir='ltr'>uom.</span> <span class='ocrx_word' id='word_1_306' title='bbox 474 2249 590 2285; x_wconf 85' lang='lat' dir='ltr'>sulcos</span> <span class='ocrx_word' id='word_1_307' title='bbox 611 2252 647 2286; x_wconf 88' lang='grc'><strong>6.</strong></span> <span class='ocrx_word' id='word_1_308' title='bbox 686 2256 748 2286; x_wconf 81' lang='lat' dir='ltr'>aut</span> <span class='ocrx_word' id='word_1_309' title='bbox 776 2262 914 2286; x_wconf 84' lang='lat' dir='ltr'>uersam</span> <span class='ocrx_word' id='word_1_310' title='bbox 933 2263 1029 2286; x_wconf 87' lang='lat' dir='ltr'>uom.</span> <span class='ocrx_word' id='word_1_311' title='bbox 1050 2257 1180 2286; x_wconf 79' lang='lat' dir='ltr'>terram</span> <span class='ocrx_word' id='word_1_312' title='bbox 1201 2254 1261 2285; x_wconf 92' lang='grc'>12.</span> <span class='ocrx_word' id='word_1_313' title='bbox 1300 2258 1362 2286; x_wconf 83' lang='lat' dir='ltr'>aut</span> <span class='ocrx_word' id='word_1_314' title='bbox 1383 2262 1483 2299; x_wconf 80' lang='lat' dir='ltr'>pres·-</span> 
     </span>
     <span class='ocr_line' id='line_1_36' title="bbox 44 2299 1382 2346; baseline 0.001 -12"><span class='ocrx_word' id='word_1_315' title='bbox 44 2310 121 2334; x_wconf 84' lang='lat' dir='ltr'>sam</span> <span class='ocrx_word' id='word_1_316' title='bbox 156 2311 253 2334; x_wconf 87' lang='lat' dir='ltr'>uom.</span> <span class='ocrx_word' id='word_1_317' title='bbox 283 2306 414 2333; x_wconf 81' lang='lat' dir='ltr'>terram</span> <span class='ocrx_word' id='word_1_318' title='bbox 433 2302 506 2335; x_wconf 71' lang='lat'><strong>20.</strong></span> <span class='ocrx_word' id='word_1_319' title='bbox 541 2299 687 2335; x_wconf 68' lang='lat' dir='ltr'>‘factam</span> <span class='ocrx_word' id='word_1_320' title='bbox 716 2301 861 2336; x_wconf 86' lang='lat' dir='ltr'>nomine</span> <span class='ocrx_word' id='word_1_321' title='bbox 891 2299 920 2346; x_wconf 75' lang='lat' dir='ltr'><strong>f.</strong></span> <span class='ocrx_word' id='word_1_322' title='bbox 984 2314 1130 2337; x_wconf 83' lang='lat' dir='ltr'>uornere</span> <span class='ocrx_word' id='word_1_323' title='bbox 1161 2307 1293 2336; x_wconf 81' lang='lat' dir='ltr'>terram</span> <span class='ocrx_word' id='word_1_324' title='bbox 1323 2304 1382 2336; x_wconf 89' lang='lat'><strong>10.</strong></span> 
     </span>
    </p>

    <p class='ocr_par' dir='ltr' id='par_1_5' title="bbox 45 2348 1484 2538">
     <span class='ocr_line' id='line_1_37' title="bbox 93 2348 1483 2399; baseline 0.001 -15"><span class='ocrx_word' id='word_1_325' title='bbox 93 2350 180 2384; x_wconf 83' lang='lat'><strong>840.</strong></span> <span class='ocrx_word' id='word_1_326' title='bbox 207 2349 294 2384; x_wconf 81' lang='lat' dir='ltr'>talia</span> <span class='ocrx_word' id='word_1_327' title='bbox 321 2348 432 2384; x_wconf 82' lang='lat' dir='ltr'>redde</span> <span class='ocrx_word' id='word_1_328' title='bbox 459 2351 585 2385; x_wconf 80' lang='lat' dir='ltr'>Nma.</span> <span class='ocrx_word' id='word_1_329' title='bbox 605 2363 673 2386; x_wconf 83' lang='lat' dir='ltr'>sec.</span> <span class='ocrx_word' id='word_1_330' title='bbox 776 2352 862 2387; x_wconf 77' lang='lat'><strong>841.</strong></span> <span class='ocrx_word' id='word_1_331' title='bbox 890 2351 996 2393; x_wconf 87' lang='lat' dir='ltr'>Quae</span> <span class='ocrx_word' id='word_1_332' title='bbox 1022 2363 1109 2387; x_wconf 79' lang='lat' dir='ltr'>rem.</span> <span class='ocrx_word' id='word_1_333' title='bbox 1138 2350 1168 2396; x_wconf 72' lang='lat' dir='ltr'><strong>f.</strong></span> <span class='ocrx_word' id='word_1_334' title='bbox 1209 2351 1305 2390; x_wconf 86' lang='lat' dir='ltr'>hum.</span> <span class='ocrx_word' id='word_1_335' title='bbox 1333 2356 1483 2399; x_wconf 85' lang='lat' dir='ltr'>contep-</span> 
     </span>
     <span class='ocr_line' id='line_1_38' title="bbox 45 2398 1484 2447; baseline 0.002 -14"><span class='ocrx_word' id='word_1_336' title='bbox 45 2409 133 2435; x_wconf 86' lang='lat' dir='ltr'>nere</span> <span class='ocrx_word' id='word_1_337' title='bbox 154 2401 199 2436; x_wconf 88' lang='lat' dir='ltr'><strong>G.</strong></span> <span class='ocrx_word' id='word_1_338' title='bbox 239 2405 496 2447; x_wconf 75' lang='lat' dir='ltr'>contempnere</span> <span class='ocrx_word' id='word_1_339' title='bbox 512 2398 644 2436; x_wconf 85' lang='grc' dir='ltr'><strong>ΒΕΓ.</strong></span> <span class='ocrx_word' id='word_1_340' title='bbox 685 2401 783 2437; x_wconf 78' lang='lat' dir='ltr'>lium.</span> <span class='ocrx_word' id='word_1_341' title='bbox 800 2401 1172 2437; x_wconf 67' lang='lat' dir='ltr'>transcenderemus.</span> <span class='ocrx_word' id='word_1_342' title='bbox 1274 2402 1360 2437; x_wconf 82' lang='grc'><strong>842.</strong></span> <span class='ocrx_word' id='word_1_343' title='bbox 1389 2402 1484 2438; x_wconf 82' lang='lat' dir='ltr'>Coe-</span> 
     </span>
     <span class='ocr_line' id='line_1_39' title="bbox 45 2448 1481 2500; baseline 0.002 -17"><span class='ocrx_word' id='word_1_344' title='bbox 45 2448 99 2498; x_wconf 83' lang='lat' dir='ltr'>pit</span> <span class='ocrx_word' id='word_1_345' title='bbox 123 2449 157 2483; x_wconf 90' lang='lat' dir='ltr'>in</span> <span class='ocrx_word' id='word_1_346' title='bbox 183 2449 235 2484; x_wconf 87' lang='lat' dir='ltr'>his</span> <span class='ocrx_word' id='word_1_347' title='bbox 260 2449 522 2498; x_wconf 76' lang='lat' dir='ltr'><strong>AGAp433</strong></span> <span class='ocrx_word' id='word_1_348' title='bbox 533 2450 580 2486; x_wconf 91' lang='grc'>43</span> <span class='ocrx_word' id='word_1_349' title='bbox 602 2450 710 2487; x_wconf 75' lang='lat' dir='ltr'>alius.</span> <span class='ocrx_word' id='word_1_350' title='bbox 751 2458 787 2487; x_wconf 87' lang='lat' dir='ltr'>et</span> <span class='ocrx_word' id='word_1_351' title='bbox 812 2452 841 2487; x_wconf 91' lang='lat' dir='ltr'>is</span> <span class='ocrx_word' id='word_1_352' title='bbox 869 2464 954 2500; x_wconf 83' lang='lat' dir='ltr'><strong>pop.</strong></span> <span class='ocrx_word' id='word_1_353' title='bbox 983 2449 1072 2487; x_wconf 84' lang='grc' dir='ltr'><strong>ΕΣ.</strong></span> <span class='ocrx_word' id='word_1_354' title='bbox 1112 2451 1179 2487; x_wconf 84' lang='lat' dir='ltr'>dic.</span> <span class='ocrx_word' id='word_1_355' title='bbox 1208 2458 1304 2487; x_wconf 89' lang='lat' dir='ltr'>totus</span> <span class='ocrx_word' id='word_1_356' title='bbox 1330 2454 1375 2487; x_wconf 92' lang='lat' dir='ltr'><strong>P.</strong></span> <span class='ocrx_word' id='word_1_357' title='bbox 1413 2457 1481 2487; x_wconf 88' lang='lat' dir='ltr'>tut.</span> 
     </span>
     <span class='ocr_line' id='line_1_40' title="bbox 47 2500 1484 2538; baseline 0.003 -5"><span class='ocrx_word' id='word_1_358' title='bbox 47 2503 124 2533; x_wconf 83' lang='lat' dir='ltr'>erat</span> <span class='ocrx_word' id='word_1_359' title='bbox 150 2500 209 2535; x_wconf 92' lang='lat' dir='ltr'><strong>M.</strong></span> <span class='ocrx_word' id='word_1_360' title='bbox 249 2505 317 2535; x_wconf 92' lang='lat' dir='ltr'>tut.</span> <span class='ocrx_word' id='word_1_361' title='bbox 341 2501 410 2535; x_wconf 88' lang='lat' dir='ltr'>eris</span> <span class='ocrx_word' id='word_1_362' title='bbox 442 2503 501 2536; x_wconf 92' lang='lat' dir='ltr'>ll.</span> <span class='ocrx_word' id='word_1_363' title='bbox 538 2506 542 2510; x_wconf 63' lang='lat'><strong><em>⁴</em></strong></span> <span class='ocrx_word' id='word_1_364' title='bbox 603 2502 687 2537; x_wconf 86' lang='lat'><strong>843.</strong></span> <span class='ocrx_word' id='word_1_365' title='bbox 714 2513 815 2537; x_wconf 85' lang='lat' dir='ltr'>mora</span> <span class='ocrx_word' id='word_1_366' title='bbox 841 2502 1007 2537; x_wconf 83' lang='lat' dir='ltr'>transiuit</span> <span class='ocrx_word' id='word_1_367' title='bbox 1039 2500 1088 2537; x_wconf 76' lang='lat' dir='ltr'><strong>(D.</strong></span> <span class='ocrx_word' id='word_1_368' title='bbox 1130 2502 1293 2537; x_wconf 82' lang='lat' dir='ltr'>transiliit</span> <span class='ocrx_word' id='word_1_369' title='bbox 1319 2501 1400 2538; x_wconf 64' lang='lat' dir='ltr'>libri</span> <span class='ocrx_word' id='word_1_370' title='bbox 1424 2513 1484 2538; x_wconf 79' lang='lat' dir='ltr'>rc—</span> 
     </span>
    </p>

    <p class='ocr_par' dir='ltr' id='par_1_6' title="bbox 0 2545 1484 2650">
     <span class='ocr_line' id='line_1_41' title="bbox 47 2545 1484 2599; baseline 0.003 -17"><span class='ocrx_word' id='word_1_371' title='bbox 47 2545 137 2594; x_wconf 71' lang='lat' dir='ltr'>liqui</span> <span class='ocrx_word' id='word_1_372' title='bbox 153 2553 295 2596; x_wconf 79' lang='lat' dir='ltr'>praeter</span> <span class='ocrx_word' id='word_1_373' title='bbox 313 2550 391 2586; x_wconf 83' lang='lat' dir='ltr'>AG</span> <span class='ocrx_word' id='word_1_374' title='bbox 398 2547 461 2586; x_wconf 88' lang='lat' dir='ltr'>FI</span> <span class='ocrx_word' id='word_1_375' title='bbox 465 2547 525 2586; x_wconf 78' lang='lat' dir='ltr'>&#39;N</span> <span class='ocrx_word' id='word_1_376' title='bbox 531 2547 568 2586; x_wconf 84' lang='grc' dir='ltr'><em>Ρ</em></span> <span class='ocrx_word' id='word_1_377' title='bbox 574 2549 597 2596; x_wconf 78' lang='lat' dir='ltr'><strong><em>f</em></strong></span> <span class='ocrx_word' id='word_1_378' title='bbox 600 2563 622 2599; x_wconf 72' lang='lat'><em>9</em></span> <span class='ocrx_word' id='word_1_379' title='bbox 634 2553 711 2587; x_wconf 68' lang='lat' dir='ltr'>r20</span> <span class='ocrx_word' id='word_1_380' title='bbox 722 2555 768 2587; x_wconf 87' lang='lat'>33</span> <span class='ocrx_word' id='word_1_381' title='bbox 796 2551 1061 2599; x_wconf 69' lang='lat' dir='ltr'>quatuordecim</span> <span class='ocrx_word' id='word_1_382' title='bbox 1079 2551 1184 2588; x_wconf 71' lang='lat' dir='ltr'>alios.</span> <span class='ocrx_word' id='word_1_383' title='bbox 1225 2553 1359 2588; x_wconf 76' lang='lat' dir='ltr'>transii.</span> <span class='ocrx_word' id='word_1_384' title='bbox 1388 2558 1484 2587; x_wconf 85' lang='lat' dir='ltr'>retor.</span> 
     </span>
     <span class='ocr_line' id='line_1_42' title="bbox 0 2595 1481 2650; baseline 0.003 -19"><span class='ocrx_word' id='word_1_385' title='bbox 0 2595 1 2603; x_wconf 60' lang='lat'>¹</span> <span class='ocrx_word' id='word_1_386' title='bbox 49 2597 116 2634; x_wconf 89' lang='lat' dir='ltr'>cel.</span> <span class='ocrx_word' id='word_1_387' title='bbox 143 2598 190 2633; x_wconf 88' lang='lat' dir='ltr'><strong>A.</strong></span> <span class='ocrx_word' id='word_1_388' title='bbox 231 2606 343 2637; x_wconf 82' lang='lat' dir='ltr'>trans.</span> <span class='ocrx_word' id='word_1_389' title='bbox 371 2601 465 2636; x_wconf 88' lang='lat' dir='ltr'>ultro</span> <span class='ocrx_word' id='word_1_390' title='bbox 493 2601 560 2637; x_wconf 90' lang='lat' dir='ltr'>cel.</span> <span class='ocrx_word' id='word_1_391' title='bbox 589 2603 630 2637; x_wconf 91' lang='lat' dir='ltr'><strong><em>N</em></strong></span> <span class='ocrx_word' id='word_1_392' title='bbox 636 2613 808 2650; x_wconf 48' lang='lat' dir='ltr'>smaqnu</span> <span class='ocrx_word' id='word_1_393' title='bbox 837 2613 914 2638; x_wconf 66' lang='lat' dir='ltr'>senc.</span> <span class='ocrx_word' id='word_1_394' title='bbox 957 2609 1070 2638; x_wconf 87' lang='lat' dir='ltr'>trans.</span> <span class='ocrx_word' id='word_1_395' title='bbox 1097 2603 1200 2639; x_wconf 86' lang='lat' dir='ltr'>ristro</span> <span class='ocrx_word' id='word_1_396' title='bbox 1225 2614 1331 2639; x_wconf 75' lang='lat' dir='ltr'>muts.</span> <span class='ocrx_word' id='word_1_397' title='bbox 1371 2608 1481 2638; x_wconf 79' lang='lat' dir='ltr'>trans.</span> 
     </span>
    </p>
   </div>
   <div class='ocr_carea' id='block_1_4' title="bbox 44 2645 1482 2746">
    <p class='ocr_par' dir='ltr' id='par_1_7' title="bbox 44 2645 1482 2746">
     <span class='ocr_line' id='line_1_43' title="bbox 49 2645 1482 2735; baseline -0.008 -37"><span class='ocrx_word' id='word_1_398' title='bbox 49 2652 165 2705; x_wconf 63' lang='lat' dir='ltr'>rastro</span> <span class='ocrx_word' id='word_1_399' title='bbox 192 2645 336 2735; x_wconf 52' lang='lat' dir='ltr'>Mlili?</span> <span class='ocrx_word' id='word_1_400' title='bbox 363 2662 482 2688; x_wconf 62' lang='lat' dir='ltr'>Omnes</span> <span class='ocrx_word' id='word_1_401' title='bbox 492 2650 547 2700; x_wconf 77' lang='lat'><em>(‘?)</em></span> <span class='ocrx_word' id='word_1_402' title='bbox 558 2663 639 2689; x_wconf 73' lang='lat' dir='ltr'>uar-</span> <span class='ocrx_word' id='word_1_403' title='bbox 650 2664 719 2691; x_wconf 84' lang='lat' dir='ltr'>scr.</span> <span class='ocrx_word' id='word_1_404' title='bbox 760 2659 870 2690; x_wconf 85' lang='lat' dir='ltr'>trans.</span> <span class='ocrx_word' id='word_1_405' title='bbox 894 2658 990 2691; x_wconf 84' lang='lat' dir='ltr'>retro</span> <span class='ocrx_word' id='word_1_406' title='bbox 1011 2655 1155 2699; x_wconf 73' lang='lat' dir='ltr'>caeleri,</span> <span class='ocrx_word' id='word_1_407' title='bbox 1181 2653 1242 2690; x_wconf 82' lang='lat' dir='ltr'>sed</span> <span class='ocrx_word' id='word_1_408' title='bbox 1263 2656 1338 2690; x_wconf 83' lang='lat' dir='ltr'>Zm</span> <span class='ocrx_word' id='word_1_409' title='bbox 1355 2655 1482 2689; x_wconf 74' lang='lat' dir='ltr'>iuras.</span> 
     </span>
     <span class='ocr_line' id='line_1_44' title="bbox 44 2708 375 2746; baseline -0.006 -12"><span class='ocrx_word' id='word_1_410' title='bbox 44 2708 184 2746; x_wconf 67' lang='lat' dir='ltr'>przmae</span> <span class='ocrx_word' id='word_1_411' title='bbox 207 2709 247 2743; x_wconf 62' lang='grc' dir='ltr'>ευ</span> <span class='ocrx_word' id='word_1_412' title='bbox 272 2711 299 2736; x_wconf 46' lang='grc' dir='ltr'>Ὶα</span> <span class='ocrx_word' id='word_1_413' title='bbox 323 2712 375 2739; x_wconf 76' lang='lat' dir='ltr'>ae.</span> 
     </span>
    </p>
   </div>
  </div>
 </body>
</html>
