1685 2954
105 94 206 141 ‘104
674 109 1000 139 FASTORVM

237 206 423 249 Traditur
450 205 612 250 exactis
640 207 896 263 disposuisse
925 208 1048 251 notis.

185 276 229 316 Is
257 275 400 317 decies
426 288 553 317 senos
581 281 809 317 tercentum
838 282 882 317 et
911 278 1088 331 quinque
1117 275 1262 318 diebus

237 343 371 384 Iunxit
399 349 441 383 et
470 356 494 383 e
523 344 642 397 pleno
671 350 855 397 tempora
885 350 1028 397 quarta
1056 344 1134 386 die.

181 408 262 450 Hic
291 410 385 450 anni
413 411 558 452 modus
586 418 665 452 est.
703 413 749 452 ln
778 413 946 452 lustrum
977 413 1181 453 accedere
1211 412 1336 454 debet
1493 416 1571 452 165

236 476 355 528 Quae
387 487 690 520 consummatur
720 479 916 533 partibuS,
945 492 1024 521 una
1054 480 1156 522 dies.

181 609 230 652 Si
256 609 355 652 licet
385 613 572 653 occultos
599 613 777 653 monitus
805 610 944 652 audire
973 606 1155 652 deorum'

239 678 431 732 Vatibus,
460 685 507 718 ut
536 686 650 720 certe
680 680 788 719 fama
816 680 940 719 licere
968 684 1097 732 putat,

185 745 290 787 Cum
319 747 379 787 sis
408 746 568 798 officiis,
598 746 793 798 Gradiue,
822 745 1002 786 uirilibus
1030 750 1165 797 aptus,

235 813 313 855 Dic
342 814 451 867 mihi,
479 820 690 854 matronae
721 827 792 867 cur
820 819 893 853 tua
922 813 1031 853 festa
1060 813 1208 853 colant.
1495 821 1573 856 170

181 878 255 921 Sic
283 893 376 934 ego.
414 880 477 922 sic
506 882 641 934 posita
671 880 773 921 dixit
799 881 896 920 mihi
924 879 1092 921 casside
1118 881 1302 934 Mauors,

238 947 326 987 Sed
355 952 492 988 tamen
524 949 564 988 in
593 948 740 989 dextra
767 948 932 989 missilis
960 949 1082 989 hasta
1110 946 1198 988 fuit.

181 1014 305 1056 Nunc
332 1014 502 1068 primum
529 1015 677 1057 studiis
704 1017 821 1069 pacis
849 1016 954 1056 deus
983 1017 1094 1056 utilis
1122 1016 1245 1056 armis

236 1082 442 1137 Aduocor,
470 1089 515 1125 et
542 1095 717 1138 gressus
742 1082 783 1124 in
813 1096 920 1124 noua
948 1089 1087 1124 castra
1115 1083 1213 1123 fero.

181 1211 266 1246 162.
293 1211 334 1246 in
357 1221 474 1258 marg.
502 1208 551 1247 Γ.
589 1210 759 1248 Creditur
785 1205 824 1245 Σ
840 1208 922 1247 duo.
964 1208 1105 1246 Dicitur
1129 1221 1236 1246 emus.
1281 1209 1396 1247 Trad.
1424 1223 1469 1248 ex
1495 1212 1575 1250 altis

130 1259 223 1309 disp.
258 1258 309 1296 Ψ.
360 1267 477 1297 exact.
512 1260 723 1311 deposuisse
751 1263 828 1296 Ds.
875 1261 1089 1309 imposuisse
1119 1263 1197 1297 P3.
1245 1263 1495 1312 praeposuisse
1531 1266 1573 1300 Τ.

135 1310 277 1347 Gloss.=
304 1311 447 1360 Antiqui
476 1312 738 1347 constituerant
763 1311 799 1346 in
827 1322 899 1347 uno
918 1322 1064 1359 quoque
1091 1322 1213 1347 mense
1236 1324 1358 1348 .xxx.
1378 1312 1466 1349 dies.
1503 1314 1575 1350 Ce-

127 1372 188 1397 sar
215 1367 337 1397 autem
364 1368 490 1410 postea
517 1361 702 1398 constituit
729 1373 850 1397 mxx.
879 1361 954 1397 dies
981 1368 1018 1397 et
1044 1360 1169 1397 decem
1197 1361 1305 1398 horas
1330 1368 1368 1399 et
1392 1362 1576 1400 dimidiam

127 1410 255 1447 horam
282 1411 317 1447 in
345 1423 463 1451 uno..
489 1423 625 1449 mense.
654 1418 691 1449 et
716 1411 751 1447 in
779 1422 875 1446 anno
902 1411 1085 1447 constituit
1111 1417 1311 1448 tercentum
1329 1412 1404 1449 dies
1431 1419 1467 1449 et
1492 1426 1575 1450 sex-

128 1462 270 1511 saginta
305 1462 477 1511 quinque.
523 1462 580 1498 Illi
606 1469 728 1499 autem
755 1473 810 1498 .v.
838 1460 915 1497 dies
947 1462 1213 1498 constituuntur
1245 1473 1290 1498 ex
1321 1462 1446 1500 decem
1479 1462 1576 1501 horis

131 1523 206 1561 que
231 1519 315 1548 sunt
339 1512 506 1562 apposite
534 1513 727 1562 unicuique
753 1512 879 1549 mensi.
913 1517 950 1549 et
976 1524 1138 1549 un....s
1165 1523 1236 1561 que
1258 1519 1422 1550 remanet
1440 1513 1576 1550 bissex-

130 1569 189 1600 tus
216 1561 346 1599 dicitur
372 1568 409 1599 et
440 1563 478 1599 iu
512 1563 686 1612 principio
720 1562 835 1611 quinti
867 1562 952 1598 anni
985 1563 1142 1611 ponitur.
1179 1568 1216 1598 et
1244 1574 1267 1598 a
1297 1562 1449 1599 dimidiis
1477 1563 1576 1600 horis

131 1611 321 1649 conficitur
347 1624 419 1662 que
444 1619 529 1651 sunt
555 1614 592 1649 in
619 1623 839 1662 unoquoque
865 1623 1001 1649 meuse.
1029 1611 1096 1658 Ilt'.
1113 1624 1188 1648 πια.
1207 1623 1280 1649 sec.
1382 1615 1468 1650 163.
1495 1612 1576 1651 dec.

128 1675 238 1700 sonos
268 1665 387 1701 Ema.
400 1675 458 1712 pr.
499 1670 700 1699 trecentum
724 1664 753 1700 G
767 1674 847 1700 nar.
863 1675 934 1700 scr.
973 1668 1176 1699 tercentum
1196 1663 1356 1712 quinque
1376 1666 1467 1700 1⁷20
1483 1676 1578 1713 qua-

130 1717 225 1751 mor.
269 1720 471 1751 trecentum
499 1714 658 1763 quinque
680 1712 712 1749 b.
751 1719 807 1749 ter
833 1726 880 1749 .c.
907 1719 944 1748 et
972 1724 1028 1748 Ν.
1053 1712 1180 1748 diebus
1204 1724 1238 1750 r.
1280 1719 1317 1749 et
1335 1725 1391 1750 Ν.
1409 1714 1507 1753 dieb.
1527 1712 1576 1754 Γ.

182 1765 269 1801 164.
306 1765 413 1800 Auxit
440 1770 478 1800 et
503 1764 586 1802 duo.
626 1763 735 1799 Luxit
761 1770 798 1799 et
824 1774 867 1799 ex
893 1763 990 1798 laeto
1017 1769 1129 1811 temp.
1161 1765 1205 1800 Τ.
1253 1763 1372 1800 Iunxit
1395 1764 1578 1815 inexpleto

134 1820 246 1863 temp.
276 1825 308 1850 s.
349 1820 386 1850 et
411 1826 457 1850 ex
482 1814 592 1864 pleno
609 1811 735 1853 AM.
776 1819 813 1849 et
842 1814 986 1862 expleto
1015 1817 1061 1848 12
1089 1812 1173 1850 duo.
1211 1820 1376 1863 tempora
1401 1816 1522 1852 iuncta
1552 1816 1582 1853 G

137 1865 300 1913 mpSl4
326 1869 495 1913 quatuor.
535 1871 647 1913 temp.
678 1864 775 1900 iuxta
793 1866 927 1900 Duar.
940 1875 1010 1900 scr.
1049 1869 1162 1913 temp.
1189 1871 1318 1900 cuncta
1343 1864 1426 1902 dito.
1466 1872 1578 1916 temp.

132 1921 268 1964 quanta
293 1926 316 1963 9
334 1927 415 1954 ναν.
436 1927 507 1952 scr.
549 1922 662 1964 temp.
688 1915 812 1962 quinta
838 1911 1413 1965 ΔΒΒΕΕΦΛΜΟΡΠΔ
1427 1914 1580 1963 behr

131 1966 246 2003 ⁸620
270 1967 401 2013 uiginti
425 1976 492 2002 sea·
510 1970 543 2002 et
561 1970 645 2003 uett.
666 1965 739 2009 εὼς
771 1965 800 2001 G
812 1962 914 2013 ²P9p
926 1975 1008 2000 aar.
1021 1976 1092 2001 scr.
1131 1971 1244 2014 qunta
1269 1964 1336 2012 Ilf.
1350 1978 1424 2003 maa.
1441 1971 1521 2004 tert.
1540 1969 1580 2004 in

132 2027 212 2052 ras.
328 2016 413 2052 165.
451 2016 545 2051 Hinc
577 2027 662 2052 ann.
688 2013 755 2061 Ilf.
769 2017 819 2050 20
837 2019 910 2051 tres
935 2019 968 2051 et
993 2019 1079 2051 uett.
1107 2015 1160 2051 ed.
1214 2015 1307 2052 Hinc
1340 2017 1449 2053 animi
1479 2017 1578 2055 mod.

131 2078 167 2103 m
180 2077 255 2102 was.
267 2077 325 2115 pr.
368 2066 403 2101 in
431 2065 583 2101 lustrum
609 2064 914 2111 nfimawertsin
928 2076 1005 2101 ras.
1048 2074 1103 2101 est
1129 2065 1210 2101 hinc
1235 2067 1302 2102 ’tto
1328 2078 1403 2104 acc.
1432 2070 1482 2104 D.
1523 2073 1578 2104 est

130 2115 214 2152 hinc
240 2116 352 2152 lustro
379 2127 455 2154 acc.
483 2127 675 2165 mmmpr.
704 2115 786 2152 duo.
893 2117 979 2151 166.
1007 2114 1118 2159 Quod
1143 2128 1243 2152 cons.
1270 2114 1318 2152 Σ.
1359 2117 1466 2161 Quae
1491 2129 1577 2153 con-

130 2172 294 2202 sumetur
320 2168 368 2202 28
379 2167 440 2203 43.
481 2172 713 2203 consumatur
736 2165 835 2212 Ill—“B
849 2166 919 2204 GE
930 2164 1019 2212 fort.
1031 2178 1105 2203 υια.
1120 2178 1175 2215 pr.
1192 2163 1583 2205 FGFAMOPH

132 2213 308 2265 Elimps
334 2218 485 2264 triginta
508 2215 597 2263 fere.
644 2228 717 2253 una
742 2216 808 2253 disi
833 2228 881 2255 m.
988 2218 1072 2255 167.
1106 2216 1251 2254 Scilicet
1276 2230 1353 2256 occ.
1379 2217 1575 2264 Allfmur.

131 2265 240 2316 pr.E
249 2265 290 2303 A
299 2264 337 2303 Σ
345 2266 443 2304 bhm
465 2272 635 2316 quatuor.
740 2268 825 2303 168.
852 2267 938 2303 Vat.
965 2272 1002 2303 et
1030 2272 1128 2303 certe
1153 2279 1188 2303 m
1200 2280 1274 2306 ma.
1287 2280 1343 2317 pr.
1383 2269 1488 2305 licere
1513 2279 1576 2303 re-

133 2317 206 2353 fert
231 2319 283 2357 N.
391 2319 477 2356 169.
505 2318 554 2354 sis
581 2317 732 2367 gradiue
758 2317 884 2353 officiis
913 2317 978 2356 uir.
1011 2320 1055 2354 Τ.
1095 2318 1245 2366 grauide
1270 2321 1305 2355 E
1315 2329 1386 2354 ηια.
1398 2329 1453 2366 pr,
1492 2329 1576 2366 gra-

133 2367 218 2403 diue
245 2368 380 2405 uiribus
406 2375 484 2420 apt.
504 2368 554 2404 A.
602 2368 753 2417 gradiue
781 2373 818 2404 et
843 2367 978 2403 uiribus
1005 2374 1080 2417 apt.
1105 2365 1307 2405 ΦΛΜΔ
1318 2367 1575 2416 Tfypsuett.

131 2416 186 2455 ed.
292 2420 377 2458 170.
405 2418 490 2455 mihi
515 2429 665 2455 romane
691 2430 755 2454 cur
780 2415 831 2454 Φ.
871 2425 934 2454 tua
960 2417 1057 2455 sacta
1078 2418 1114 2455 5.
1153 2419 1274 2455 colunt
1290 2417 1356 2464 ΗΓ.
1372 2419 1575 2456 chma.

129 2479 187 2518 pr.
203 2469 227 2503 8
253 2479 331 2505 sex.
436 2471 520 2505 171.
547 2468 633 2504 mihi
658 2468 807 2517 cuspide
837 2465 1147 2505 ‹DOTZb62o
1171 2473 1259 2513 tres-3
1291 2469 1410 2504 Guar.
1429 2479 1499 2508 scr.

182 2519 268 2554 173.
303 2519 410 2567 prim.
437 2520 535 2568 pacis
571 2519 696 2556 studiis
727 2516 780 2555 (I).
886 2520 970 2558 174.
1007 2517 1175 2555 Aduocor
1206 2530 1370 2567 egressus
1406 2523 1576 2567 quatuor.

129 2579 242 2617 gresS.
270 2569 316 2606 ad
344 2580 440 2606 noua
466 2569 535 2617 Ilf.
558 2581 673 2621 supra
692 2582 761 2608 scr.
777 2582 852 2607 ma.
867 2581 938 2610 sec.
978 2580 1072 2610 noua
1099 2574 1183 2606 uota
1207 2567 1288 2609 duo.
1334 2575 1450 2606 castra
1475 2568 1577 2610 seror

128 2618 151 2671 s
170 2617 254 2659 dito.
