1685 2954
180 67 339 99 ccxmv
677 85 682 92 ι
801 66 858 96 ΒΕ
885 66 984 97 oms

178 166 264 206 fast.
289 166 492 212 Praenest.,
518 168 722 213 enumerat,
750 164 796 203 ad
822 165 1062 216 patrocinium
1088 165 1179 204 deae
1203 165 1446 206 referrentur:
1485 181 1613 219 quarn-

178 240 289 280 quam
315 226 425 264 ualde
457 226 690 263 memorabile
722 232 777 264 est
812 227 910 277 apud
935 228 1108 266 Etruscos
1141 228 1236 265 idem
1271 240 1402 266 nomen
1435 240 1514 267 eam
1549 231 1614 282 ¹¹3³·

179 290 322 336 buisse,
356 287 658 338 quemadmodum
689 288 724 324 in
752 288 930 338 Capitolio
958 290 1071 326 ueteri
1103 291 1140 326 in
1167 290 1349 334 Quirinali
1383 296 1508 327 monte
1539 297 1614 329 tres

181 351 230 387 illi
250 349 310 386 dei
332 348 574 398 fulguratores
592 349 826 386 Etruscorum
846 351 990 396 (Muell.
1006 350 1085 388 Etr.
1103 355 1141 398 2,
1156 352 1268 400 p.84)
1289 351 1482 400 antiquitus
1501 352 1616 390 cultos

178 410 291 447 fuisse
316 416 469 447 testatur
489 411 605 447 Varro
634 410 721 449 del.
742 410 767 447 l.
787 411 825 459 5,
848 412 932 449 158.
985 412 1129 448 Cultam
1157 412 1203 448 ab
1227 412 1476 461 Aboriginibus
1502 418 1616 450 testa·
1683 408 1685 435 ³

180 478 239 509 tur
264 473 412 521 Dionys.
434 471 517 508 Hal.
541 475 577 519 l,
599 473 659 509 14.
713 473 944 521 insigniorem
970 473 1106 509 cultum
1135 472 1420 522 Quinquatribus
1448 480 1617 523 repeten-
1684 473 1685 488 ¹

180 533 267 569 dum
296 544 374 570 esse
399 544 444 569 ex
469 532 614 570 Etruria
645 534 722 570 sine
747 533 857 569 dubio
884 539 983 569 recte
1008 534 1179 570 iudicauit
1204 534 1415 572 Muellerus.
1466 535 1523 572 De
1550 548 1617 573 no-

179 595 276 632 mine
303 606 426 632 earum
451 592 623 630 feriarum
650 594 737 630 nihil
763 594 1007 630 definiuerim:
1035 607 1106 631 non
1133 601 1255 632 tamen
1280 595 1406 633 diffido
1433 597 1617 634 coniectu-

179 667 244 694 rae
268 655 487 705 sagacissimi
519 655 587 690 uiri
613 668 650 704 p.
669 656 718 690 49
745 655 911 691 ann.29:
950 653 997 691 de
1030 662 1193 706 tempore
1226 657 1320 694 circa
1351 657 1617 706 aequinoctium

178 729 333 754 uernum
361 716 469 753 docta
494 721 592 753 certe
612 721 667 752 est
684 714 891 751 obseruatio
908 727 946 765 p.
961 715 1011 752 50
1036 728 1120 753 ann.
1135 719 1202 753 30:
1231 718 1388 755 maxime
1409 729 1496 754 uero
1518 718 1617 768 apud

178 790 239 816 me
264 779 362 815 ualet
386 777 553 814 ludorum
580 776 897 828 gladiatoriorum,
925 775 1000 813 Ou.
1020 779 1055 821 3,
1071 778 1297 824 811—814,
1323 778 1425 827 origo
1447 779 1618 828 Etrusca,

178 839 228 877 de
259 851 333 890 qua
357 839 553 876 Muellerus
578 841 618 886 4,
641 841 743 886 1,1o
773 838 962 888 praeclare
996 838 1175 888 exposuit.
1236 839 1294 876 De
1323 840 1549 877 Tubilustrio
1580 846 1619 879 et

180 901 469 950 Quinquatribus
487 900 683 937 minoribus
705 911 799 949 quae
819 899 1043 936 disseruntur
1060 912 1098 949 p.
1114 899 1177 947 50,
1195 899 1257 944 51,
1283 899 1400 936 minus
1416 900 1500 937 mihi
1518 909 1618 940 certa

178 961 361 999 uidentur.
412 961 558 999 Scilicet
591 962 620 998 si
654 972 729 1011 qua
753 960 843 997 fides
869 966 925 997 est
949 959 1109 999 Varroni
1135 960 1182 997 de
1207 960 1234 997 l.
1261 961 1286 1000 l.
1313 962 1352 1008 6,
1372 962 1419 998 14
1445 969 1483 999 et
1507 963 1618 1002 Festo

177 1036 217 1074 p.
233 1023 324 1071 254,
341 1027 386 1060 31
402 1022 514 1067 dext„
550 1022 815 1059 Tubilustrium
846 1022 1017 1072 temporis
1051 1021 1195 1058 demum
1230 1021 1384 1059 decursu
1410 1023 1618 1064 adiunctum

178 1092 235 1123 est
258 1085 360 1123 seriis
386 1084 665 1122 Minerualibus:
703 1096 772 1121 nec
796 1088 904 1131 ante,
938 1094 1047 1132 quam
1075 1082 1110 1119 id
1145 1082 1281 1120 sactum
1307 1091 1423 1133 esset,
1456 1087 1544 1124 illud
1570 1088 1617 1126 de

177 1146 345 1184 Minerua
370 1145 528 1183 Neriene
561 1146 836 1194 cognominata,
869 1143 966 1194 quod
1002 1156 1113 1193 supra
1146 1144 1348 1181 indicabam
1375 1159 1412 1195 p.
1430 1158 1615 1198 chvnI,

178 1208 395 1244 comminisci
421 1206 518 1244 docti
544 1212 759 1256 potuerunt:
788 1206 926 1243 meliori
951 1217 1039 1242 uero
1061 1217 1132 1241 non
1160 1211 1301 1242 constat
1326 1208 1528 1246 testimonio
1546 1210 1618 1247 Mi-

177 1279 331 1306 neruam
357 1267 582 1305 Tubilustrio
607 1269 740 1305 cultam
773 1267 895 1304 fuisse.
948 1266 1028 1303 Nec
1065 1267 1272 1316 negauerim
1300 1267 1484 1306 Romanos
1510 1271 1617 1308 tubas

177 1335 216 1368 et
241 1330 345 1366 tibias
371 1330 418 1366 ab
445 1330 606 1366 Etruscis
633 1329 832 1378 accepisse:
870 1328 1027 1364 euictum
1062 1327 1098 1363 id
1124 1329 1219 1364 enim
1247 1334 1302 1365 est
1327 1341 1349 1365 a
1374 1329 1551 1368 Muellero
1576 1336 1617 1381 2,

177 1403 217 1441 p.
241 1393 317 1426 200
342 1397 380 1427 et
405 1392 480 1427 209
497 1404 550 1441 sq.
601 1391 790 1428 Mineruae
816 1389 913 1439 quod
941 1395 1133 1438 utrumque
1158 1390 1346 1427 artificium
1371 1399 1616 1443 consecratur,

177 1452 431 1501 graecanicum
457 1454 600 1502 potius,
631 1464 741 1502 quam
769 1452 962 1488 Etruscum
989 1450 1188 1487 institutum
1214 1452 1438 1501 putauerim,
1463 1453 1527 1490 sed
1554 1466 1616 1491 ac-

177 1519 323 1563 ceptum
349 1526 371 1550 a
397 1514 570 1550 Romanis
602 1514 747 1551 saeculo
778 1513 857 1551 fere
883 1513 1031 1563 quinto,
1068 1518 1176 1561 prout
1203 1512 1310 1549 docet
1335 1513 1458 1550 Liuius
1484 1516 1523 1562 9,
1551 1518 1616 1555 30.

175 1573 343 1612 Minerua
369 1569 551 1624 Σάλπιγξ
576 1575 612 1611 in
638 1576 742 1612 ltalia
766 1575 924 1612 inferiori
958 1580 1045 1611 nota
1076 1573 1185 1610 fuisse
1210 1573 1355 1610 uidetur
1380 1580 1473 1611 teste
1497 1576 1617 1624 Lyco-

175 1636 318 1686 phrone
344 1649 380 1673 u.
395 1638 484 1684 986,
512 1638 563 1673 uti
584 1637 797 1674 Clausenius
825 1635 1011 1672 indicauite
1039 1635 1301 1671 Tubilustrium
1328 1647 1349 1672 e
1375 1636 1532 1674 Graecia
1557 1651 1616 1675 re-

175 1697 315 1746 petitur
344 1697 443 1746 apud
474 1697 622 1734 Festum
647 1710 685 1747 p.
706 1697 794 1742 352,
814 1698 866 1732 24
891 1697 960 1732 sin.
1012 1696 1153 1732 Fabula
1188 1696 1234 1733 de
1267 1697 1375 1734 tibiae
1408 1697 1616 1737 inuentione

177 1757 252 1795 ou.
280 1759 319 1805 6,
344 1760 566 1795 691—704
600 1770 732 1808 graeca
765 1763 844 1805 est,
885 1756 932 1794 de
967 1769 1041 1806 qua
1082 1757 1261 1806 quaedam
1297 1759 1468 1795 annotaui
1504 1772 1615 1810 supra

175 1832 214 1869 p.
232 1830 344 1867 cclv,
371 1820 442 1856 alia
468 1819 666 1869 disputauit
682 1820 877 1857 Muellerus
906 1819 1045 1868 proleg.
1066 1816 1214 1866 mythol.
1233 1831 1271 1868 p.
1288 1822 1371 1855 113.
1412 1821 1532 1858 Graia
1549 1833 1614 1859 ars

176 1887 232 1918 est
257 1880 356 1931 apud
376 1880 551 1918 Ouidium
571 1882 610 1928 6,
628 1882 715 1920 656.
759 1880 815 1917 De
842 1880 1015 1928 Captae
1042 1880 1254 1928 cognomine
1274 1883 1310 1924 3,
1326 1882 1399 1917 837
1425 1893 1520 1931 quae
1544 1882 1613 1920 dis-

175 1941 328 1979 ficiliora
353 1948 451 1990 sunt,
479 1942 657 1992 explicaui
682 1953 792 1991 supra
817 1953 856 1989 p.
876 1952 994 1977 cxxl.
1048 1941 1146 1977 Alios
1169 1941 1239 1978 alia
1265 1941 1372 1979 uideo
1396 1945 1518 1993 sequi:
1543 1944 1615 1982 Sa-

175 2003 300 2039 binum
334 2003 393 2040 uel
426 2004 628 2040 obsoletum
664 2002 880 2040 uocabulum
918 2002 1064 2039 subesse
1100 2009 1214 2052 puto,
1249 2003 1358 2053 quale
1391 2006 1613 2054 consignauit

174 2064 300 2114 Lydus
326 2064 374 2102 de
399 2077 517 2114 magg.
545 2068 583 2112 1,
601 2066 671 2102 46:
709 2059 800 2102 τότε
827 2062 987 2113 πρῶτον
1023 2061 1226 2114 διωρίσθη
1254 2066 1340 2109 τοῖς
1372 2059 1612 2115 ςρατιῶταις

176 2126 398 2177 παρασχεῖν
435 2122 480 2163 τὸ
518 2120 714 2175 δημόσιον
749 2122 815 2162 καὶ
844 2118 943 2174 ὑπὲρ
974 2121 1102 2163 ‘lnnov
1130 2119 1314 2174 δαπάνης
1345 2122 1396 2163 τὰ
1420 2119 1611 2176 λεγόμενα

176 2182 386 2225 nannai·
425 2183 531 2225 οὕτω
566 2183 610 2224 δὲ
637 2182 731 2230 τοὺς
757 2181 835 2223 ἀπὸ
865 2181 1031 2237 ῥάβδων
1065 2185 1255 2238 κοφίνους
1282 2184 1483 2225 ἐκάλεσαν.
1533 2188 1610 2225 Re-

176 2255 247 2286 stat
272 2249 488 2297 Palladium,
514 2249 612 2299 quod
639 2248 816 2285 indicatur
842 2248 939 2298 apud
966 2248 1138 2286 Ouidium
1159 2253 1194 2294 3,
1209 2251 1281 2286 423
1296 2256 1332 2287 et
1345 2251 1382 2296 6,
1397 2248 1608 2293 415-4430‚

177 2322 248 2346 una
274 2322 355 2346 cum
382 2311 494 2347 Vesta
520 2309 749 2347 custoditum.
802 2309 996 2347 Diiudicari
1024 2312 1168 2361 nequit,
1193 2311 1362 2361 quidnam
1388 2310 1492 2359 patrii
1518 2311 1610 2347 sacri

175 2371 242 2406 sub
269 2383 398 2420 graeca
424 2371 572 2420 fabula,
609 2383 703 2421 quae
729 2372 808 2422 ipso
834 2372 894 2408 illo
924 2374 1067 2409 nomine
1093 2373 1318 2418 continetur,
1352 2371 1483 2407 lateat:
1524 2383 1610 2408 nus-

174 2442 307 2480 quam,
342 2431 439 2480 quod
465 2433 598 2480 sciam,
631 2433 795 2470 Minerua
821 2446 902 2470 cum
929 2435 1042 2471 Vesta
1068 2438 1383 2476 commemoratur,
1420 2432 1484 2469 nisi
1510 2431 1609 2481 apud

174 2497 323 2541 poetas:
361 2492 455 2529 unde
482 2494 641 2542 idyllium
668 2495 778 2542 illud,
806 2495 904 2545 quod
931 2496 1144 2533 Clausenius
1171 2495 1373 2542 composuit
1403 2493 1449 2530 de
1476 2495 1626 2534 utrius-,

174 2564 246 2602 que
272 2552 362 2590 deae
388 2556 615 2592 consortione
647 2567 669 2591 a
695 2557 848 2592 ueritate
875 2557 1044 2593 recedere
1069 2555 1222 2592 uidetur.
1276 2554 1492 2591 Nautiorum
1519 2566 1622 2604 gens,

173 2625 275 2651 sacra
301 2615 443 2665 priuata
468 2615 591 2654 habuit
609 2617 799 2655 Mineruae
825 2623 862 2655 et
888 2618 1138 2667 interponebat
1164 2629 1341 2667 proauum
1367 2629 1472 2654 suum
1497 2616 1625 2654 Naum
