<?xml version="1.0" encoding="UTF-8"?>
<!DOCTYPE html PUBLIC "-//W3C//DTD XHTML 1.0 Transitional//EN"
    "http://www.w3.org/TR/xhtml1/DTD/xhtml1-transitional.dtd">
<html xmlns="http://www.w3.org/1999/xhtml" xml:lang="en" lang="en">
 <head>
  <title>
</title>
<meta http-equiv="Content-Type" content="text/html;charset=utf-8" />
  <meta name='ocr-system' content='tesseract 3.04.00' />
  <meta name='ocr-capabilities' content='ocr_page ocr_carea ocr_par ocr_line ocrx_word'/>
</head>
<body>
  <div class='ocr_page' id='page_1' title='image "./fastorumlibrisex00oviduoft_0132.png"; bbox 0 0 1685 2954; ppageno 0'>
   <div class='ocr_carea' id='block_1_1' title="bbox 111 85 1049 120">
    <p class='ocr_par' dir='ltr' id='par_1_1' title="bbox 111 85 1049 120">
     <span class='ocr_line' id='line_1_1' title="bbox 111 85 1049 120; baseline -0.004 0"><span class='ocrx_word' id='word_1_1' title='bbox 111 89 246 120; x_wconf 77' lang='lat' dir='ltr'><strong><em>cxxlv</em></strong></span> <span class='ocrx_word' id='word_1_2' title='bbox 608 85 665 117; x_wconf 69' lang='lat' dir='ltr'><strong><em>DE</em></strong></span> <span class='ocrx_word' id='word_1_3' title='bbox 693 87 875 118; x_wconf 70' lang='lat' dir='ltr'><strong><em>Anmnvs</em></strong></span> <span class='ocrx_word' id='word_1_4' title='bbox 904 87 1049 118; x_wconf 66' lang='lat' dir='ltr'><strong><em>sncms</em></strong></span> 
     </span>
    </p>
   </div>
   <div class='ocr_carea' id='block_1_2' title="bbox 107 186 1556 605">
    <p class='ocr_par' dir='ltr' id='par_1_2' title="bbox 107 186 1553 422">
     <span class='ocr_line' id='line_1_2' title="bbox 111 186 1553 236; baseline -0.001 -9"><span class='ocrx_word' id='word_1_5' title='bbox 111 191 189 227; x_wconf 85' lang='lat' dir='ltr'><strong><em>eius</em></strong></span> <span class='ocrx_word' id='word_1_6' title='bbox 213 200 376 227; x_wconf 83' lang='lat' dir='ltr'><strong><em>mensam</em></strong></span> <span class='ocrx_word' id='word_1_7' title='bbox 401 186 463 236; x_wconf 84' lang='lat' dir='ltr'><strong><em>qui</em></strong></span> <span class='ocrx_word' id='word_1_8' title='bbox 489 186 748 225; x_wconf 65' lang='lat' dir='ltr'><strong><em>constituemur</em></strong></span> <span class='ocrx_word' id='word_1_9' title='bbox 761 209 807 215; x_wconf 91' lang='lat'>—</span> <span class='ocrx_word' id='word_1_10' title='bbox 821 208 889 225; x_wconf 88' lang='lat'><strong><em>-.</em></strong></span> <span class='ocrx_word' id='word_1_11' title='bbox 920 191 1042 226; x_wconf 83' lang='lat' dir='ltr'><strong><em>Varro</em></strong></span> <span class='ocrx_word' id='word_1_12' title='bbox 1069 186 1179 233; x_wconf 55' lang='lat' dir='ltr'><strong><em>dia-in</em></strong></span> <span class='ocrx_word' id='word_1_13' title='bbox 1205 207 1253 213; x_wconf 91' lang='lat'><em>-</em></span> <span class='ocrx_word' id='word_1_14' title='bbox 1280 197 1344 224; x_wconf 81' lang='lat' dir='ltr'><strong><em>nec</em></strong></span> <span class='ocrx_word' id='word_1_15' title='bbox 1366 186 1425 225; x_wconf 76' lang='lat' dir='ltr'><strong><em>ubi</em></strong></span> <span class='ocrx_word' id='word_1_16' title='bbox 1448 186 1553 226; x_wconf 77' lang='lat' dir='ltr'><strong><em>ludos</em></strong></span> 
     </span>
     <span class='ocr_line' id='line_1_3' title="bbox 111 247 1551 300; baseline -0.001 -12"><span class='ocrx_word' id='word_1_17' title='bbox 111 252 268 288; x_wconf 85' lang='lat' dir='ltr'><strong><em>scenicos</em></strong></span> <span class='ocrx_word' id='word_1_18' title='bbox 299 247 522 298; x_wconf 69' lang='lat' dir='ltr'><strong><em>exponebat,</em></strong></span> <span class='ocrx_word' id='word_1_19' title='bbox 555 247 619 285; x_wconf 82' lang='lat' dir='ltr'><strong><em>sed</em></strong></span> <span class='ocrx_word' id='word_1_20' title='bbox 653 247 712 286; x_wconf 84' lang='lat' dir='ltr'><strong><em>ubi</em></strong></span> <span class='ocrx_word' id='word_1_21' title='bbox 741 249 950 300; x_wconf 78' lang='lat' dir='ltr'><strong><em>Capitolina</em></strong></span> <span class='ocrx_word' id='word_1_22' title='bbox 973 252 1059 287; x_wconf 80' lang='lat' dir='ltr'><strong><em>iura</em></strong></span> <span class='ocrx_word' id='word_1_23' title='bbox 1083 247 1273 300; x_wconf 74' lang='lat' dir='ltr'><em>pandebat.</em></span> <span class='ocrx_word' id='word_1_24' title='bbox 1298 267 1351 275; x_wconf 89' lang='lat'>—</span> <span class='ocrx_word' id='word_1_25' title='bbox 1382 248 1551 287; x_wconf 78' lang='lat' dir='ltr'><strong><em>iuferius:</em></strong></span> 
     </span>
     <span class='ocr_line' id='line_1_4' title="bbox 110 308 1552 360; baseline 0 -11"><span class='ocrx_word' id='word_1_26' title='bbox 110 324 184 349; x_wconf 74' lang='lat' dir='ltr'><strong><em>non</em></strong></span> <span class='ocrx_word' id='word_1_27' title='bbox 209 312 452 358; x_wconf 72' lang='lat' dir='ltr'><strong><em>theatrorum,</em></strong></span> <span class='ocrx_word' id='word_1_28' title='bbox 484 308 546 346; x_wconf 84' lang='lat' dir='ltr'><strong><em>sed</em></strong></span> <span class='ocrx_word' id='word_1_29' title='bbox 577 309 806 360; x_wconf 82' lang='lat' dir='ltr'><strong><em>templorum,</em></strong></span> <span class='ocrx_word' id='word_1_30' title='bbox 836 323 910 349; x_wconf 76' lang='lat' dir='ltr'><strong><em>uon</em></strong></span> <span class='ocrx_word' id='word_1_31' title='bbox 933 310 1142 358; x_wconf 73' lang='lat' dir='ltr'><strong><em>fabulosae,</em></strong></span> <span class='ocrx_word' id='word_1_32' title='bbox 1175 309 1237 348; x_wconf 83' lang='lat' dir='ltr'><strong><em>sed</em></strong></span> <span class='ocrx_word' id='word_1_33' title='bbox 1269 309 1386 347; x_wconf 80' lang='lat' dir='ltr'><strong><em>ciuilis</em></strong></span> <span class='ocrx_word' id='word_1_34' title='bbox 1418 309 1552 349; x_wconf 75' lang='lat' dir='ltr'><strong><em>theolo-</em></strong></span> 
     </span>
     <span class='ocr_line' id='line_1_5' title="bbox 107 385 285 422; baseline 0.011 -13"><span class='ocrx_word' id='word_1_35' title='bbox 107 385 191 422; x_wconf 71' lang='lat' dir='ltr'><strong><em>9iae</em></strong></span> <span class='ocrx_word' id='word_1_36' title='bbox 215 391 285 411; x_wconf 89' lang='lat'><strong><em>—.</em></strong></span> 
     </span>
    </p>

    <p class='ocr_par' dir='ltr' id='par_1_3' title="bbox 111 431 1555 544">
     <span class='ocr_line' id='line_1_6' title="bbox 210 431 1555 483; baseline -0.001 -14"><span class='ocrx_word' id='word_1_37' title='bbox 210 433 229 453; x_wconf 71' lang='lat'><strong><em>⁴¹</em></strong></span> <span class='ocrx_word' id='word_1_38' title='bbox 248 432 286 470; x_wconf 82' lang='lat'><strong><em>5.</em></strong></span> <span class='ocrx_word' id='word_1_39' title='bbox 325 432 527 483; x_wconf 74' lang='lat' dir='ltr'><strong><em>Pliilargyr.</em></strong></span> <span class='ocrx_word' id='word_1_40' title='bbox 554 431 601 470; x_wconf 82' lang='lat' dir='ltr'><strong><em>ad</em></strong></span> <span class='ocrx_word' id='word_1_41' title='bbox 626 445 684 482; x_wconf 81' lang='lat' dir='ltr'><strong><em>ge.</em></strong></span> <span class='ocrx_word' id='word_1_42' title='bbox 712 434 750 481; x_wconf 85' lang='lat'><strong><em>4,</em></strong></span> <span class='ocrx_word' id='word_1_43' title='bbox 770 433 867 471; x_wconf 77' lang='lat'>2652</span> <span class='ocrx_word' id='word_1_44' title='bbox 898 435 1018 471; x_wconf 86' lang='lat' dir='ltr'><strong><em>Varro</em></strong></span> <span class='ocrx_word' id='word_1_45' title='bbox 1044 432 1254 470; x_wconf 77' lang='lat' dir='ltr'><strong><em>diuinarum</em></strong></span> <span class='ocrx_word' id='word_1_46' title='bbox 1280 431 1341 469; x_wconf 81' lang='lat' dir='ltr'><strong><em>lib.</em></strong></span> <span class='ocrx_word' id='word_1_47' title='bbox 1366 434 1440 469; x_wconf 87' lang='lat' dir='ltr'><strong><em>VI:</em></strong></span> <span class='ocrx_word' id='word_1_48' title='bbox 1469 431 1555 468; x_wconf 84' lang='lat' dir='ltr'><strong><em>Ga-</em></strong></span> 
     </span>
     <span class='ocr_line' id='line_1_7' title="bbox 111 492 1442 544; baseline -0.002 -13"><span class='ocrx_word' id='word_1_49' title='bbox 111 493 233 531; x_wconf 82' lang='lat' dir='ltr'><strong><em>nalis</em></strong></span> <span class='ocrx_word' id='word_1_50' title='bbox 259 506 335 531; x_wconf 91' lang='lat' dir='ltr'><strong><em>eas</em></strong></span> <span class='ocrx_word' id='word_1_51' title='bbox 359 493 587 543; x_wconf 73' lang='lat' dir='ltr'><strong><em>dispescit.</em></strong></span> <span class='ocrx_word' id='word_1_52' title='bbox 644 494 791 544; x_wconf 78' lang='lat' dir='ltr'><strong><em>Templa</em></strong></span> <span class='ocrx_word' id='word_1_53' title='bbox 816 495 990 542; x_wconf 72' lang='lat' dir='ltr'><strong><em>feminino</em></strong></span> <span class='ocrx_word' id='word_1_54' title='bbox 1014 506 1140 543; x_wconf 67' lang='lat' dir='ltr'><strong><em>genere</em></strong></span> <span class='ocrx_word' id='word_1_55' title='bbox 1164 493 1310 532; x_wconf 83' lang='lat' dir='ltr'><strong><em>canales</em></strong></span> <span class='ocrx_word' id='word_1_56' title='bbox 1335 492 1442 529; x_wconf 72' lang='lat' dir='ltr'><strong><em>dixit.</em></strong></span> 
     </span>
    </p>

    <p class='ocr_par' dir='ltr' id='par_1_4' title="bbox 213 553 1556 605">
     <span class='ocr_line' id='line_1_8' title="bbox 213 553 1556 605; baseline -0.001 -14"><span class='ocrx_word' id='word_1_57' title='bbox 213 555 231 575; x_wconf 88' lang='grc'>*</span> <span class='ocrx_word' id='word_1_58' title='bbox 244 555 281 591; x_wconf 83' lang='grc'><strong><em>6.</em></strong></span> <span class='ocrx_word' id='word_1_59' title='bbox 321 553 463 591; x_wconf 89' lang='lat' dir='ltr'><strong><em>Nonius</em></strong></span> <span class='ocrx_word' id='word_1_60' title='bbox 484 567 520 605; x_wconf 90' lang='lat' dir='ltr'><strong><em>p.</em></strong></span> <span class='ocrx_word' id='word_1_61' title='bbox 538 557 633 592; x_wconf 79' lang='lat'><strong>473:</strong></span> <span class='ocrx_word' id='word_1_62' title='bbox 665 558 785 592; x_wconf 85' lang='lat' dir='ltr'><strong><em>Varro</em></strong></span> <span class='ocrx_word' id='word_1_63' title='bbox 807 567 926 592; x_wconf 79' lang='lat' dir='ltr'><strong><em>reru-m</em></strong></span> <span class='ocrx_word' id='word_1_64' title='bbox 947 555 1154 593; x_wconf 82' lang='lat' dir='ltr'><strong><em>diuinarum</em></strong></span> <span class='ocrx_word' id='word_1_65' title='bbox 1179 554 1238 592; x_wconf 80' lang='lat' dir='ltr'><strong><em>lib.</em></strong></span> <span class='ocrx_word' id='word_1_66' title='bbox 1257 556 1335 592; x_wconf 83' lang='lat' dir='ltr'><strong><em>VH</em></strong></span> <span class='ocrx_word' id='word_1_67' title='bbox 1359 555 1448 603; x_wconf 89' lang='lat' dir='ltr'><strong><em>(leg.</em></strong></span> <span class='ocrx_word' id='word_1_68' title='bbox 1464 554 1556 600; x_wconf 75' lang='lat' dir='ltr'><strong><em>VD:</em></strong></span> 
     </span>
    </p>
   </div>
   <div class='ocr_carea' id='block_1_3' title="bbox 110 615 1669 664">
    <p class='ocr_par' dir='ltr' id='par_1_5' title="bbox 110 615 1669 664">
     <span class='ocr_line' id='line_1_9' title="bbox 110 615 1669 664; baseline -0.001 -11"><span class='ocrx_word' id='word_1_69' title='bbox 110 618 357 664; x_wconf 86' lang='lat' dir='ltr'><strong><em>Postquam</em></strong></span> <span class='ocrx_word' id='word_1_70' title='bbox 391 615 508 653; x_wconf 84' lang='lat' dir='ltr'><strong><em>uidit</em></strong></span> <span class='ocrx_word' id='word_1_71' title='bbox 539 615 852 654; x_wconf 71' lang='lat' dir='ltr'><strong><em>misericordia</em></strong></span> <span class='ocrx_word' id='word_1_72' title='bbox 890 615 1068 654; x_wconf 83' lang='lat' dir='ltr'><strong><em>labasci</em></strong></span> <span class='ocrx_word' id='word_1_73' title='bbox 1105 622 1286 654; x_wconf 79' lang='lat' dir='ltr'><strong><em>mentem</em></strong></span> <span class='ocrx_word' id='word_1_74' title='bbox 1323 615 1556 662; x_wconf 73' lang='lat' dir='ltr'><strong><em>infirmam</em></strong></span> <span class='ocrx_word' id='word_1_75' title='bbox 1626 628 1632 631; x_wconf 52' lang='lat'>⁴</span> <span class='ocrx_word' id='word_1_76' title='bbox 1667 615 1669 633; x_wconf 75' lang='lat'><em>³</em></span> 
     </span>
    </p>
   </div>
   <div class='ocr_carea' id='block_1_4' title="bbox 107 677 1558 2703">
    <p class='ocr_par' dir='ltr' id='par_1_6' title="bbox 108 677 1556 789">
     <span class='ocr_line' id='line_1_10' title="bbox 108 677 1556 728; baseline 0 -14"><span class='ocrx_word' id='word_1_77' title='bbox 108 677 274 728; x_wconf 85' lang='lat' dir='ltr'><strong><em>populi.</em></strong></span> <span class='ocrx_word' id='word_1_78' title='bbox 329 677 426 714; x_wconf 84' lang='lat' dir='ltr'><strong><em>Gell.</em></strong></span> <span class='ocrx_word' id='word_1_79' title='bbox 456 679 517 725; x_wconf 85' lang='lat'><strong><em>17,</em></strong></span> <span class='ocrx_word' id='word_1_80' title='bbox 538 681 607 715; x_wconf 85' lang='lat'><strong><em>21:</em></strong></span> <span class='ocrx_word' id='word_1_81' title='bbox 648 677 912 725; x_wconf 79' lang='lat' dir='ltr'><strong><em>damnatusque</em></strong></span> <span class='ocrx_word' id='word_1_82' title='bbox 944 679 1075 726; x_wconf 85' lang='lat' dir='ltr'><strong><em>capitis</em></strong></span> <span class='ocrx_word' id='word_1_83' title='bbox 1105 690 1201 715; x_wconf 72' lang='lat' dir='ltr'><strong><em>saa-o</em></strong></span> <span class='ocrx_word' id='word_1_84' title='bbox 1231 679 1403 727; x_wconf 85' lang='lat' dir='ltr'><strong><em>Tarpeio,</em></strong></span> <span class='ocrx_word' id='word_1_85' title='bbox 1428 681 1470 713; x_wconf 82' lang='lat' dir='ltr'><strong><em>ut</em></strong></span> <span class='ocrx_word' id='word_1_86' title='bbox 1493 679 1556 714; x_wconf 87' lang='lat' dir='ltr'><strong><em>M.</em></strong></span> 
     </span>
     <span class='ocr_line' id='line_1_11' title="bbox 113 739 1150 789; baseline -0.003 -12"><span class='ocrx_word' id='word_1_87' title='bbox 113 740 236 777; x_wconf 77' lang='lat' dir='ltr'><strong><em>Varro</em></strong></span> <span class='ocrx_word' id='word_1_88' title='bbox 260 740 326 784; x_wconf 82' lang='lat' dir='ltr'><strong><em>ait,</em></strong></span> <span class='ocrx_word' id='word_1_89' title='bbox 351 751 521 789; x_wconf 87' lang='lat' dir='ltr'><strong><em>praeceps</em></strong></span> <span class='ocrx_word' id='word_1_90' title='bbox 546 739 666 776; x_wconf 70' lang='lat' dir='ltr'><strong><em>datiis.</em></strong></span> <span class='ocrx_word' id='word_1_91' title='bbox 1145 739 1150 743; x_wconf 83' lang='lat'><strong><em>‘</em></strong></span> 
     </span>
    </p>

    <p class='ocr_par' dir='ltr' id='par_1_7' title="bbox 109 799 1558 1022">
     <span class='ocr_line' id='line_1_12' title="bbox 212 799 1558 850; baseline -0.003 -12"><span class='ocrx_word' id='word_1_92' title='bbox 212 799 228 817; x_wconf 79' lang='lat'><strong>‘</strong></span> <span class='ocrx_word' id='word_1_93' title='bbox 249 802 286 838; x_wconf 88' lang='lat'><strong><em>7.</em></strong></span> <span class='ocrx_word' id='word_1_94' title='bbox 327 800 490 837; x_wconf 83' lang='lat' dir='ltr'><strong><em>Macrob.</em></strong></span> <span class='ocrx_word' id='word_1_95' title='bbox 521 804 557 848; x_wconf 89' lang='lat' dir='ltr'><strong><em>l,</em></strong></span> <span class='ocrx_word' id='word_1_96' title='bbox 575 803 614 848; x_wconf 89' lang='lat'><strong><em>8,</em></strong></span> <span class='ocrx_word' id='word_1_97' title='bbox 640 813 680 850; x_wconf 89' lang='lat' dir='ltr'><strong><em>p.</em></strong></span> <span class='ocrx_word' id='word_1_98' title='bbox 693 803 787 837; x_wconf 80' lang='lat'><strong>222:</strong></span> <span class='ocrx_word' id='word_1_99' title='bbox 814 802 983 849; x_wconf 85' lang='lat' dir='ltr'><strong><em>quamuis</em></strong></span> <span class='ocrx_word' id='word_1_100' title='bbox 1010 802 1132 838; x_wconf 86' lang='lat' dir='ltr'><strong><em>Varro</em></strong></span> <span class='ocrx_word' id='word_1_101' title='bbox 1158 799 1249 837; x_wconf 84' lang='lat' dir='ltr'><strong><em>libro</em></strong></span> <span class='ocrx_word' id='word_1_102' title='bbox 1273 803 1391 846; x_wconf 74' lang='lat' dir='ltr'><strong><em>sexto,</em></strong></span> <span class='ocrx_word' id='word_1_103' title='bbox 1417 799 1480 848; x_wconf 84' lang='lat' dir='ltr'><strong><em>qui</em></strong></span> <span class='ocrx_word' id='word_1_104' title='bbox 1502 803 1558 835; x_wconf 78' lang='lat' dir='ltr'><strong><em>est</em></strong></span> 
     </span>
     <span class='ocr_line' id='line_1_13' title="bbox 110 859 1558 910; baseline -0.001 -11"><span class='ocrx_word' id='word_1_105' title='bbox 110 861 154 900; x_wconf 79' lang='lat' dir='ltr'><strong><em>de</em></strong></span> <span class='ocrx_word' id='word_1_106' title='bbox 176 864 294 900; x_wconf 85' lang='lat' dir='ltr'><strong><em>sacris</em></strong></span> <span class='ocrx_word' id='word_1_107' title='bbox 314 860 476 910; x_wconf 81' lang='lat' dir='ltr'><strong><em>aedibus,</em></strong></span> <span class='ocrx_word' id='word_1_108' title='bbox 502 860 636 899; x_wconf 80' lang='lat' dir='ltr'><strong><em>scribat</em></strong></span> <span class='ocrx_word' id='word_1_109' title='bbox 655 861 775 898; x_wconf 82' lang='lat' dir='ltr'><strong><em>aedem</em></strong></span> <span class='ocrx_word' id='word_1_110' title='bbox 797 863 952 898; x_wconf 83' lang='lat' dir='ltr'><strong><em>Saturni</em></strong></span> <span class='ocrx_word' id='word_1_111' title='bbox 971 861 1022 898; x_wconf 84' lang='lat' dir='ltr'><strong><em>ad</em></strong></span> <span class='ocrx_word' id='word_1_112' title='bbox 1039 862 1162 908; x_wconf 76' lang='lat' dir='ltr'><strong><em>forum</em></strong></span> <span class='ocrx_word' id='word_1_113' title='bbox 1185 861 1394 909; x_wconf 74' lang='lat' dir='ltr'><strong><em>faciendam</em></strong></span> <span class='ocrx_word' id='word_1_114' title='bbox 1418 859 1558 897; x_wconf 77' lang='lat' dir='ltr'><strong><em>locasse</em></strong></span> 
     </span>
     <span class='ocr_line' id='line_1_14' title="bbox 109 920 1557 973; baseline -0.001 -12"><span class='ocrx_word' id='word_1_115' title='bbox 109 925 159 961; x_wconf 88' lang='lat' dir='ltr'><strong><em>L.</em></strong></span> <span class='ocrx_word' id='word_1_116' title='bbox 184 924 424 972; x_wconf 77' lang='lat' dir='ltr'><strong><em>Tarquinium</em></strong></span> <span class='ocrx_word' id='word_1_117' title='bbox 447 935 575 973; x_wconf 71' lang='lat' dir='ltr'><strong><em>reyem,</em></strong></span> <span class='ocrx_word' id='word_1_118' title='bbox 605 925 649 963; x_wconf 82' lang='grc' dir='ltr'><strong><em>Τ.</em></strong></span> <span class='ocrx_word' id='word_1_119' title='bbox 669 935 753 961; x_wconf 81' lang='lat' dir='ltr'><strong><em>uero</em></strong></span> <span class='ocrx_word' id='word_1_120' title='bbox 774 925 945 961; x_wconf 75' lang='lat' dir='ltr'><strong><em>Lartium</em></strong></span> <span class='ocrx_word' id='word_1_121' title='bbox 965 922 1176 962; x_wconf 81' lang='lat' dir='ltr'><strong><em>dictatorem</em></strong></span> <span class='ocrx_word' id='word_1_122' title='bbox 1196 920 1457 961; x_wconf 76' lang='lat' dir='ltr'><strong><em>Saturnalibus</em></strong></span> <span class='ocrx_word' id='word_1_123' title='bbox 1475 933 1557 959; x_wconf 85' lang='lat' dir='ltr'><strong><em>eam</em></strong></span> 
     </span>
     <span class='ocr_line' id='line_1_15' title="bbox 109 984 756 1022; baseline -0.003 0"><span class='ocrx_word' id='word_1_124' title='bbox 109 984 304 1022; x_wconf 79' lang='lat' dir='ltr'><strong><em>dedicasse.</em></strong></span> <span class='ocrx_word' id='word_1_125' title='bbox 751 994 756 999; x_wconf 78' lang='grc'><em>·</em></span> 
     </span>
    </p>

    <p class='ocr_par' dir='ltr' id='par_1_8' title="bbox 108 1045 1557 1219">
     <span class='ocr_line' id='line_1_16' title="bbox 210 1045 1557 1095; baseline -0.001 -11"><span class='ocrx_word' id='word_1_126' title='bbox 210 1049 248 1084; x_wconf 91' lang='grc'><strong><em>8.</em></strong></span> <span class='ocrx_word' id='word_1_127' title='bbox 287 1046 381 1083; x_wconf 89' lang='lat' dir='ltr'><strong><em>Pliu.</em></strong></span> <span class='ocrx_word' id='word_1_128' title='bbox 408 1052 483 1083; x_wconf 86' lang='lat' dir='ltr'><strong><em>nat.</em></strong></span> <span class='ocrx_word' id='word_1_129' title='bbox 512 1045 593 1083; x_wconf 87' lang='lat' dir='ltr'><strong><em>hist.</em></strong></span> <span class='ocrx_word' id='word_1_130' title='bbox 619 1049 659 1095; x_wconf 90' lang='lat'><strong><em>8,</em></strong></span> <span class='ocrx_word' id='word_1_131' title='bbox 682 1048 746 1095; x_wconf 89' lang='lat'><strong><em>47,</em></strong></span> <span class='ocrx_word' id='word_1_132' title='bbox 776 1049 799 1094; x_wconf 91' lang='lat'>§</span> <span class='ocrx_word' id='word_1_133' title='bbox 819 1048 908 1083; x_wconf 79' lang='lat'><strong><em>194:</em></strong></span> <span class='ocrx_word' id='word_1_134' title='bbox 943 1049 1095 1084; x_wconf 83' lang='lat' dir='ltr'><strong><em>Lanam</em></strong></span> <span class='ocrx_word' id='word_1_135' title='bbox 1125 1048 1165 1084; x_wconf 84' lang='lat' dir='ltr'><strong><em>in</em></strong></span> <span class='ocrx_word' id='word_1_136' title='bbox 1197 1046 1276 1084; x_wconf 84' lang='lat' dir='ltr'><strong><em>colu</em></strong></span> <span class='ocrx_word' id='word_1_137' title='bbox 1301 1050 1334 1083; x_wconf 90' lang='lat' dir='ltr'><strong><em>et</em></strong></span> <span class='ocrx_word' id='word_1_138' title='bbox 1359 1045 1446 1093; x_wconf 76' lang='lat' dir='ltr'><strong><em>fuso</em></strong></span> <span class='ocrx_word' id='word_1_139' title='bbox 1478 1047 1557 1082; x_wconf 76' lang='lat' dir='ltr'><strong><em>Ta-</em></strong></span> 
     </span>
     <span class='ocr_line' id='line_1_17' title="bbox 108 1106 1557 1158; baseline -0.001 -13"><span class='ocrx_word' id='word_1_140' title='bbox 108 1107 286 1158; x_wconf 82' lang='lat' dir='ltr'><strong><em>naquilis,</em></strong></span> <span class='ocrx_word' id='word_1_141' title='bbox 313 1119 405 1157; x_wconf 88' lang='lat' dir='ltr'><strong><em>quae</em></strong></span> <span class='ocrx_word' id='word_1_142' title='bbox 427 1106 552 1144; x_wconf 85' lang='lat' dir='ltr'><strong><em>eadem</em></strong></span> <span class='ocrx_word' id='word_1_143' title='bbox 576 1109 665 1146; x_wconf 85' lang='lat' dir='ltr'><strong><em>Gaia</em></strong></span> <span class='ocrx_word' id='word_1_144' title='bbox 687 1109 842 1146; x_wconf 80' lang='lat' dir='ltr'><strong><em>Caecilia</em></strong></span> <span class='ocrx_word' id='word_1_145' title='bbox 868 1113 1001 1145; x_wconf 84' lang='lat' dir='ltr'><strong><em>uocata</em></strong></span> <span class='ocrx_word' id='word_1_146' title='bbox 1026 1112 1099 1157; x_wconf 86' lang='lat' dir='ltr'><strong><em>est,</em></strong></span> <span class='ocrx_word' id='word_1_147' title='bbox 1126 1109 1165 1145; x_wconf 78' lang='lat' dir='ltr'><strong><em>in</em></strong></span> <span class='ocrx_word' id='word_1_148' title='bbox 1189 1107 1319 1156; x_wconf 83' lang='lat' dir='ltr'><strong><em>tem-plo</em></strong></span> <span class='ocrx_word' id='word_1_149' title='bbox 1345 1108 1462 1156; x_wconf 73' lang='lat' dir='ltr'><strong><em>Sangi</em></strong></span> <span class='ocrx_word' id='word_1_150' title='bbox 1486 1106 1557 1144; x_wconf 83' lang='lat' dir='ltr'><strong><em>du-</em></strong></span> 
     </span>
     <span class='ocr_line' id='line_1_18' title="bbox 108 1168 951 1219; baseline -0.001 -11"><span class='ocrx_word' id='word_1_151' title='bbox 108 1182 213 1208; x_wconf 86' lang='lat' dir='ltr'><strong><em>rasse</em></strong></span> <span class='ocrx_word' id='word_1_152' title='bbox 237 1168 407 1219; x_wconf 82' lang='lat' dir='ltr'><strong><em>prodente</em></strong></span> <span class='ocrx_word' id='word_1_153' title='bbox 431 1181 470 1206; x_wconf 89' lang='lat' dir='ltr'><strong><em>se</em></strong></span> <span class='ocrx_word' id='word_1_154' title='bbox 495 1174 623 1206; x_wconf 86' lang='lat' dir='ltr'><strong><em>auctor</em></strong></span> <span class='ocrx_word' id='word_1_155' title='bbox 648 1175 701 1208; x_wconf 89' lang='lat' dir='ltr'><strong><em>est</em></strong></span> <span class='ocrx_word' id='word_1_156' title='bbox 727 1173 787 1208; x_wconf 90' lang='lat' dir='ltr'><strong><em>M.</em></strong></span> <span class='ocrx_word' id='word_1_157' title='bbox 819 1173 951 1208; x_wconf 86' lang='lat' dir='ltr'><strong><em>Varro.</em></strong></span> 
     </span>
    </p>

    <p class='ocr_par' dir='ltr' id='par_1_9' title="bbox 107 1229 1558 2516">
     <span class='ocr_line' id='line_1_19' title="bbox 210 1229 1557 1281; baseline -0.002 -14"><span class='ocrx_word' id='word_1_158' title='bbox 210 1231 300 1281; x_wconf 89' lang='lat' dir='ltr'><strong><em>lpsis</em></strong></span> <span class='ocrx_word' id='word_1_159' title='bbox 334 1230 397 1267; x_wconf 88' lang='lat' dir='ltr'><strong><em>Kl&#39;</em></strong></span> <span class='ocrx_word' id='word_1_160' title='bbox 431 1230 507 1267; x_wconf 84' lang='lat' dir='ltr'><strong><em>lan.</em></strong></span> <span class='ocrx_word' id='word_1_161' title='bbox 545 1230 699 1269; x_wconf 89' lang='lat' dir='ltr'><strong><em>Ouidius</em></strong></span> <span class='ocrx_word' id='word_1_162' title='bbox 740 1232 940 1269; x_wconf 75' lang='lat' dir='ltr'><strong><em>dedicatam</em></strong></span> <span class='ocrx_word' id='word_1_163' title='bbox 984 1229 1155 1269; x_wconf 82' lang='lat' dir='ltr'><strong><em>aedem</em></strong></span> <span class='ocrx_word' id='word_1_164' title='bbox 1188 1229 1477 1278; x_wconf 84' lang='lat' dir='ltr'><strong><em>Aesculapii</em></strong></span> <span class='ocrx_word' id='word_1_165' title='bbox 1518 1234 1557 1265; x_wconf 85' lang='lat' dir='ltr'><strong><em>et</em></strong></span> 
     </span>
     <span class='ocr_line' id='line_1_20' title="bbox 109 1290 1557 1344; baseline -0.003 -15"><span class='ocrx_word' id='word_1_166' title='bbox 109 1295 312 1344; x_wconf 83' lang='lat' dir='ltr'><strong><em>proximam</em></strong></span> <span class='ocrx_word' id='word_1_167' title='bbox 346 1292 379 1329; x_wconf 85' lang='lat' dir='ltr'><strong><em>ei</em></strong></span> <span class='ocrx_word' id='word_1_168' title='bbox 414 1291 545 1328; x_wconf 80' lang='lat' dir='ltr'><strong><em>louis</em></strong></span> <span class='ocrx_word' id='word_1_169' title='bbox 577 1292 730 1343; x_wconf 81' lang='lat' dir='ltr'><strong><em>scripsit.</em></strong></span> <span class='ocrx_word' id='word_1_170' title='bbox 782 1293 880 1330; x_wconf 84' lang='lat' dir='ltr'><strong><em>luter</em></strong></span> <span class='ocrx_word' id='word_1_171' title='bbox 907 1300 1098 1342; x_wconf 85' lang='lat' dir='ltr'><strong><em>utramque</em></strong></span> <span class='ocrx_word' id='word_1_172' title='bbox 1123 1290 1383 1328; x_wconf 81' lang='lat' dir='ltr'><strong><em>dedicationem</em></strong></span> <span class='ocrx_word' id='word_1_173' title='bbox 1414 1296 1557 1326; x_wconf 87' lang='lat' dir='ltr'><strong><em>centum</em></strong></span> 
     </span>
     <span class='ocr_line' id='line_1_21' title="bbox 109 1350 1557 1405; baseline -0.003 -14"><span class='ocrx_word' id='word_1_174' title='bbox 109 1355 189 1391; x_wconf 81' lang='lat' dir='ltr'><strong><em>fere</em></strong></span> <span class='ocrx_word' id='word_1_175' title='bbox 215 1354 299 1391; x_wconf 79' lang='lat' dir='ltr'><strong><em>anni</em></strong></span> <span class='ocrx_word' id='word_1_176' title='bbox 323 1353 485 1390; x_wconf 84' lang='lat' dir='ltr'><strong><em>suerunt.</em></strong></span> <span class='ocrx_word' id='word_1_177' title='bbox 531 1353 627 1390; x_wconf 83' lang='lat' dir='ltr'><strong><em>Nam</em></strong></span> <span class='ocrx_word' id='word_1_178' title='bbox 654 1355 856 1405; x_wconf 84' lang='lat' dir='ltr'><strong><em>Aesculapii</em></strong></span> <span class='ocrx_word' id='word_1_179' title='bbox 885 1354 1012 1392; x_wconf 87' lang='lat' dir='ltr'><strong><em>aedem</em></strong></span> <span class='ocrx_word' id='word_1_180' title='bbox 1038 1353 1149 1404; x_wconf 83' lang='lat' dir='ltr'><strong><em>paulo</em></strong></span> <span class='ocrx_word' id='word_1_181' title='bbox 1175 1358 1258 1402; x_wconf 86' lang='lat' dir='ltr'><strong><em>post</em></strong></span> <span class='ocrx_word' id='word_1_182' title='bbox 1283 1363 1416 1387; x_wconf 84' lang='lat' dir='ltr'><strong><em>annum</em></strong></span> <span class='ocrx_word' id='word_1_183' title='bbox 1441 1350 1488 1388; x_wconf 83' lang='lat' dir='ltr'><strong><em>V.</em></strong></span> <span class='ocrx_word' id='word_1_184' title='bbox 1511 1350 1557 1387; x_wconf 93' lang='lat' dir='ltr'><strong><em>C.</em></strong></span> 
     </span>
     <span class='ocr_line' id='line_1_22' title="bbox 109 1411 1557 1464; baseline -0.003 -12"><span class='ocrx_word' id='word_1_185' title='bbox 109 1416 186 1453; x_wconf 85' lang='grc'><strong><em>460</em></strong></span> <span class='ocrx_word' id='word_1_186' title='bbox 209 1414 344 1452; x_wconf 83' lang='lat' dir='ltr'><strong><em>saetam</em></strong></span> <span class='ocrx_word' id='word_1_187' title='bbox 370 1415 480 1452; x_wconf 81' lang='lat' dir='ltr'><strong><em>tradit</em></strong></span> <span class='ocrx_word' id='word_1_188' title='bbox 505 1414 631 1452; x_wconf 84' lang='lat' dir='ltr'><strong><em>Liuius</em></strong></span> <span class='ocrx_word' id='word_1_189' title='bbox 652 1419 701 1452; x_wconf 88' lang='grc'><strong><em>10</em></strong></span> <span class='ocrx_word' id='word_1_190' title='bbox 719 1423 810 1454; x_wconf 80' lang='lat' dir='ltr'><strong><em>extr.</em></strong></span> <span class='ocrx_word' id='word_1_191' title='bbox 829 1422 866 1453; x_wconf 87' lang='lat' dir='ltr'><strong><em>et</em></strong></span> <span class='ocrx_word' id='word_1_192' title='bbox 884 1415 971 1464; x_wconf 86' lang='lat' dir='ltr'><strong><em>epit.</em></strong></span> <span class='ocrx_word' id='word_1_193' title='bbox 992 1418 1038 1451; x_wconf 89' lang='lat'><strong><em>11</em></strong></span> <span class='ocrx_word' id='word_1_194' title='bbox 1067 1422 1104 1452; x_wconf 87' lang='lat' dir='ltr'><strong><em>et</em></strong></span> <span class='ocrx_word' id='word_1_195' title='bbox 1129 1414 1222 1450; x_wconf 86' lang='lat' dir='ltr'><strong><em>idem</em></strong></span> <span class='ocrx_word' id='word_1_196' title='bbox 1243 1415 1304 1457; x_wconf 83' lang='lat'><strong><em>34,</em></strong></span> <span class='ocrx_word' id='word_1_197' title='bbox 1320 1414 1369 1450; x_wconf 85' lang='lat'><strong><em>53</em></strong></span> <span class='ocrx_word' id='word_1_198' title='bbox 1396 1411 1443 1449; x_wconf 90' lang='lat' dir='ltr'><strong><em>de</em></strong></span> <span class='ocrx_word' id='word_1_199' title='bbox 1460 1423 1557 1449; x_wconf 82' lang='lat' dir='ltr'><strong><em>anno</em></strong></span> 
     </span>
     <span class='ocr_line' id='line_1_23' title="bbox 108 1473 1557 1516; baseline -0.004 0"><span class='ocrx_word' id='word_1_200' title='bbox 108 1478 185 1516; x_wconf 76' lang='lat'><strong><em>560</em></strong></span> <span class='ocrx_word' id='word_1_201' title='bbox 209 1478 280 1515; x_wconf 76' lang='lat' dir='ltr'><strong><em>ita:</em></strong></span> <span class='ocrx_word' id='word_1_202' title='bbox 304 1478 345 1514; x_wconf 76' lang='lat' dir='ltr'><strong><em>in</em></strong></span> <span class='ocrx_word' id='word_1_203' title='bbox 369 1476 490 1514; x_wconf 80' lang='lat' dir='ltr'><strong><em>insula</em></strong></span> <span class='ocrx_word' id='word_1_204' title='bbox 516 1479 620 1514; x_wconf 83' lang='lat' dir='ltr'><strong><em>Iouis</em></strong></span> <span class='ocrx_word' id='word_1_205' title='bbox 645 1476 766 1514; x_wconf 83' lang='lat' dir='ltr'><strong><em>aedem</em></strong></span> <span class='ocrx_word' id='word_1_206' title='bbox 791 1478 830 1515; x_wconf 87' lang='lat' dir='ltr'><strong><em>G.</em></strong></span> <span class='ocrx_word' id='word_1_207' title='bbox 845 1477 1026 1516; x_wconf 82' lang='lat' dir='ltr'><strong><em>Seruilius</em></strong></span> <span class='ocrx_word' id='word_1_208' title='bbox 1050 1475 1220 1513; x_wconf 83' lang='lat' dir='ltr'><strong><em>duumuir</em></strong></span> <span class='ocrx_word' id='word_1_209' title='bbox 1245 1473 1442 1511; x_wconf 76' lang='lat' dir='ltr'><strong><em>dedicauit:</em></strong></span> <span class='ocrx_word' id='word_1_210' title='bbox 1466 1478 1557 1511; x_wconf 83' lang='lat' dir='ltr'><strong><em>uota</em></strong></span> 
     </span>
     <span class='ocr_line' id='line_1_24' title="bbox 108 1538 1558 1585; baseline -0.002 -9"><span class='ocrx_word' id='word_1_211' title='bbox 108 1543 189 1577; x_wconf 84' lang='lat' dir='ltr'><strong><em>erat</em></strong></span> <span class='ocrx_word' id='word_1_212' title='bbox 213 1550 279 1577; x_wconf 71' lang='lat' dir='ltr'><strong><em>sea·</em></strong></span> <span class='ocrx_word' id='word_1_213' title='bbox 307 1540 415 1577; x_wconf 83' lang='lat' dir='ltr'><strong><em>annis</em></strong></span> <span class='ocrx_word' id='word_1_214' title='bbox 441 1542 527 1576; x_wconf 82' lang='lat' dir='ltr'><strong><em>amte</em></strong></span> <span class='ocrx_word' id='word_1_215' title='bbox 555 1538 697 1576; x_wconf 81' lang='lat' dir='ltr'><strong><em>Gallico</em></strong></span> <span class='ocrx_word' id='word_1_216' title='bbox 724 1538 814 1578; x_wconf 82' lang='lat' dir='ltr'><strong><em>bello</em></strong></span> <span class='ocrx_word' id='word_1_217' title='bbox 840 1539 887 1577; x_wconf 78' lang='lat' dir='ltr'><strong><em>ab</em></strong></span> <span class='ocrx_word' id='word_1_218' title='bbox 912 1542 961 1578; x_wconf 80' lang='lat'><strong><em>1..</em></strong></span> <span class='ocrx_word' id='word_1_219' title='bbox 990 1539 1101 1577; x_wconf 81' lang='lat' dir='ltr'><strong><em>Furio</em></strong></span> <span class='ocrx_word' id='word_1_220' title='bbox 1125 1539 1358 1585; x_wconf 79' lang='lat' dir='ltr'><strong><em>Purpureone</em></strong></span> <span class='ocrx_word' id='word_1_221' title='bbox 1379 1540 1558 1585; x_wconf 84' lang='lat' dir='ltr'><strong><em>praetore,</em></strong></span> 
     </span>
     <span class='ocr_line' id='line_1_25' title="bbox 109 1596 1558 1652; baseline -0.003 -13"><span class='ocrx_word' id='word_1_222' title='bbox 109 1600 155 1639; x_wconf 80' lang='lat' dir='ltr'><strong><em>ab</em></strong></span> <span class='ocrx_word' id='word_1_223' title='bbox 179 1601 299 1639; x_wconf 85' lang='lat' dir='ltr'><strong><em>eodem</em></strong></span> <span class='ocrx_word' id='word_1_224' title='bbox 323 1605 449 1652; x_wconf 86' lang='lat' dir='ltr'><strong><em>postea</em></strong></span> <span class='ocrx_word' id='word_1_225' title='bbox 475 1600 618 1638; x_wconf 85' lang='lat' dir='ltr'><strong><em>consule</em></strong></span> <span class='ocrx_word' id='word_1_226' title='bbox 642 1599 778 1639; x_wconf 91' lang='lat' dir='ltr'><strong><em>locata.</em></strong></span> <span class='ocrx_word' id='word_1_227' title='bbox 837 1601 908 1639; x_wconf 89' lang='lat' dir='ltr'><strong><em>Vbi</em></strong></span> <span class='ocrx_word' id='word_1_228' title='bbox 941 1600 989 1638; x_wconf 90' lang='lat' dir='ltr'><strong><em>de</em></strong></span> <span class='ocrx_word' id='word_1_229' title='bbox 1020 1606 1106 1637; x_wconf 83' lang='lat' dir='ltr'><strong><em>uota</em></strong></span> <span class='ocrx_word' id='word_1_230' title='bbox 1138 1598 1230 1636; x_wconf 82' lang='lat' dir='ltr'><strong><em>aede</em></strong></span> <span class='ocrx_word' id='word_1_231' title='bbox 1264 1604 1432 1634; x_wconf 83' lang='lat' dir='ltr'><strong><em>narratur</em></strong></span> <span class='ocrx_word' id='word_1_232' title='bbox 1458 1596 1558 1648; x_wconf 84' lang='lat' dir='ltr'><strong><em>apud</em></strong></span> 
     </span>
     <span class='ocr_line' id='line_1_26' title="bbox 107 1659 1557 1712; baseline -0.003 -11"><span class='ocrx_word' id='word_1_233' title='bbox 107 1663 252 1701; x_wconf 85' lang='lat' dir='ltr'><strong><em>Liuium</em></strong></span> <span class='ocrx_word' id='word_1_234' title='bbox 278 1667 341 1712; x_wconf 82' lang='lat'><strong><em>31,</em></strong></span> <span class='ocrx_word' id='word_1_235' title='bbox 360 1666 424 1709; x_wconf 88' lang='lat'><strong><em>21,</em></strong></span> <span class='ocrx_word' id='word_1_236' title='bbox 451 1662 558 1698; x_wconf 86' lang='lat' dir='ltr'><strong><em>codd.</em></strong></span> <span class='ocrx_word' id='word_1_237' title='bbox 586 1662 636 1698; x_wconf 84' lang='lat' dir='ltr'><strong><em>ita</em></strong></span> <span class='ocrx_word' id='word_1_238' title='bbox 663 1662 819 1700; x_wconf 83' lang='lat' dir='ltr'><strong><em>habent:</em></strong></span> <span class='ocrx_word' id='word_1_239' title='bbox 847 1662 1038 1711; x_wconf 87' lang='lat' dir='ltr'><strong><em>aedemque</em></strong></span> <span class='ocrx_word' id='word_1_240' title='bbox 1063 1661 1127 1699; x_wconf 87' lang='lat' dir='ltr'><strong><em>deo</em></strong></span> <span class='ocrx_word' id='word_1_241' title='bbox 1151 1662 1236 1698; x_wconf 86' lang='lat' dir='ltr'><strong><em>Ioui</em></strong></span> <span class='ocrx_word' id='word_1_242' title='bbox 1259 1661 1376 1707; x_wconf 83' lang='lat' dir='ltr'><strong><em>uouit,</em></strong></span> <span class='ocrx_word' id='word_1_243' title='bbox 1407 1659 1467 1696; x_wconf 88' lang='lat' dir='ltr'><strong><em>uel</em></strong></span> <span class='ocrx_word' id='word_1_244' title='bbox 1492 1671 1557 1697; x_wconf 91' lang='lat' dir='ltr'><strong><em>ae-</em></strong></span> 
     </span>
     <span class='ocr_line' id='line_1_27' title="bbox 109 1719 1558 1775; baseline -0.002 -13"><span class='ocrx_word' id='word_1_245' title='bbox 109 1725 257 1775; x_wconf 83' lang='lat' dir='ltr'><strong><em>demque</em></strong></span> <span class='ocrx_word' id='word_1_246' title='bbox 273 1725 329 1763; x_wconf 87' lang='lat' dir='ltr'><strong><em>d&#39;o</em></strong></span> <span class='ocrx_word' id='word_1_247' title='bbox 347 1725 449 1769; x_wconf 79' lang='lat' dir='ltr'><strong><em>Ioui3</em></strong></span> <span class='ocrx_word' id='word_1_248' title='bbox 475 1723 664 1772; x_wconf 83' lang='lat' dir='ltr'><strong><em>aedemque</em></strong></span> <span class='ocrx_word' id='word_1_249' title='bbox 685 1726 813 1761; x_wconf 80' lang='lat' dir='ltr'><strong><em>Diioui</em></strong></span> <span class='ocrx_word' id='word_1_250' title='bbox 835 1725 1000 1761; x_wconf 79' lang='lat' dir='ltr'><strong><em>tentabat</em></strong></span> <span class='ocrx_word' id='word_1_251' title='bbox 1019 1723 1206 1769; x_wconf 84' lang='lat' dir='ltr'><strong><em>Valesius;</em></strong></span> <span class='ocrx_word' id='word_1_252' title='bbox 1235 1721 1405 1770; x_wconf 81' lang='lat' dir='ltr'><strong><em>Sigonius</em></strong></span> <span class='ocrx_word' id='word_1_253' title='bbox 1432 1719 1558 1759; x_wconf 81' lang='lat' dir='ltr'><strong><em>aedes-</em></strong></span> 
     </span>
     <span class='ocr_line' id='line_1_28' title="bbox 111 1783 1557 1837; baseline -0.002 -13"><span class='ocrx_word' id='word_1_254' title='bbox 111 1798 178 1837; x_wconf 83' lang='lat' dir='ltr'><strong><em>que</em></strong></span> <span class='ocrx_word' id='word_1_255' title='bbox 211 1785 306 1822; x_wconf 70' lang='lat' dir='ltr'><strong><em>(litas</em></strong></span> <span class='ocrx_word' id='word_1_256' title='bbox 339 1788 434 1822; x_wconf 84' lang='lat' dir='ltr'><strong><em>Ioui.</em></strong></span> <span class='ocrx_word' id='word_1_257' title='bbox 487 1785 672 1821; x_wconf 83' lang='lat' dir='ltr'><strong><em>Suaserim</em></strong></span> <span class='ocrx_word' id='word_1_258' title='bbox 705 1785 894 1834; x_wconf 84' lang='lat' dir='ltr'><strong><em>aedemque</em></strong></span> <span class='ocrx_word' id='word_1_259' title='bbox 932 1784 1093 1821; x_wconf 84' lang='lat' dir='ltr'><strong><em>Vedioui.</em></strong></span> <span class='ocrx_word' id='word_1_260' title='bbox 1152 1783 1284 1833; x_wconf 87' lang='lat' dir='ltr'><strong><em>Neque</em></strong></span> <span class='ocrx_word' id='word_1_261' title='bbox 1316 1783 1410 1819; x_wconf 88' lang='lat' dir='ltr'><strong><em>enim</em></strong></span> <span class='ocrx_word' id='word_1_262' title='bbox 1443 1784 1557 1821; x_wconf 89' lang='lat' dir='ltr'><strong><em>multo</em></strong></span> 
     </span>
     <span class='ocr_line' id='line_1_29' title="bbox 110 1844 1558 1898; baseline -0.002 -13"><span class='ocrx_word' id='word_1_263' title='bbox 110 1849 256 1898; x_wconf 82' lang='lat' dir='ltr'><strong><em>grauius</em></strong></span> <span class='ocrx_word' id='word_1_264' title='bbox 283 1853 340 1884; x_wconf 86' lang='lat' dir='ltr'><strong><em>est</em></strong></span> <span class='ocrx_word' id='word_1_265' title='bbox 364 1845 556 1883; x_wconf 85' lang='lat' dir='ltr'><strong><em>ferendum</em></strong></span> <span class='ocrx_word' id='word_1_266' title='bbox 582 1846 728 1883; x_wconf 86' lang='lat' dir='ltr'><strong><em>Liuium</em></strong></span> <span class='ocrx_word' id='word_1_267' title='bbox 754 1858 777 1883; x_wconf 90' lang='lat' dir='ltr'><strong><em>a</em></strong></span> <span class='ocrx_word' id='word_1_268' title='bbox 801 1858 841 1883; x_wconf 88' lang='lat' dir='ltr'><strong><em>se</em></strong></span> <span class='ocrx_word' id='word_1_269' title='bbox 866 1847 945 1897; x_wconf 89' lang='lat' dir='ltr'><strong><em>ipso</em></strong></span> <span class='ocrx_word' id='word_1_270' title='bbox 970 1845 1173 1890; x_wconf 77' lang='lat' dir='ltr'><strong><em>dissentire,</em></strong></span> <span class='ocrx_word' id='word_1_271' title='bbox 1200 1856 1310 1894; x_wconf 81' lang='lat' dir='ltr'><strong><em>quam</em></strong></span> <span class='ocrx_word' id='word_1_272' title='bbox 1336 1844 1508 1883; x_wconf 89' lang='lat' dir='ltr'><strong><em>Ouidium</em></strong></span> <span class='ocrx_word' id='word_1_273' title='bbox 1533 1856 1558 1882; x_wconf 79' lang='lat' dir='ltr'><strong><em>a</em></strong></span> 
     </span>
     <span class='ocr_line' id='line_1_30' title="bbox 108 1906 1558 1958; baseline -0.003 -10"><span class='ocrx_word' id='word_1_274' title='bbox 108 1910 240 1949; x_wconf 82' lang='lat' dir='ltr'><strong><em>Verrio</em></strong></span> <span class='ocrx_word' id='word_1_275' title='bbox 259 1910 394 1947; x_wconf 86' lang='lat' dir='ltr'><strong><em>Flacco</em></strong></span> <span class='ocrx_word' id='word_1_276' title='bbox 420 1909 456 1945; x_wconf 89' lang='lat' dir='ltr'><strong><em>in</em></strong></span> <span class='ocrx_word' id='word_1_277' title='bbox 483 1907 608 1945; x_wconf 84' lang='lat' dir='ltr'><strong><em>tabula</em></strong></span> <span class='ocrx_word' id='word_1_278' title='bbox 635 1909 751 1958; x_wconf 82' lang='lat' dir='ltr'><strong><em>prima</em></strong></span> <span class='ocrx_word' id='word_1_279' title='bbox 768 1907 1015 1954; x_wconf 82' lang='lat' dir='ltr'><strong><em>Praenestina,</em></strong></span> <span class='ocrx_word' id='word_1_280' title='bbox 1042 1907 1103 1943; x_wconf 91' lang='lat' dir='ltr'><strong><em>ubi</em></strong></span> <span class='ocrx_word' id='word_1_281' title='bbox 1129 1906 1226 1943; x_wconf 86' lang='lat' dir='ltr'><strong><em>clare</em></strong></span> <span class='ocrx_word' id='word_1_282' title='bbox 1250 1906 1381 1956; x_wconf 84' lang='lat' dir='ltr'><strong><em>legitur</em></strong></span> <span class='ocrx_word' id='word_1_283' title='bbox 1405 1933 1438 1944; x_wconf 93' lang='lat'><strong><em>..</em></strong></span> <span class='ocrx_word' id='word_1_284' title='bbox 1453 1907 1558 1945; x_wconf 79' lang='lat' dir='ltr'><strong><em>.LA·</em></strong></span> 
     </span>
     <span class='ocr_line' id='line_1_31' title="bbox 107 1967 1558 2017; baseline -0.003 -6"><span class='ocrx_word' id='word_1_285' title='bbox 107 1969 755 2011; x_wconf 82' lang='lat' dir='ltr'><strong><em>P10.VED10V1.1N.1NSVLA.</em></strong></span> <span class='ocrx_word' id='word_1_286' title='bbox 817 1969 1007 2009; x_wconf 86' lang='lat' dir='ltr'><strong><em>Vitruuius</em></strong></span> <span class='ocrx_word' id='word_1_287' title='bbox 1042 1973 1084 2017; x_wconf 79' lang='lat'><strong><em>3,</em></strong></span> <span class='ocrx_word' id='word_1_288' title='bbox 1112 1973 1133 2006; x_wconf 88' lang='lat'>1</span> <span class='ocrx_word' id='word_1_289' title='bbox 1169 1967 1292 2006; x_wconf 82' lang='lat' dir='ltr'><strong><em>aedem</em></strong></span> <span class='ocrx_word' id='word_1_290' title='bbox 1316 1970 1419 2006; x_wconf 86' lang='lat' dir='ltr'><strong><em>Iouis</em></strong></span> <span class='ocrx_word' id='word_1_291' title='bbox 1449 1970 1558 2007; x_wconf 82' lang='lat' dir='ltr'><strong><em>etiam</em></strong></span> 
     </span>
     <span class='ocr_line' id='line_1_32' title="bbox 109 2029 1556 2084; baseline -0.001 -14"><span class='ocrx_word' id='word_1_292' title='bbox 109 2039 321 2084; x_wconf 82' lang='lat' dir='ltr'><strong><em>nuncupat,</em></strong></span> <span class='ocrx_word' id='word_1_293' title='bbox 358 2045 426 2070; x_wconf 91' lang='lat' dir='ltr'><strong><em>nec</em></strong></span> <span class='ocrx_word' id='word_1_294' title='bbox 458 2033 532 2070; x_wconf 88' lang='lat' dir='ltr'><strong><em>scio</em></strong></span> <span class='ocrx_word' id='word_1_295' title='bbox 566 2044 654 2069; x_wconf 87' lang='lat' dir='ltr'><strong><em>num</em></strong></span> <span class='ocrx_word' id='word_1_296' title='bbox 689 2032 833 2069; x_wconf 86' lang='lat' dir='ltr'><strong><em>codices</em></strong></span> <span class='ocrx_word' id='word_1_297' title='bbox 869 2031 1095 2081; x_wconf 70' lang='lat' dir='ltr'><strong><em>discrepentz</em></strong></span> <span class='ocrx_word' id='word_1_298' title='bbox 1134 2029 1294 2067; x_wconf 86' lang='lat' dir='ltr'><strong><em>editione</em></strong></span> <span class='ocrx_word' id='word_1_299' title='bbox 1318 2030 1427 2067; x_wconf 89' lang='lat' dir='ltr'><strong><em>Rodii</em></strong></span> <span class='ocrx_word' id='word_1_300' title='bbox 1460 2037 1556 2069; x_wconf 85' lang='lat' dir='ltr'><strong><em>utor.</em></strong></span> 
     </span>
     <span class='ocr_line' id='line_1_33' title="bbox 108 2091 1554 2145; baseline -0.002 -13"><span class='ocrx_word' id='word_1_301' title='bbox 108 2095 220 2140; x_wconf 90' lang='lat' dir='ltr'><strong><em>Quod</em></strong></span> <span class='ocrx_word' id='word_1_302' title='bbox 239 2107 259 2131; x_wconf 83' lang='lat' dir='ltr'><strong><em>a</em></strong></span> <span class='ocrx_word' id='word_1_303' title='bbox 278 2094 429 2132; x_wconf 85' lang='lat' dir='ltr'><strong><em>Sachsio</em></strong></span> <span class='ocrx_word' id='word_1_304' title='bbox 451 2099 489 2144; x_wconf 90' lang='lat'><strong><em>1,</em></strong></span> <span class='ocrx_word' id='word_1_305' title='bbox 510 2108 547 2145; x_wconf 87' lang='lat' dir='ltr'><strong><em>p.</em></strong></span> <span class='ocrx_word' id='word_1_306' title='bbox 563 2095 635 2130; x_wconf 84' lang='lat'><strong><em>413</em></strong></span> <span class='ocrx_word' id='word_1_307' title='bbox 658 2094 822 2132; x_wconf 90' lang='lat' dir='ltr'><strong><em>Blondus</em></strong></span> <span class='ocrx_word' id='word_1_308' title='bbox 848 2100 884 2132; x_wconf 84' lang='lat' dir='ltr'><strong><em>et</em></strong></span> <span class='ocrx_word' id='word_1_309' title='bbox 909 2094 955 2131; x_wconf 81' lang='lat' dir='ltr'><strong><em>ab</em></strong></span> <span class='ocrx_word' id='word_1_310' title='bbox 983 2091 1111 2131; x_wconf 85' lang='lat' dir='ltr'><strong><em>eodem</em></strong></span> <span class='ocrx_word' id='word_1_311' title='bbox 1134 2098 1171 2129; x_wconf 90' lang='lat' dir='ltr'><strong><em>et</em></strong></span> <span class='ocrx_word' id='word_1_312' title='bbox 1192 2091 1409 2139; x_wconf 61' lang='lat' dir='ltr'><strong><em>Nardino‘s,</em></strong></span> <span class='ocrx_word' id='word_1_313' title='bbox 1428 2105 1466 2141; x_wconf 87' lang='lat' dir='ltr'><strong><em>p.</em></strong></span> <span class='ocrx_word' id='word_1_314' title='bbox 1481 2094 1554 2129; x_wconf 77' lang='lat'><strong><em>351</em></strong></span> 
     </span>
     <span class='ocr_line' id='line_1_34' title="bbox 107 2152 1555 2204; baseline -0.003 -9"><span class='ocrx_word' id='word_1_315' title='bbox 107 2158 309 2195; x_wconf 67' lang='lat' dir='ltr'><strong><em>Martianus</em></strong></span> <span class='ocrx_word' id='word_1_316' title='bbox 336 2164 373 2195; x_wconf 92' lang='lat' dir='ltr'><strong><em>et</em></strong></span> <span class='ocrx_word' id='word_1_317' title='bbox 399 2170 420 2193; x_wconf 81' lang='lat' dir='ltr'><strong><em>a</em></strong></span> <span class='ocrx_word' id='word_1_318' title='bbox 446 2156 611 2194; x_wconf 84' lang='lat' dir='ltr'><strong><em>Nardino</em></strong></span> <span class='ocrx_word' id='word_1_319' title='bbox 638 2157 750 2195; x_wconf 86' lang='lat' dir='ltr'><strong><em>Andr.</em></strong></span> <span class='ocrx_word' id='word_1_320' title='bbox 776 2156 927 2192; x_wconf 89' lang='lat' dir='ltr'><strong><em>Fuluius</em></strong></span> <span class='ocrx_word' id='word_1_321' title='bbox 954 2155 1104 2204; x_wconf 83' lang='lat' dir='ltr'><strong><em>uestigia</em></strong></span> <span class='ocrx_word' id='word_1_322' title='bbox 1132 2152 1310 2203; x_wconf 82' lang='lat' dir='ltr'><strong><em>quaedam</em></strong></span> <span class='ocrx_word' id='word_1_323' title='bbox 1337 2153 1460 2202; x_wconf 88' lang='lat' dir='ltr'><strong><em>templi</em></strong></span> <span class='ocrx_word' id='word_1_324' title='bbox 1485 2154 1555 2190; x_wconf 85' lang='lat' dir='ltr'><strong><em>Ae·</em></strong></span> 
     </span>
     <span class='ocr_line' id='line_1_35' title="bbox 107 2213 1555 2270; baseline -0.004 -14"><span class='ocrx_word' id='word_1_325' title='bbox 107 2220 257 2270; x_wconf 80' lang='lat' dir='ltr'><strong><em>sculapii</em></strong></span> <span class='ocrx_word' id='word_1_326' title='bbox 295 2219 428 2257; x_wconf 83' lang='lat' dir='ltr'><strong><em>uidisse</em></strong></span> <span class='ocrx_word' id='word_1_327' title='bbox 461 2219 631 2256; x_wconf 83' lang='lat' dir='ltr'><strong><em>dicuntur</em></strong></span> <span class='ocrx_word' id='word_1_328' title='bbox 666 2220 702 2256; x_wconf 89' lang='lat' dir='ltr'><strong><em>in</em></strong></span> <span class='ocrx_word' id='word_1_329' title='bbox 734 2218 905 2256; x_wconf 80' lang='lat' dir='ltr'><strong><em>inferiore</em></strong></span> <span class='ocrx_word' id='word_1_330' title='bbox 930 2216 1067 2253; x_wconf 80' lang='lat' dir='ltr'><strong><em>insulae</em></strong></span> <span class='ocrx_word' id='word_1_331' title='bbox 1093 2221 1219 2266; x_wconf 83' lang='lat' dir='ltr'><strong><em>parte,</em></strong></span> <span class='ocrx_word' id='word_1_332' title='bbox 1255 2215 1313 2251; x_wconf 89' lang='lat' dir='ltr'><strong><em>ubi</em></strong></span> <span class='ocrx_word' id='word_1_333' title='bbox 1341 2213 1448 2251; x_wconf 83' lang='lat' dir='ltr'><strong><em>bodie</em></strong></span> <span class='ocrx_word' id='word_1_334' title='bbox 1479 2213 1555 2251; x_wconf 84' lang='lat' dir='ltr'><strong><em>diui</em></strong></span> 
     </span>
     <span class='ocr_line' id='line_1_36' title="bbox 107 2276 1553 2329; baseline -0.005 -10"><span class='ocrx_word' id='word_1_335' title='bbox 107 2282 370 2319; x_wconf 84' lang='lat' dir='ltr'><strong><em>Bartolommei</em></strong></span> <span class='ocrx_word' id='word_1_336' title='bbox 396 2281 527 2329; x_wconf 78' lang='lat' dir='ltr'><strong><em>aedes,</em></strong></span> <span class='ocrx_word' id='word_1_337' title='bbox 560 2281 597 2318; x_wconf 91' lang='lat' dir='ltr'><strong><em>id</em></strong></span> <span class='ocrx_word' id='word_1_338' title='bbox 622 2280 669 2318; x_wconf 88' lang='lat' dir='ltr'><strong><em>de</em></strong></span> <span class='ocrx_word' id='word_1_339' title='bbox 698 2281 809 2329; x_wconf 86' lang='lat' dir='ltr'><strong><em>priori</em></strong></span> <span class='ocrx_word' id='word_1_340' title='bbox 837 2286 1015 2329; x_wconf 86' lang='lat' dir='ltr'><strong><em>utroque,</em></strong></span> <span class='ocrx_word' id='word_1_341' title='bbox 1041 2278 1149 2316; x_wconf 87' lang='lat' dir='ltr'><strong><em>Rom.</em></strong></span> <span class='ocrx_word' id='word_1_342' title='bbox 1178 2277 1261 2314; x_wconf 80' lang='lat' dir='ltr'><strong><em>inst.</em></strong></span> <span class='ocrx_word' id='word_1_343' title='bbox 1288 2276 1349 2312; x_wconf 86' lang='lat' dir='ltr'><strong><em>lib.</em></strong></span> <span class='ocrx_word' id='word_1_344' title='bbox 1376 2279 1400 2312; x_wconf 82' lang='lat'><strong>2</strong></span> <span class='ocrx_word' id='word_1_345' title='bbox 1426 2288 1464 2326; x_wconf 92' lang='lat' dir='ltr'><strong><em>p.</em></strong></span> <span class='ocrx_word' id='word_1_346' title='bbox 1480 2277 1553 2312; x_wconf 84' lang='lat'><strong><em>252</em></strong></span> 
     </span>
     <span class='ocr_line' id='line_1_37' title="bbox 107 2330 1553 2394; baseline -0.006 -13"><span class='ocrx_word' id='word_1_347' title='bbox 107 2343 168 2381; x_wconf 84' lang='lat' dir='ltr'><strong><em>ed.</em></strong></span> <span class='ocrx_word' id='word_1_348' title='bbox 188 2343 273 2382; x_wconf 81' lang='lat' dir='ltr'><strong><em>Bas.</em></strong></span> <span class='ocrx_word' id='word_1_349' title='bbox 296 2350 335 2382; x_wconf 88' lang='lat' dir='ltr'><strong><em>et</em></strong></span> <span class='ocrx_word' id='word_1_350' title='bbox 352 2344 441 2381; x_wconf 90' lang='lat' dir='ltr'><strong><em>Vrb.</em></strong></span> <span class='ocrx_word' id='word_1_351' title='bbox 462 2350 538 2394; x_wconf 89' lang='lat' dir='ltr'><strong><em>top.</em></strong></span> <span class='ocrx_word' id='word_1_352' title='bbox 568 2344 606 2391; x_wconf 80' lang='lat'><strong><em>5,</em></strong></span> <span class='ocrx_word' id='word_1_353' title='bbox 626 2345 672 2379; x_wconf 88' lang='lat'><strong><em>16</em></strong></span> <span class='ocrx_word' id='word_1_354' title='bbox 699 2355 737 2392; x_wconf 87' lang='lat' dir='ltr'><strong><em>p.</em></strong></span> <span class='ocrx_word' id='word_1_355' title='bbox 750 2343 825 2378; x_wconf 85' lang='lat'><strong><em>246</em></strong></span> <span class='ocrx_word' id='word_1_356' title='bbox 844 2342 912 2379; x_wconf 87' lang='lat' dir='ltr'><strong><em>Gr.</em></strong></span> <span class='ocrx_word' id='word_1_357' title='bbox 939 2341 1031 2378; x_wconf 83' lang='lat' dir='ltr'><strong><em>salso</em></strong></span> <span class='ocrx_word' id='word_1_358' title='bbox 1056 2339 1225 2387; x_wconf 85' lang='lat' dir='ltr'><strong><em>traditur,</em></strong></span> <span class='ocrx_word' id='word_1_359' title='bbox 1252 2338 1377 2375; x_wconf 88' lang='lat' dir='ltr'><strong><em>tertius</em></strong></span> <span class='ocrx_word' id='word_1_360' title='bbox 1402 2336 1449 2374; x_wconf 83' lang='lat' dir='ltr'><strong><em>ad</em></strong></span> <span class='ocrx_word' id='word_1_361' title='bbox 1476 2330 1553 2374; x_wconf 71' lang='lat' dir='ltr'><strong><em>ma-</em></strong></span> 
     </span>
     <span class='ocr_line' id='line_1_38' title="bbox 107 2400 1554 2454; baseline -0.005 -11"><span class='ocrx_word' id='word_1_362' title='bbox 107 2418 175 2443; x_wconf 84' lang='lat' dir='ltr'><strong><em>nus</em></strong></span> <span class='ocrx_word' id='word_1_363' title='bbox 202 2406 287 2442; x_wconf 79' lang='lat' dir='ltr'><strong><em>mihi</em></strong></span> <span class='ocrx_word' id='word_1_364' title='bbox 314 2420 385 2443; x_wconf 89' lang='lat' dir='ltr'><strong><em>nou</em></strong></span> <span class='ocrx_word' id='word_1_365' title='bbox 411 2406 490 2442; x_wconf 85' lang='lat' dir='ltr'><strong><em>suit.</em></strong></span> <span class='ocrx_word' id='word_1_366' title='bbox 532 2404 729 2454; x_wconf 85' lang='lat' dir='ltr'><strong><em>Templum</em></strong></span> <span class='ocrx_word' id='word_1_367' title='bbox 752 2403 916 2453; x_wconf 88' lang='lat' dir='ltr'><strong><em>Pompeii</em></strong></span> <span class='ocrx_word' id='word_1_368' title='bbox 939 2403 1038 2441; x_wconf 87' lang='lat' dir='ltr'><strong><em>Festi</em></strong></span> <span class='ocrx_word' id='word_1_369' title='bbox 1064 2408 1184 2440; x_wconf 84' lang='lat' dir='ltr'><strong><em>aetate</em></strong></span> <span class='ocrx_word' id='word_1_370' title='bbox 1209 2400 1369 2437; x_wconf 83' lang='lat' dir='ltr'><strong><em>fortassis</em></strong></span> <span class='ocrx_word' id='word_1_371' title='bbox 1396 2410 1554 2436; x_wconf 88' lang='lat' dir='ltr'><strong><em>euanue·</em></strong></span> 
     </span>
     <span class='ocr_line' id='line_1_39' title="bbox 108 2465 925 2516; baseline -0.001 -12"><span class='ocrx_word' id='word_1_372' title='bbox 108 2474 179 2515; x_wconf 85' lang='lat' dir='ltr'><strong><em>rat,</em></strong></span> <span class='ocrx_word' id='word_1_373' title='bbox 205 2467 279 2504; x_wconf 92' lang='lat' dir='ltr'><strong><em>uid.</em></strong></span> <span class='ocrx_word' id='word_1_374' title='bbox 303 2467 406 2504; x_wconf 83' lang='lat' dir='ltr'><strong><em>Paul.</em></strong></span> <span class='ocrx_word' id='word_1_375' title='bbox 435 2468 536 2504; x_wconf 88' lang='lat' dir='ltr'><strong><em>Diae.</em></strong></span> <span class='ocrx_word' id='word_1_376' title='bbox 564 2480 603 2516; x_wconf 93' lang='lat' dir='ltr'><strong><em>p.</em></strong></span> <span class='ocrx_word' id='word_1_377' title='bbox 620 2469 706 2515; x_wconf 85' lang='lat'>110,</span> <span class='ocrx_word' id='word_1_378' title='bbox 726 2468 774 2503; x_wconf 83' lang='lat'><strong><em>14</em></strong></span> <span class='ocrx_word' id='word_1_379' title='bbox 800 2465 925 2503; x_wconf 85' lang='lat' dir='ltr'><strong><em>Muell.</em></strong></span> 
     </span>
    </p>

    <p class='ocr_par' dir='ltr' id='par_1_10' title="bbox 110 2522 1556 2703">
     <span class='ocr_line' id='line_1_40' title="bbox 211 2522 1556 2579; baseline -0.005 -13"><span class='ocrx_word' id='word_1_380' title='bbox 211 2529 385 2579; x_wconf 79' lang='lat' dir='ltr'><strong><em>Sequitur</em></strong></span> <span class='ocrx_word' id='word_1_381' title='bbox 422 2529 520 2579; x_wconf 73' lang='lat' dir='ltr'><strong><em>apud</em></strong></span> <span class='ocrx_word' id='word_1_382' title='bbox 549 2529 723 2567; x_wconf 84' lang='lat' dir='ltr'><strong><em>Ouidium</em></strong></span> <span class='ocrx_word' id='word_1_383' title='bbox 758 2528 804 2564; x_wconf 86' lang='grc' dir='ltr'><strong><em>ΙΙΙ</em></strong></span> <span class='ocrx_word' id='word_1_384' title='bbox 832 2527 884 2564; x_wconf 82' lang='lat' dir='ltr'><strong><em>ld.</em></strong></span> <span class='ocrx_word' id='word_1_385' title='bbox 916 2527 990 2565; x_wconf 84' lang='lat' dir='ltr'><strong><em>lan.</em></strong></span> <span class='ocrx_word' id='word_1_386' title='bbox 1045 2527 1185 2564; x_wconf 82' lang='lat' dir='ltr'><strong><em>aedes</em></strong></span> <span class='ocrx_word' id='word_1_387' title='bbox 1217 2525 1474 2571; x_wconf 82' lang='lat' dir='ltr'><strong><em>Iuturnae,</em></strong></span> <span class='ocrx_word' id='word_1_388' title='bbox 1508 2522 1556 2560; x_wconf 90' lang='lat' dir='ltr'><strong><em>de</em></strong></span> 
     </span>
     <span class='ocr_line' id='line_1_41' title="bbox 110 2587 1555 2641; baseline -0.005 -13"><span class='ocrx_word' id='word_1_389' title='bbox 110 2603 183 2641; x_wconf 84' lang='lat' dir='ltr'><strong><em>qua</em></strong></span> <span class='ocrx_word' id='word_1_390' title='bbox 218 2592 332 2628; x_wconf 89' lang='lat' dir='ltr'><strong><em>multo</em></strong></span> <span class='ocrx_word' id='word_1_391' title='bbox 367 2592 584 2628; x_wconf 86' lang='lat' dir='ltr'><strong><em>luculentius</em></strong></span> <span class='ocrx_word' id='word_1_392' title='bbox 611 2589 712 2628; x_wconf 84' lang='lat' dir='ltr'><strong><em>Ruso</em></strong></span> <span class='ocrx_word' id='word_1_393' title='bbox 748 2596 786 2627; x_wconf 91' lang='lat' dir='ltr'><strong><em>et</em></strong></span> <span class='ocrx_word' id='word_1_394' title='bbox 812 2589 981 2637; x_wconf 84' lang='lat' dir='ltr'><strong><em>Victore,</em></strong></span> <span class='ocrx_word' id='word_1_395' title='bbox 1015 2590 1075 2640; x_wconf 89' lang='lat' dir='ltr'><strong><em>qui</em></strong></span> <span class='ocrx_word' id='word_1_396' title='bbox 1108 2587 1281 2625; x_wconf 88' lang='lat' dir='ltr'><strong><em>Ouidium</em></strong></span> <span class='ocrx_word' id='word_1_397' title='bbox 1316 2592 1455 2623; x_wconf 83' lang='lat' dir='ltr'><strong><em>tautum</em></strong></span> <span class='ocrx_word' id='word_1_398' title='bbox 1491 2597 1555 2622; x_wconf 87' lang='lat' dir='ltr'><strong><em>ex-</em></strong></span> 
     </span>
     <span class='ocr_line' id='line_1_42' title="bbox 111 2647 1554 2703; baseline -0.003 -13"><span class='ocrx_word' id='word_1_399' title='bbox 111 2653 353 2703; x_wconf 78' lang='lat' dir='ltr'><strong><em>scripserunt,</em></strong></span> <span class='ocrx_word' id='word_1_400' title='bbox 392 2653 635 2691; x_wconf 83' lang='lat' dir='ltr'><strong><em>testimonium</em></strong></span> <span class='ocrx_word' id='word_1_401' title='bbox 662 2653 756 2690; x_wconf 88' lang='lat' dir='ltr'><strong><em>iuter</em></strong></span> <span class='ocrx_word' id='word_1_402' title='bbox 781 2652 851 2689; x_wconf 87' lang='lat' dir='ltr'><strong><em>alia</em></strong></span> <span class='ocrx_word' id='word_1_403' title='bbox 878 2651 1050 2689; x_wconf 83' lang='lat' dir='ltr'><strong><em>Varronis</em></strong></span> <span class='ocrx_word' id='word_1_404' title='bbox 1083 2651 1194 2688; x_wconf 86' lang='lat' dir='ltr'><strong><em>uerba</em></strong></span> <span class='ocrx_word' id='word_1_405' title='bbox 1220 2656 1319 2688; x_wconf 82' lang='lat' dir='ltr'><strong><em>extat</em></strong></span> <span class='ocrx_word' id='word_1_406' title='bbox 1344 2647 1442 2698; x_wconf 81' lang='lat' dir='ltr'><strong><em>apud</em></strong></span> <span class='ocrx_word' id='word_1_407' title='bbox 1467 2647 1554 2685; x_wconf 85' lang='lat' dir='ltr'><strong><em>Ser-</em></strong></span> 
     </span>
    </p>
   </div>
   <div class='ocr_carea' id='block_1_5' title="bbox 1663 840 1671 993">
    <p class='ocr_par' dir='ltr' id='par_1_11' title="bbox 1663 772 1671 993">
     <span class='ocr_line' id='line_1_43' title="bbox 1663 840 1671 993; baseline 0 -160"><span class='ocrx_word' id='word_1_408' title='bbox 1663 840 1671 993; x_wconf 32' lang='grc' dir='ltr'>ξ</span> 
     </span>
    </p>
   </div>
   <div class='ocr_carea' id='block_1_6' title="bbox 1664 999 1671 1118">
    <p class='ocr_par' dir='ltr' id='par_1_12' title="bbox 1664 999 1671 1118">
     <span class='ocr_line' id='line_1_44' title="bbox 1664 999 1671 1118; baseline 0 0"><span class='ocrx_word' id='word_1_409' title='bbox 1664 999 1671 1118; x_wconf 60' lang='grc' dir='ltr'>ἰ</span> 
     </span>
    </p>
   </div>
  </div>
 </body>
</html>
