1685 2954
162 75 252 108 cxc
777 79 836 112 DE
863 80 962 113 1)ss1ss

161 187 283 227 neque
299 175 420 216 sidera
443 176 652 227 stoicorum,
677 189 751 217 non
768 179 968 232 Vulcanus,
992 179 1199 234 Neptunus,
1223 182 1303 234 Sol,
1328 183 1449 236 Luna,
1473 187 1600 241 Iuppi·

161 246 234 288 ter,
261 239 336 286 alii,
361 251 454 288 quos
478 239 597 289 ipsum
621 240 752 290 uulgus
776 253 822 280 ex
847 255 967 281 rerum
993 250 1122 282 natura
1147 258 1332 296 nunquam
1359 260 1431 286 non
1457 258 1511 290 est
1537 252 1600 289 in-

160 306 424 352 terpretatum,
459 300 524 338 sed
559 300 606 339 de
639 303 767 353 quibus
802 305 872 342 alio
903 306 996 343 libro
1021 306 1138 344 Varro
1164 305 1263 345 dixit.
1315 308 1474 349 Numina
1498 320 1599 351 certa

158 362 380 412 sempiterna
405 362 523 411 potuit
546 363 624 401 sine
649 363 760 402 dubio
786 364 1033 416 Libertatem,
1058 368 1256 417 Virtutem,
1283 370 1499 421 Fortunam,
1525 374 1598 412 Fe·

157 425 327 462 licitatem
353 423 560 473 appellaret
596 437 678 463 nam
711 439 755 464 ex
788 427 989 465 hominibus
1023 437 1122 467 certe
1153 438 1362 470 consecrata
1398 446 1472 471 non
1497 442 1598 476 sunt.

1658 288 1668 382 ,av-A
1661 223 1667 278 „„,„

1663 467 1669 488 l

156 485 227 523 Dei
252 497 340 523 uero
366 485 412 522 ad
431 485 626 524 Euhemeri
652 500 816 525 normam
841 496 986 538 praeter
1011 502 1101 540 quos
1119 491 1275 529 Romani
1299 494 1346 530 ab
1374 494 1458 545 ipsis
1477 497 1599 535 Grae-
1663 503 1668 533 .’

156 549 206 586 cis
231 560 276 586 ea
302 554 387 585 nota
413 547 598 596 insignitos
623 556 862 598 acceperunt,
896 562 970 599 qua
995 551 1032 588 in
1059 563 1099 589 re
1124 552 1376 602 peringeniosa
1403 564 1459 594 est
1485 558 1598 595 Clau-

155 611 243 649 senii
279 611 486 648 coniectura
520 608 568 646 de
602 609 802 647 Athenaide
827 611 1083 659 Sibyllinorum
1113 620 1260 651 auctore
1286 628 1325 665 p.
1352 620 1455 666 232,
1490 625 1596 657 erant

152 673 311 724 inprimis
338 673 431 709 lares
456 671 728 719 Romanorum,
762 671 845 708 uide
881 681 1028 721 praeter
1052 673 1182 724 fragm.
1209 678 1234 712 8
1268 689 1363 726 quae
1387 691 1497 729 supra
1520 681 1594 718 ima

152 748 193 786 p.
213 746 350 772 eanl
376 732 545 770 indicaui.
595 731 763 782 Denique
795 732 917 770 licebit
950 733 997 771 de
1023 734 1196 774 diuisione
1221 736 1372 774 deorum
1399 740 1435 776 in
1461 748 1596 790 certos,

152 798 335 844 incertos,
370 795 522 832 selectos
548 794 597 830 ita
623 795 845 839 existimare,
882 802 922 831 ut
947 796 1126 833 licentiam
1152 810 1296 834 omnem
1322 798 1440 836 Varro
1466 803 1596 850 procul

151 859 335 903 habuerit,
364 864 404 894 ut
429 868 553 894 earum
580 856 864 906 appellationum
891 868 1000 894 causa
1025 858 1060 894 in
1088 866 1302 908 argumento
1327 862 1446 909 posita
1470 861 1595 912 suerit,

151 928 194 960 ut
219 927 400 958 certorum
426 917 684 968 simplicissima
710 917 822 965 suerit
848 925 885 955 et
910 933 933 956 a
958 920 1099 957 selectis
1127 921 1364 958 remotissima
1390 923 1504 971 ratio,
1537 924 1594 962 in-

152 989 334 1021 certorum
360 979 480 1017 media
506 979 600 1015 inter
627 984 812 1029 utrosque,
841 986 882 1018 ut
902 988 975 1019 tres
1000 982 1049 1019 illi
1075 982 1209 1032 gradus
1235 984 1405 1032 temporis
1430 996 1594 1023 momen.

150 1047 197 1083 tis
222 1044 484 1081 discernantur.
528 1040 671 1078 Causae
696 1042 829 1092 aliquid
855 1042 938 1091 suit,
965 1056 1030 1080 cur
1049 1044 1331 1094 antiquissimum
1351 1045 1502 1083 deorum
1529 1059 1594 1096 ge·

149 1120 218 1145 nus
251 1110 386 1143 certum
410 1103 610 1150 diceretur,
646 1108 684 1139 et
719 1115 783 1140 cur
817 1103 863 1141 de
898 1117 942 1141 eo
980 1117 1113 1154 genere
1138 1118 1181 1143 ea
1207 1106 1460 1154 traderentur,
1497 1119 1591 1157 quae

147 1171 195 1208 fr.
223 1173 244 1206 1
272 1168 381 1217 legiS,
415 1176 583 1215 quaeque
618 1165 653 1201 in
687 1166 786 1202 nullo
812 1166 882 1202 alio
908 1178 1042 1214 genere
1067 1167 1194 1204 eadem
1225 1180 1305 1204 cum
1332 1169 1590 1218 perspicuitate

148 1230 333 1270 obseruari
365 1234 549 1278 poterant.
609 1227 813 1277 Antiquitas
845 1240 994 1265 romana
1025 1230 1138 1266 latina
1178 1230 1400 1279 potissimum
1433 1237 1496 1266 aut
1528 1242 1589 1267 sa·
1647 1236 1670 1283 'y

146 1295 232 1331 bina
256 1293 326 1329 suit
351 1303 397 1327 ex
421 1289 590 1326 Varronis
615 1290 808 1336 sententia,
834 1290 990 1326 maxime
1014 1291 1050 1326 in
1078 1291 1185 1327 rebus
1211 1290 1358 1337 diuinis,
1385 1290 1460 1327 uid.
1488 1290 1536 1328 de
1559 1291 1587 1328 1.

145 1356 173 1394 l.
199 1356 235 1400 5,
256 1356 319 1398 68,
336 1353 401 1399 74,
422 1354 506 1387 123.
560 1349 694 1387 ibidem
723 1350 780 1386 dei
806 1351 1024 1388 Sabinorum
1053 1358 1286 1388 recensentur
1311 1354 1490 1396 Mamers,
1517 1353 1589 1389 Fe-

144 1419 251 1457 ronta
261 1444 273 1462 ‚
298 1416 492 1457 Minerua,
517 1411 709 1456 Hercules,
740 1414 869 1460 Vesta,
899 1413 1024 1458 Salus,
1052 1416 1228 1459 Fortuna,
1258 1415 1348 1450 Fors
1362 1411 1432 1460 (ἲ),
1464 1413 1584 1462 mdes,

145 1478 279 1516 deinde
297 1489 319 1513 a
338 1475 448 1512 Tatio
474 1486 560 1523 rege
586 1475 783 1511 consecrati
806 1475 894 1524 Ops,
921 1474 1037 1513 Flora
1057 1476 1142 1521 (cfr.
1158 1477 1196 1523 7,
1210 1475 1291 1522 45),
1323 1474 1467 1519 Vedius,
1493 1478 1588 1525 Iup-

144 1543 249 1593 piter,
277 1541 472 1581 Satur-nus,
499 1536 579 1584 Sol,
606 1539 731 1581 Luna,
762 1536 964 1584 Vulcanus,
991 1538 1238 1584 Summanus,
1265 1535 1464 1584 Larunda,
1494 1540 1586 1575 'Per-

144 1606 276 1648 minus,
305 1601 491 1647 Quirinus,
522 1601 754 1643 Vertumnus,
779 1601 910 1643 Lares,
942 1600 1079 1644 Diana,
1105 1600 1265 1643 Lucium
1291 1598 1392 1635 addit
1418 1600 1586 1648 Augusti·

146 1679 216 1704 nus
241 1665 288 1701 de
315 1676 345 1700 c.
372 1662 411 1698 d.
431 1663 471 1709 4,
490 1663 556 1707 23,
582 1661 756 1697 incertum
783 1672 827 1697 ex
853 1661 1033 1708 Varrone,
1059 1672 1106 1697 an
1132 1673 1154 1698 e
1179 1661 1321 1698 Seneca
1347 1659 1437 1708 (uid.
1465 1662 1503 1708 6,
1520 1661 1585 1709 10)

150 1729 375 1767 Gbuacinam.
427 1724 567 1760 Horum
595 1723 833 1772 posteriorum
859 1721 1034 1771 quosdam
1060 1722 1096 1758 in
1124 1728 1293 1772 utraque,
1318 1723 1443 1759 sabina
1469 1729 1506 1760 et
1531 1723 1584 1760 la-

145 1792 243 1837 tina,
270 1789 391 1836 lingua
417 1784 555 1822 radices
581 1783 715 1821 habere
741 1786 790 1820 ait
816 1783 953 1820 Varro:
989 1789 1073 1820 sunt
1099 1784 1122 1820 ii
1147 1784 1234 1829 Sol,
1261 1786 1390 1822 Diana
1415 1783 1480 1830 (de
1505 1785 1531 1823 l.
1557 1785 1585 1823 l.

142 1854 183 1900 5,
203 1852 270 1895 68)
298 1848 440 1887 Lucina
457 1846 521 1895 (ib.
540 1847 621 1894 69),
648 1852 724 1882 tum
750 1846 826 1882 sine
851 1845 960 1882 dubio
980 1847 1146 1896 Iuppiter
1169 1846 1245 1883 siue
1264 1848 1444 1896 Diespiter
1468 1846 1537 1894 (de
1553 1847 1582 1888 l.

141 1916 168 1953 l.
196 1915 235 1962 5,
254 1914 334 1959 66),
362 1909 429 1946 cfr.
455 1920 564 1958 supra
589 1907 636 1945 fr.
656 1907 695 1956 5,
723 1914 760 1945 et
785 1909 982 1952 Saturnus,
1010 1908 1076 1944 cfr.
1102 1906 1150 1945 sr.
1171 1907 1195 1944 5
1218 1914 1255 1944 et
1273 1909 1320 1944 7:
1355 1907 1402 1945 de
1430 1909 1583 1954 Quirino

141 1988 216 2014 non
238 1986 330 2024 opus
351 1978 406 2008 est
423 1981 584 2008 monere.
631 1970 694 2007 His
720 1982 807 2020 ergo
833 1981 878 2006 ea
903 1976 1008 2019 parte
1034 1968 1217 2017 detractis,
1244 1982 1317 2019 qua
1342 1970 1473 2007 similes
1498 1975 1583 2009 sunt

140 2037 353 2076 Latinorum
380 2033 478 2080 deis,
512 2031 573 2081 qui
606 2031 766 2068 disertim
802 2030 994 2068 traduntur
1020 2042 1042 2067 a
1066 2031 1225 2068 Romulo
1250 2032 1337 2068 culti
1360 2031 1460 2082 apud
1487 2033 1588 2082 Aug.-

141 2102 181 2148 4,
209 2101 277 2136 23:
303 2100 436 2143 Ianus,
462 2095 625 2144 Iuppiter
652 2093 771 2140 (Fest.
799 2105 837 2143 p.
854 2095 939 2140 194,
958 2094 1006 2129 16
1021 2091 1153 2140 dext.)‚
1178 2095 1302 2138 Mars,
1327 2095 1438 2131 Picus
1463 2092 1577 2143 (Aug.

140 2176 172 2200 c.
201 2161 237 2199 d.
266 2158 438 2207 18,·15)‚
475 2159 627 2194 Faunus
651 2156 775 2203 (Varr.
801 2155 847 2192 de
873 2155 897 2191 l.
925 2155 949 2192 l.
976 2156 1014 2202 7,
1042 2155 1122 2200 36),
1158 2154 1348 2192 Tiberinus
1376 2156 1502 2203 (Varr.
1528 2153 1575 2191 de

136 2224 166 2262 l.
192 2223 218 2260 l.
245 2223 284 2270 5,
311 2220 393 2268 30),
420 2219 603 2263 Hercules,
629 2218 838 2267 intelligitur
864 2217 1082 2254 Sabinorum
1109 2216 1196 2253 deos
1222 2218 1410 2254 maximam
1435 2221 1573 2267 partem

140 2285 284 2322 nomina
309 2282 476 2319 habuisse
501 2280 681 2330 imposita,
709 2280 760 2316 uti
786 2278 944 2316 Tertull.
971 2277 1018 2315 de
1044 2277 1167 2316 idolol.
1195 2291 1234 2329 p.
1249 2281 1322 2316 623
1349 2280 1421 2326 ait,
1445 2278 1574 2315 inania

140 2352 247 2396 atquc
272 2342 435 2391 conficta,
461 2355 483 2380 a
508 2343 616 2379 rebus
642 2340 811 2389 aeternis,
840 2352 934 2391 quae
960 2352 1024 2376 usu
1053 2340 1201 2377 ueniunt
1227 2341 1263 2378 in
1289 2341 1362 2378 uita
1378 2339 1571 2387 communi,

139 2409 227 2446 deos
253 2408 465 2444 Latinorum
491 2404 587 2442 solos
613 2402 779 2440 habuisse
803 2402 964 2439 fabulam
991 2402 1220 2452 quantumuis
1249 2400 1375 2439 exilem
1400 2407 1437 2438 et
1462 2400 1572 2450 origi-

137 2482 219 2508 nem
246 2469 451 2512 humanam,
477 2467 580 2504 uelut
604 2464 816 2502 Latinorum
844 2465 1048 2514 putauerim
1073 2463 1312 2500 narrationem
1338 2462 1385 2500 de
1410 2462 1569 2500 Saturno

137 2543 231 2582 qnae
257 2530 350 2568 insta
377 2537 431 2567 est
454 2529 515 2566 lib.
543 2527 643 2575 XVl,
669 2526 714 2563 sr.
738 2527 776 2564 5.
827 2526 1020 2564 Herculem
1052 2525 1192 2562 nonnisi
1217 2525 1346 2561 leuiter
1374 2523 1571 2561 cohaerere

138 2606 218 2630 cum
246 2593 306 2629 illa
331 2590 475 2628 familia
491 2588 583 2626 infra
608 2589 799 2638 intelliges,
825 2587 924 2624 cuius
954 2586 1080 2624 eadem
1105 2598 1222 2637 paene
1247 2592 1303 2623 est
1327 2586 1433 2634 ratio,
1459 2591 1570 2635 atque

135 2655 283 2694 Larium
308 2652 407 2704 apud
431 2652 598 2691 Sabinos.
649 2650 706 2688 De
732 2650 875 2701 reliquis
900 2649 1044 2687 memini
1070 2647 1307 2686 Niebuhrium
1333 2646 1369 2684 h.
1389 2647 1437 2684 R.
1465 2649 1500 2692 l,
1517 2646 1569 2683 94
