1685 2954
711 88 913 118 SELEC'I'IS
1374 85 1538 114 ΟΓΧΧΧΙ

88 201 134 228 eo
160 189 328 240 coniungi
352 188 457 226 solita
483 191 550 232 est,
577 186 657 224 Lua
681 186 767 234 suit,
792 185 867 222 uid.
897 185 994 223 Gell.
1019 187 1081 234 13,
1099 187 1164 233 22,
1189 183 1307 221 Varro
1333 182 1381 220 de
1404 184 1429 221 l.
1449 183 1475 222 l.
1495 186 1533 233 8,

88 254 149 289 36.
197 253 301 289 Hanc
322 251 438 287 Varro
464 254 563 285 certe
589 260 721 286 nomen
750 247 885 284 habere
911 259 933 283 a
959 246 1067 283 lamis
1093 244 1429 296 potuit-conficere,
1457 245 1531 283 uid.

86 313 134 351 de
160 314 185 352 1.
206 314 231 352 Ι.
250 314 289 362 5,
307 314 399 349 137:
427 322 494 347 nec
520 310 625 347 aliter
651 309 855 356 statuerim,
884 321 964 344 cum
992 307 1088 358 quod
1117 308 1232 344 iustae
1259 306 1445 356 analogiae
1467 307 1534 344 de-

85 375 195 424 cedit,
221 376 476 423 compensetur
497 383 578 408 meo
605 371 735 408 iudicio
758 382 935 419 generosa
960 369 1021 405 illa
1047 369 1191 416 facetia,
1218 381 1302 405 mox
1321 369 1532 416 cerimonia,

84 444 168 487 post
206 446 365 486 pugnam
398 445 500 470 arma
535 433 736 470 occisorum
770 444 838 481 per
874 443 1042 481 campum
1081 430 1265 467 horrentia
1290 430 1393 468 Luae
1426 430 1532 468 matri

84 496 332 543 consecrandi,
359 495 442 532 Liu.
462 498 500 543 8,
519 499 555 542 1,
583 501 661 542 aut,
689 495 791 544 quasi
817 492 916 529 dumi
943 504 986 528 ac
1010 498 1130 528 sentes
1157 492 1263 529 excisi
1290 499 1424 541 essent,
1449 505 1533 530 suc-

82 557 278 602 cendendi,
303 557 387 594 Liu.
414 557 482 605 45,
507 560 571 594 33.
626 557 706 593 Hoc
739 555 849 604 igitur
874 554 1050 591 Sabinum
1077 566 1145 604 par
1171 555 1324 591 deorum
1352 555 1532 592 existima-

81 619 216 655 uerim:
243 619 445 655 Saturnum
467 631 555 656 uero
577 625 614 656 et
631 617 753 668 Opem
771 616 959 663 Latinum,
984 615 1032 653 de
1051 629 1124 666 quo
1150 616 1244 653 infra
1265 617 1376 665 legeS.
1416 617 1531 653 Nam-

78 691 151 730 que
176 686 370 730 postquam
397 682 457 718 ille
485 682 636 718 nominis
657 679 807 717 Saturni
834 678 1041 715 intellectus
1068 677 1260 724 obsoleuit‚
1286 679 1379 714 alter
1403 677 1450 715 de
1471 690 1529 715 sa-

77 742 178 778 tione
204 742 395 791 increbuit,
422 743 500 780 fieri
527 744 659 792 potuit,
690 748 729 778 ut
755 741 937 778 Saturnus
963 739 1057 777 idem
1085 739 1281 776 haberetur
1306 739 1427 776 Sterci
1452 740 1530 777 siue

77 803 278 852 stercutio,
305 804 382 841 Pici
402 805 513 855 patri,
541 805 602 854 qui
629 804 766 854 primus
793 809 848 839 est
872 803 908 838 in
934 807 1125 839 stemmate
1147 813 1271 850 regum
1291 801 1530 842 Laurentum.

76 864 118 902 ld
146 878 233 902 uero
269 866 403 902 sactum
438 878 517 902 esse
551 867 656 903 claris
695 865 814 902 uerbis
848 875 893 900 ex
920 862 1098 901 Varronis
1133 862 1179 898 de
1211 868 1321 911 gente
1356 875 1448 912 pop.
1472 875 1526 899 ro.

77 927 170 964 libro
199 928 306 964 tertio
334 927 444 964 tradit
466 929 686 977 Augustinus
714 926 760 962 de
787 938 818 961 c.
841 923 878 962 d.
904 927 963 968 18,
983 925 1028 959 15
1058 930 1095 959 et
1120 923 1326 959 Macrobius
1351 930 1421 960 sat.
1450 927 1487 971 l,
1504 924 1529 959 7

74 989 173 1028 med.
200 990 347 1027 Scilicet
378 997 576 1026 sementem
610 989 734 1025 facere
767 993 804 1023 et
829 994 1037 1022 stercorare
1063 996 1170 1033 agros
1205 985 1323 1021 minus
1356 990 1442 1021 sunt
1473 984 1529 1020 di-

76 1062 196 1097 uersa,
223 1063 332 1100 quam
354 1050 575 1087 frumentum
596 1061 718 1087 serere
740 1055 777 1086 et
799 1048 947 1085 arbores
968 1053 1110 1097 putare.
1156 1047 1231 1083 Iam
1248 1059 1336 1095 ergo
1357 1059 1529 1096 regnasse

73 1111 159 1148 olim
186 1112 221 1147 in
250 1119 347 1148 terra
373 1121 458 1149 ante
484 1112 625 1157 Picum,
652 1112 836 1158 Faunum,
862 1109 1035 1145 Latinum
1062 1121 1167 1158 reges
1193 1108 1350 1146 cred-itus
1376 1115 1432 1146 est
1454 1109 1525 1146 Sa-

72 1178 215 1219 turnus,
243 1184 360 1223 eaque
383 1173 474 1210 fides
495 1186 568 1209 non
595 1173 703 1223 longe
727 1173 854 1210 aberat
877 1172 922 1208 ab
942 1170 1140 1207 Euhemeri
1162 1170 1384 1218 narratione,
1412 1182 1434 1206 a
1452 1183 1528 1220 quo

70 1244 223 1269 aureum
249 1234 433 1271 saeculum
461 1246 534 1271 non
562 1235 629 1271 sub
653 1235 724 1271 deo
743 1235 893 1281 Titane,
920 1232 986 1269 sed
1011 1233 1079 1269 sub
1106 1244 1193 1281 rege
1212 1232 1378 1269 Cretensi
1398 1231 1525 1280 (Seru.

69 1294 160 1331 Aen.
180 1293 323 1342 8,319)
351 1295 543 1334 traditum:
570 1303 680 1347 atque
707 1297 799 1333 haec
823 1302 908 1332 sunt
928 1295 1178 1332 Romanorum
1196 1293 1367 1330 Saturnia
1395 1305 1523 1343 regna.

69 1355 164 1406 Opis
186 1358 450 1394 matrimonium
470 1359 654 1409 quomodo
680 1360 808 1395 initum
827 1369 905 1395 esse
932 1356 1113 1404 uideatur,
1139 1355 1233 1393 infra
1253 1355 1404 1393 dicetur.
1442 1356 1524 1394 Hoc

67 1418 140 1455 iam
174 1419 209 1454 in
246 1419 485 1457 fundamento
521 1421 692 1471 quicquid
726 1421 868 1458 libitum
903 1426 959 1456 est
993 1419 1269 1456 cerimoniarum
1297 1431 1525 1467 graecarum,

67 1480 158 1517 strui
191 1487 357 1530 poterat:
393 1494 439 1519 ex
471 1483 604 1533 quibus
636 1496 717 1519 cum
744 1483 995 1519 Romanorum
1023 1494 1147 1518 rursus
1180 1481 1383 1530 peculiares
1410 1492 1523 1530 quae-

68 1541 174 1590 dam,
206 1543 307 1580 uelut
332 1557 441 1594 quain
468 1545 515 1581 de
542 1545 671 1594 legatis
698 1544 858 1593 gentium
886 1542 1123 1592 suscipiendis
1150 1549 1409 1579 commemorat
1434 1542 1524 1578 Plu-

70 1604 215 1641 tarchus
242 1613 384 1655 quaest.
411 1619 467 1643 ro.
495 1607 567 1654 43,
601 1614 703 1643 ortae
735 1611 876 1649 essent,
915 1604 1068 1655 posthac
1097 1605 1216 1654 ipsum
1242 1604 1524 1641 fundamentum

70 1666 264 1713 abiectum,
291 1666 336 1703 de
354 1667 503 1704 Saturni
529 1670 615 1704 naui
636 1668 796 1705 aduentu
824 1668 884 1704 illa
912 1667 1115 1716 excogitata
1141 1673 1240 1715 sunt,
1268 1678 1367 1717 quae
1391 1664 1464 1702 Oui
1484 1669 1523 1712 1,

70 1728 288 1763 235--240
313 1736 513 1778 praeeunte
533 1730 681 1779 Virgilio
708 1730 800 1765 Aen.
822 1731 859 1775 8,
882 1731 956 1765 319
983 1728 1128 1765 retulit:
1155 1740 1300 1765 causam
1328 1729 1521 1764 commenti

69 1796 160 1840 puto
188 1789 426 1839 ueriloquium
447 1793 566 1838 Latii,
595 1789 694 1840 quod
720 1791 885 1839 quamuis
904 1790 1077 1826 Varronis
1107 1803 1176 1825 non
1203 1791 1249 1826 sit
1275 1796 1367 1825 teste
1388 1788 1519 1825 Seruio

69 1850 117 1888 ad
143 1851 168 1888 l.
195 1850 286 1895 ind„
321 1864 393 1888 non
421 1859 541 1889 tamen
570 1851 702 1898 uideo,
735 1863 800 1886 cur
826 1851 1015 1898 Augustini
1041 1850 1102 1886 illa
1128 1853 1166 1897 7,
1189 1853 1228 1897 4,
1255 1850 1387 1899 fragm.
1406 1853 1428 1885 3
1455 1862 1516 1886 so-

68 1913 137 1950 lius
162 1912 303 1962 Virgilii
328 1914 472 1963 potius,
500 1926 607 1963 quam
635 1913 809 1949 Varronis
835 1911 1058 1959 habeantur,
1092 1912 1153 1961 qui
1180 1911 1356 1961 oppidum
1381 1912 1514 1948 Satur-

67 1975 164 2012 niam
190 1982 290 2012 certe
315 1975 479 2024 agnoscit
507 1975 552 2011 de
579 1974 604 2011 l.
625 1975 650 2010 l.
669 1976 704 2019 5,
718 1975 782 2021 42,
810 1985 855 2010 ex
881 1986 957 2023 quo<
981 1974 1062 2010 loco
1087 1974 1276 2024 probabile
1300 1974 1341 2010 fit
1358 1973 1520 2010 Ennium

66 2045 210 2074 secutos
237 2049 317 2074 esse
343 2036 529 2085 Virgilium
558 2043 595 2073 et
619 2037 818 2073 Nasonem.

20 2142 27 2148 Ι
167 2099 285 2135 Varro
311 2111 393 2134 cum
419 2098 620 2135 secundum
647 2094 886 2148 Augustinum
913 2099 952 2145 7,
972 2100 1017 2134 13
1046 2097 1247 2134 Genium
1280 2095 1369 2134 dixit
1394 2109 1519 2135 terum

65 2160 227 2198 omnium
253 2159 518 2210 gignendarum
545 2160 749 2210 praesidem
777 2166 814 2196 et
840 2159 1040 2196 secundum
1068 2160 1224 2196 eundem
1251 2160 1289 2206 7,
1312 2160 1335 2194 6
1363 2160 1514 2195 coniun-

65 2223 118 2260 xit
142 2222 274 2260 heroas
300 2223 395 2259 lares
423 2229 460 2260 et
487 2223 638 2270 genios,
669 2222 860 2258 manifesto
886 2228 1032 2258 secutus
1059 2227 1113 2257 est
1138 2220 1333 2256 Etruscam
1355 2220 1518 2270 discipli-

65 2297 165 2333 nam,
192 2285 244 2321 uti
269 2285 416 2334 egregie
442 2284 564 2321 docuit
590 2283 787 2321 Muellerus
814 2283 894 2320 Etr.
912 2287 950 2330 2,
975 2295 1012 2332 p.
1027 2285 1077 2319 89
1103 2282 1243 2318 collatis
1267 2282 1383 2319 Paulo
1408 2282 1513 2320 Diae.

64 2358 103 2396 p.
118 2347 182 2395 94,
201 2348 249 2382 16
276 2353 313 2383 et
339 2347 450 2384 Festo
474 2359 511 2396 p.
527 2347 616 2392 359,
634 2345 678 2381 15
696 2346 779 2392 sin.,
806 2352 882 2381 tum
902 2358 940 2395 p.
957 2347 1006 2381 92
1032 2356 1076 2382 ex
1095 2345 1269 2381 Labeone
1289 2342 1388 2393 apud
1403 2343 1517 2382 Seru..

64 2409 156 2446 Aen.
176 2412 214 2457 3,
230 2411 306 2446 168
330 2409 464 2445 collato
489 2408 625 2444 Arnob.
643 2410 684 2453 2,
701 2409 752 2443 62
777 2413 812 2443 et
838 2407 868 2442 F
874 2407 1014 2455 ulgent..
1038 2419 1070 2443 s.
1089 2420 1125 2444 u.
1151 2405 1327 2443 manuales.
1380 2405 1516 2456 Neque

65 2469 102 2506 id
127 2483 199 2508 non
225 2471 433 2522 pertinebat
462 2470 508 2507 ad
536 2470 788 2506 Romanorum
817 2469 1028 2517 religionem
1062 2469 1226 2513 ciuilem,
1260 2466 1407 2517 quando
1433 2467 1515 2517 ipse

66 2531 125 2568 ille
149 2532 325 2570 Etruscus
350 2532 446 2568 Iouis
473 2532 612 2568 Genius
646 2531 763 2567 cultus
796 2537 851 2567 est
876 2531 1013 2567 liberae
1039 2531 1259 2581 reipublicae
1286 2529 1512 2579 temporibus

68 2591 106 2627 in
130 2592 236 2631 Latio
261 2601 440 2644 arguente
466 2594 571 2630 titulo
598 2592 788 2630 Orelliano
816 2606 852 2629 n.
869 2593 992 2640 2488,
1026 2606 1093 2630 nec
1118 2599 1239 2643 potest
1266 2591 1388 2640 negari
1415 2589 1513 2627 lares

66 2652 251 2693 Romanos
276 2645 329 2693 ita
352 2656 465 2695 fuisse
490 2656 626 2700 cultos,
662 2655 717 2692 uti
740 2653 877 2692 dictum
901 2661 956 2693 est
987 2667 1098 2707 supra
1124 2668 1162 2706 p.
1180 2666 1323 2692 ccx1x.
1375 2652 1512 2693 Verum
