1685 2954
689 124 888 154 SELECTIS
1345 123 1531 153 CCXXXV

20 267 22 272 ,
79 223 244 274 uestigia.
301 223 450 261 Accedit
482 221 582 272 apud
617 221 793 259 Ouidium
821 221 952 272 Apollo
980 224 1101 261 Actius
1129 223 1339 271 Palatinus,
1376 223 1424 261 de
1457 237 1531 275 quo

80 287 297 336 scriptorum
325 285 423 323 locos
450 296 576 321 omnes
603 285 749 334 collegit
771 284 985 322 Clausenius
1013 299 1049 336 p.
1068 289 1164 323 1102
1193 292 1277 322 ann.
1296 288 1409 323 2210.
1452 288 1532 324 Hu-

83 350 140 386 ius
166 349 326 399 inprimis
358 346 497 394 insigne
522 345 591 382 suit
618 345 815 382 litteratum
843 346 1024 384 officium:
1059 347 1279 385 bibliotheca
1301 347 1469 388 Palatina
1495 355 1534 386 et

85 412 282 447 certamina
308 407 442 446 musica
468 414 798 444 commemorantur
825 420 847 444 a
874 408 992 444 Dione
1011 409 1135 445 Cassio
1162 411 1226 456 51,
1246 413 1288 458 1;
1314 411 1436 459 53‚1;
1463 410 1530 449 sed

83 480 365 518 consentaneum
392 475 447 506 est
473 470 520 506 ab
547 468 617 506 hoc
643 469 728 517 deo,
756 477 887 519 utpote
914 482 936 506 a
963 470 1116 507 Graecis
1140 472 1223 521 ipsis
1251 479 1450 522 assumpto,
1477 473 1533 510 ni-

81 534 133 572 hil
161 544 314 584 graecae
339 531 604 581 superstitionis
632 530 787 568 alienum
813 531 945 569 fuisse:
983 531 1125 569 habitus
1158 540 1212 570 est
1245 542 1437 584 praeterea
1464 548 1534 586 pro

79 597 185 646 genio
210 594 312 645 quasi
340 593 480 642 imperii
507 599 544 629 et
572 593 654 629 aeui
682 593 907 641 Augustalis,
934 593 1001 631 cfr.
1029 593 1146 632 Orell.
1177 596 1285 633 inser.
1314 609 1350 633 n.
1370 597 1466 633 1435
1495 603 1533 635 et

78 657 163 694 uide
187 667 298 705 supra
324 668 364 705 p.
393 666 586 699 chx111,
624 654 684 690 ubi
718 666 792 690 non
827 656 1062 693 memineram
1095 657 1313 696 Concordiae
1337 658 1535 707 Apollinea

77 717 187 755 lauru
213 718 403 754 redimitae
419 719 458 764 6,
478 719 542 764 91,
569 728 679 767 quam
709 728 828 766 neque
855 729 921 766 pro
949 718 1162 767 Tiberiana,
1191 731 1309 768 neque
1335 732 1402 768 pro
1429 719 1534 757 Liuia

77 778 186 816 facile
212 779 425 824 habuerim,
463 779 528 816 sed
561 791 653 829 opus
682 778 833 825 Augusti
868 778 935 814 dici
963 780 1146 826 existimo,
1183 788 1223 818 ut
1254 781 1291 817 in
1318 787 1465 816 metam.
1493 783 1534 828 3,

77 842 178 878 728:
212 843 248 878 io
276 843 421 879 comites
456 853 547 890 opus
578 840 667 877 haec
692 841 849 876 uictoria
873 845 1037 878 nostrum
1063 847 1138 887 est,
1176 842 1234 878 uel
1260 841 1343 877 fast.
1373 844 1410 888 1,
1439 843 1536 878 2882

79 905 183 940 Neue
207 915 326 947 suum,
353 907 515 952 praesta,
542 902 686 940 <leserat
711 907 841 938 auctor
866 914 977 950 opus,
1004 903 1041 941 h.
1071 917 1103 941 e.
1129 916 1271 953 pacem.
1323 902 1381 939 De
1412 901 1535 940 Clario

79 964 145 1001 deo
173 965 266 1001 infra
294 964 473 1015 quaedam
501 965 786 1001 annotabuntur.
840 962 1037 1000 Praeterea
1063 964 1162 1013 apud
1191 963 1365 1001 Ouidium
1388 967 1423 1012 1,
1438 965 1534 1012 2913

77 1030 115 1074 3,
135 1029 210 1063 826
237 1027 396 1064 medicus
422 1026 572 1076 Apollo,
603 1030 639 1072 1,
659 1027 734 1060 474
771 1025 854 1062 coll.
882 1027 920 1072 6,
940 1026 1034 1073 5383
1061 1029 1100 1073 2,
1117 1027 1212 1074 2453
1240 1027 1316 1062 259
1333 1038 1411 1076 sq.;
1437 1028 1534 1074 7113

0 1096 10 1099 “
77 1092 115 1136 3,
136 1091 230 1137 856;
253 1091 291 1136 4,
312 1090 384 1124 263
407 1087 602 1133 diuinator,
629 1089 667 1133 3,
692 1088 783 1134 1393
806 1088 845 1135 6,
862 1091 954 1136 1113
979 1090 1076 1137 4193
1100 1090 1176 1125 707
1195 1088 1403 1125 notissimae
1429 1100 1535 1137 grae-

76 1162 142 1187 cae
167 1150 226 1186 dei
252 1149 402 1186 fabulae
427 1149 646 1185 indicantur.

177 1211 296 1248 Venio
323 1210 370 1247 ad
396 1211 616 1255 Martem,
650 1211 685 1247 in
714 1223 786 1260 quo
814 1210 883 1248 deo
911 1210 1008 1260 quod
1038 1217 1207 1247 accurata
1234 1212 1450 1261 quaestione
1476 1211 1534 1248 di-

76 1273 285 1323 gnissimum
320 1279 358 1310 et
392 1272 602 1309 inchoatum
630 1279 685 1310 est
718 1274 764 1309 ab
793 1274 985 1321 Hartungo
1012 1277 1050 1320 2,
1079 1286 1116 1323 p.
1133 1275 1206 1310 169
1232 1280 1269 1310 et
1297 1274 1534 1311 Ambroschio

74 1347 114 1386 p.
132 1336 220 1382 153,
248 1334 295 1371 de
320 1335 463 1383 agrario
491 1336 566 1371 eius
585 1335 723 1382 officio,
747 1334 782 1370 id
805 1334 851 1371 ad
871 1334 1044 1371 Ouidium
1069 1347 1142 1371 non
1169 1337 1338 1385 pertinet,
1366 1337 1427 1386 qui
1456 1336 1535 1373 ubi-

76 1408 149 1447 que
175 1396 342 1433 bellicum
368 1396 491 1441 deum,
520 1400 558 1444 3,
581 1401 598 1433 1
624 1409 694 1446 sq.,
720 1397 759 1443 5,
780 1397 875 1441 5505
901 1396 990 1444 598,
1017 1397 1128 1444 alibi,
1154 1404 1192 1434 et
1216 1398 1364 1434 Romuli
1390 1398 1535 1448 potissi-

75 1470 173 1495 mum
194 1465 384 1508 parentem
402 1462 441 1505 2,
457 1461 550 1506 4833
565 1461 600 1502 3,
620 1461 664 1505 33
682 1461 729 1494 10
750 1457 848 1506 alibi,
876 1459 1131 1506 consiliarium,
1159 1463 1196 1506 3,
1214 1461 1301 1506 197,
1328 1460 1424 1496 urbis
1445 1472 1534 1497 con-

74 1527 297 1556 seruatorem
324 1521 362 1567 6,
378 1522 453 1556 348
478 1519 579 1556 facit.
634 1519 762 1568 ltaque
788 1519 917 1556 eodem
944 1520 1054 1557 modo
1082 1521 1239 1558 Martem
1267 1521 1453 1567 vitorem,
1486 1521 1534 1561 de

76 1594 150 1630 quo
178 1582 261 1618 uide
287 1593 400 1631 supra
426 1594 464 1631 p.
486 1593 679 1628 cxxxnt,
707 1581 917 1619 insormauit
944 1590 980 1619 et
1007 1583 1100 1618 inter
1127 1583 1199 1619 alia
1230 1583 1436 1623 Gradiuum
1461 1597 1534 1635 ap-

77 1642 228 1692 pellauit
242 1645 280 1690 5,
297 1645 385 1691 556,
413 1644 513 1680 cuius
532 1643 784 1693 appellationis
812 1646 906 1681 inter
923 1656 1051 1681 causas
1071 1644 1170 1694 apud
1192 1645 1360 1683 Seruium
1379 1646 1427 1684 ad
1439 1648 1533 1684 Aen.

79 1708 118 1751 3,
138 1704 209 1750 35;
237 1708 274 1750 1,
289 1707 363 1741 292
391 1704 499 1742 ualde
518 1717 576 1741 me
597 1705 794 1742 aduertunt
813 1705 904 1742 haec
923 1707 1054 1743 uerba:
1082 1709 1195 1743 Mars
1220 1710 1314 1744 enim
1340 1721 1420 1745 cum
1445 1721 1533 1746 sae-

77 1767 144 1809 uit,
167 1765 354 1802 Gradiuus
375 1765 520 1813 dicitur,
547 1779 628 1803 cam
649 1767 868 1816 tranquillus
889 1771 956 1814 est,
989 1769 1183 1813 Qnirinns:
1212 1769 1360 1819 deniqne
1378 1772 1417 1807 in
1439 1770 1533 1808 Vrbe

79 1827 150 1864 duo
176 1829 253 1864 eius
277 1826 413 1876 templa
438 1831 535 1871 sunt,
561 1839 673 1865 unum
696 1830 840 1874 Quirini
860 1830 960 1865 intrav
978 1828 1112 1873 urbem,
1141 1833 1247 1878 quasi
1273 1831 1444 1877 custodis,
1469 1833 1534 1870 sed

78 1888 280 1938 tranquilli,
308 1888 410 1926 aliud
437 1890 474 1926 in
491 1889 617 1938 Appia
642 1893 705 1926 uia
731 1894 839 1926 extra
859 1888 982 1925 urbem
1007 1901 1117 1939 prope
1142 1897 1301 1940 portam,
1328 1895 1434 1942 quasi
1459 1893 1535 1930 bel-

79 1951 227 1995 latoris,
260 1950 298 1987 id
323 1956 378 1988 est
407 1951 576 1988 Gradiui.
629 1951 776 1988 Scilicet
804 1951 898 1987 unde
932 1950 1022 1987 haec
1055 1955 1147 1989 suuni
1176 1955 1379 2004 potuerint,
1415 1956 1482 1991 nisi
1509 1968 1532 1993 a

80 2013 259 2057 Varrone,
285 2026 359 2050 non
386 2019 536 2063 exputo.
591 2013 703 2050 Certe
729 2013 906 2062 templum
926 2012 1053 2050 Martis
1074 2015 1207 2052 Vltoris
1235 2029 1355 2066 neque
1375 2017 1532 2066 Quirini,

79 2086 200 2124 neque
233 2075 417 2125 tranquilli
442 2074 532 2120 suit,
568 2081 605 2112 et
636 2080 784 2124 praeter
820 2074 890 2110 hoc
923 2074 960 2110 in
993 2077 1082 2112 urbe
1117 2078 1229 2114 ullum
1267 2078 1362 2115 aliud
1399 2092 1534 2129 neque,

24 2141 31 2147 ¹
79 2143 254 2185 quantum
277 2137 436 2181 memini,
464 2143 606 2172 constat
631 2136 755 2181 fuisse,
783 2148 905 2186 neque
930 2137 1009 2187 ipse
1029 2137 1178 2175 Seruius
1204 2140 1357 2190 intelligi
1382 2143 1532 2191 patitur.

79 2197 234 2235 Videtur
260 2210 347 2246 ergo
376 2198 493 2234 Varro
515 2198 710 2242 Quirinum
736 2212 804 2249 pro
824 2199 944 2235 Marte
972 2199 1154 2248 habuisse,
1182 2203 1332 2251 eiusque
1357 2204 1534 2253 suspicio·-

80 2261 135 2298 nis
161 2259 234 2296 duo
262 2261 296 2296 in
324 2265 496 2309 promptu
524 2267 608 2296 sunt
635 2261 867 2299 adminicula.
920 2261 1042 2298 Primo
1073 2263 1153 2300 loco
1180 2265 1350 2301 credibile
1377 2278 1451 2302 non
1478 2272 1534 2302 est

81 2322 274 2366 Quirinum
303 2333 326 2356 a
349 2321 513 2358 Varrone
540 2324 776 2372 praeteritum
803 2322 913 2360 fuisse
939 2323 1035 2360 inter
1062 2324 1150 2361 deos
1177 2326 1346 2364 selectos:
1380 2328 1442 2377 qui
1465 2327 1532 2363 fla-

80 2385 211 2422 minem
237 2383 413 2420 maiorem
439 2382 578 2429 habuit,
606 2385 706 2422 Fest.
725 2398 763 2435 p.
782 2387 869 2432 185,
888 2389 933 2421 21
954 2386 1037 2432 sin.‚
1064 2386 1127 2434 qui
1145 2387 1252 2423 salios
1272 2389 1432 2425 Collinos
1455 2390 1533 2426 siue

82 2447 305 2496 Agonenses,
332 2443 417 2482 uide
437 2446 649 2484 Ambrosch
673 2460 711 2497 p.
728 2449 813 2492 174,
834 2449 921 2495 175,
949 2448 1010 2497 qui
1033 2449 1203 2485 sacellum
1230 2455 1268 2486 et
1293 2450 1469 2500 templum
1488 2464 1532 2488 eo

81 2506 160 2556 ipso
186 2515 374 2558 tempore,
408 2520 482 2558 quo
508 2509 588 2545 libri
614 2521 733 2546 rerum
760 2510 966 2546 diuinarum
993 2511 1116 2560 scripti
1143 2518 1240 2559 sunt,
1267 2512 1405 2549 maiore
1433 2513 1532 2549 cultu

83 2570 306 2618 restitutum,
340 2568 426 2606 uide
458 2582 572 2620 supra
598 2582 635 2620 p.
652 2581 805 2619 cxmv,
838 2583 947 2622 quem
983 2572 1019 2608 in
1056 2572 1110 2608 his
1140 2573 1224 2622 ipsis
1250 2574 1350 2610 libris
1377 2574 1533 2611 :fortasse

85 2629 226 2679 scripsit
257 2631 333 2668 diis·
352 2631 500 2680 multis,
534 2633 705 2681 Neptuno
731 2638 765 2670 et
790 2633 940 2671 Plutoni
965 2633 1145 2681 fratribus
1170 2638 1274 2674 Iouis
1293 2641 1334 2674 et
1359 2638 1430 2686 ipsi
1456 2638 1532 2673 Sa-

87 2694 197 2729 turno
222 2694 324 2742 patri
347 2706 470 2733 eorum
494 2695 566 2733 isto
591 2693 725 2734 honore
747 2695 973 2746 praelatum,
1004 2695 1077 2735 uid.
1105 2698 1257 2748 August.
1285 2711 1317 2736 c.
1346 2700 1384 2738 d.
1409 2702 1448 2749 2,
1470 2689 1530 2735 15.
