1685 2954
629 54 711 83 mn.
739 53 921 90 ovmrvs
1370 52 1498 84 cerm

163 157 222 196 ΕΙ.
244 161 307 205 11,
333 167 427 194 uers.
449 158 487 202 1,
508 154 532 191 6
564 152 714 200 lacrym.
747 153 864 190 Gron.
920 152 1028 190 Vers.
1051 154 1076 190 9
1107 151 1213 190 tubae
1234 151 1319 190 dum
1352 153 1411 191 ed.
1439 167 1497 204 pr.

0 207 2 211 ’
64 218 169 257 Vers.
186 223 230 256 11
260 218 369 255 Pauli
385 217 503 254 Gron.
541 214 647 252 Vers.
667 216 715 251 14
740 217 799 251 Εη
824 215 859 250 in
883 215 990 251 litura
1008 216 1126 253 Gron.
1148 215 1240 252 teste
1260 213 1363 251 Schr.
1386 216 1498 253 Hein-

64 282 137 319 sius
166 283 215 318 Et
240 282 356 328 ipsum
381 277 477 328 quod
502 278 678 314 enotauit.
730 275 836 313 Vers.
855 279 902 312 18
928 276 996 313 huc
1022 282 1048 312 t.
1075 275 1179 312 Schr.
1211 274 1292 312 huic
1315 281 1344 312 t.
1371 276 1496 314 Heius.

65 343 183 379 Gron.
233 340 337 376 Vers.
359 343 409 376 20
434 338 563 376 iudicet
588 339 706 377 Gron.
731 350 802 374 ma.
822 350 878 387 pr.
905 343 987 374 test.
1014 336 1119 373 Schr.
1168 337 1273 374 Vers.
1289 341 1335 374 21
1362 339 1500 376 minoia

67 405 185 441 Gron.
204 408 230 438 t.
251 401 373 437 Heius.
398 401 489 438 sella
513 405 547 437 et
572 398 630 437 ed.
651 412 708 449 pr.
761 398 867 435 Vers.
887 402 935 434 22
961 400 999 435 in
1024 396 1101 435 tb'to
1129 398 1244 436 Gron.
1264 405 1290 435 t.
1314 399 1434 447 Schr„
1461 402 1500 437 in

65 470 139 503 toto
165 471 191 501 t.
210 463 333 499 Heius.
375 461 481 499 Vers.
499 465 546 497 23
573 465 643 498 tac.
662 462 796 506 i7ionis
818 461 936 497 Gron.
978 460 1083 496 Vers.
1101 462 1151 495 24
1178 460 1359 498 tantaleas
1383 462 1500 500 Gron.

66 534 94 565 t.
116 526 236 564 Heins.
287 523 393 560 Vers.
411 525 459 560 26
485 523 578 560 laxa
604 527 676 559 cat.
704 522 762 559 ed.
783 534 840 571 pr.
883 521 989 558 Vers.
1008 524 1057 558 27
1082 521 1199 568 fallor
1224 535 1297 559 non
1314 524 1438 560 notaui
1455 524 1502 562 de

66 590 183 626 Gron.
234 585 340 622 Vers.
361 586 410 620 29
435 596 501 634 pro
528 585 633 621 auita
658 583 832 633 trophaea
859 583 976 619 Gron.
1000 590 1027 620 t.
1052 584 1157 621 Schr.
1209 584 1317 620 vers.
1342 586 1388 619 31
1416 596 1503 621 exe-

64 653 146 698 quet
172 653 199 686 t.
226 647 362 696 liyosses
386 647 503 683 Gron.
524 652 551 683 t.
572 646 696 683 Heins.
740 646 846 682 Vers.
869 644 916 680 35
942 645 1050 693 paule
1076 646 1194 682 Gron.
1234 644 1339 680 vers.
1359 645 1407 680 39
1432 647 1504 682 sti-

64 710 217 748 mutant.
244 709 362 745 Gron.
390 714 416 745 t.
441 709 565 745 Heius.
611 707 717 744 Vers.
735 708 783 742 47
811 705 931 744 dictas
957 706 1071 742 Gron.
1098 712 1125 743 t.
1155 707 1277 742 Heius.
1325 705 1431 742 Vers.
1453 710 1504 744 48

64 774 185 822 possis
209 771 326 808 Gron.
351 776 380 807 t.
407 770 531 805 Heius.
584 769 691 805 Vers.
711 768 761 804 50
786 768 839 804 At
865 769 964 816 prior
989 768 1105 805 Gron.
1133 773 1159 804 t.
1189 768 1312 804 Heins.
1353 779 1505 806 ascensu

66 835 186 872 Gron.
223 832 328 869 Vers.
344 833 394 868 70
413 833 576 869 uncturis
593 831 709 867 Gron.
725 836 750 866 t.
766 830 889 865 Heius.
930 827 1035 864 Vers.
1050 830 1099 864 79
1121 830 1188 866 erit
1209 829 1325 866 Gron.
1340 835 1368 865 t.
1382 831 1504 868 Heius.

66 896 174 933 Vers.
191 897 238 932 81
266 896 352 930 sunt
377 893 494 929 Gron.
513 899 540 929 t.
561 891 684 939 Schr.,
716 903 790 927 non
809 890 934 926 Heius.
987 889 1092 926 Vers.
1115 891 1164 926 84
1189 902 1445 938 responsurum
1470 905 1503 930 s.

65 969 105 997 u.
130 961 210 994 tace
235 955 354 993 Gron.
379 959 406 990 t.
424 954 548 991 Heius.
600 953 706 989 vers.
725 951 773 987 95
800 955 853 987 est
878 963 950 988 om.
980 951 1097 988 Gron.
1128 957 1155 988 t.
1178 952 1314 997 Heius„
1340 965 1412 991 ma.
1431 966 1504 992 sec.

67 1017 155 1055 add.
183 1024 210 1054 t.
239 1015 346 1053 Scin·-
398 1014 504 1052 Vers.
527 1016 577 1053 96
609 1012 760 1065 paulum
793 1013 910 1051 Gron.
962 1012 1067 1050 Vers.
1087 1014 1137 1050 97
1169 1012 1319 1052 ῑυόνὶσία
1350 1020 1508 1054 sumtum

66 1080 184 1116 Gron.
211 1084 238 1115 t.
267 1077 392 1113 Heins.

165 1139 223 1176 De
253 1144 432 1188 tempore,
458 1151 531 1188 quo
556 1138 614 1176 hic
631 1138 812 1190 Propertii
830 1139 922 1177 liber
938 1138 1104 1189 scriptus,
1132 1138 1287 1177 difficilis
1313 1145 1368 1178 est
1393 1153 1507 1191 quae-

66 1203 157 1239 stio:
191 1201 260 1238 tria
291 1207 412 1236 tamen
446 1200 563 1237 inesse
588 1201 756 1238 uidentur
783 1202 857 1239 eius
883 1200 1025 1237 indicia.
1077 1201 1134 1238 De
1161 1213 1258 1238 anno
1283 1202 1332 1240 V.
1361 1204 1405 1241 C.
1431 1206 1507 1240 738

67 1265 114 1302 el.
135 1268 197 1310 ll,
223 1275 259 1300 u.
279 1262 343 1309 65,
363 1263 412 1299 66
437 1263 652 1312 interpretes
679 1263 902 1311 intelligunt,
929 1263 971 1300 P.
999 1263 1112 1301 Corn.
1140 1263 1349 1313 Scipionem
1376 1276 1506 1301 consu-

66 1325 156 1372 lem,
182 1325 244 1374 qui
271 1331 574 1361 commemoratur
599 1324 697 1374 apud
723 1324 830 1361 Dion.
859 1325 962 1362 Cass.
980 1325 1045 1372 54,
1063 1327 1123 1362 19.
1173 1326 1232 1363 De
1257 1325 1303 1362 el.
1323 1327 1345 1360 3
1373 1336 1508 1374 anceps

67 1394 124 1425 est
148 1387 342 1433 iudicium,
369 1392 489 1422 tamen
517 1388 676 1423 Noricus
700 1386 814 1423 hostis
839 1387 869 1422 si
896 1394 994 1424 recte
1019 1386 1186 1423 scribitur
1212 1399 1248 1424 n.
1267 1389 1306 1434 8,
1331 1386 1510 1424 indicatur

67 1448 247 1498 expeditio
267 1447 419 1495 Tiberii,
448 1460 481 1485 a.
496 1448 544 1487 V.
563 1449 607 1486 C.
630 1450 716 1493 739,
738 1448 807 1485 1)ἰο
822 1449 924 1485 Cass.
944 1449 1008 1495 54,
1026 1451 1090 1496 22,
1118 1454 1156 1484 et
1172 1447 1326 1485 fortasse
1343 1462 1380 1485 u.
1396 1451 1420 1485 7
1440 1462 1509 1499 per

68 1510 218 1547 iteratos
243 1513 345 1546 ortus
370 1509 617 1559 expeditiones
645 1522 822 1547 annorum
848 1512 924 1548 734
942 1517 979 1547 et
999 1511 1088 1556 740,
1113 1509 1182 1546 Dio
1202 1511 1266 1557 54,
1283 1511 1308 1547 9
1325 1517 1361 1547 et
1378 1513 1443 1559 24,
1470 1516 1511 1549 ut

70 1571 218 1609 Araxes
242 1583 279 1608 u.
297 1572 345 1607 35
370 1573 415 1608 sit
440 1573 643 1609 Armeniae.
695 1573 754 1609 ΕΙ.
776 1574 815 1620 6,
843 1585 878 1609 u.
895 1575 945 1609 80
970 1572 1045 1609 siue
1066 1571 1292 1621 Groningani
1317 1572 1397 1608 libri
1422 1573 1511 1609 scri-

71 1639 179 1682 ptura
203 1633 403 1682 probatur,
437 1634 514 1670 siue
539 1635 710 1684 uulgata,
743 1634 838 1671 idem
865 1641 1007 1684 tempus
1033 1634 1235 1681 indicatur,
1267 1646 1340 1683 quo
1369 1635 1511 1672 Horatii

71 1694 171 1731 lib.3
200 1694 349 1730 carm.5
375 1694 547 1743 scriptum
572 1702 647 1744 est,
673 1696 712 1732 h.
739 1707 773 1733 e.
800 1702 885 1732 ante
911 1707 1044 1732 annum
1070 1697 1166 1743 734,
1193 1695 1257 1732 sed
1284 1708 1356 1732 non
1381 1708 1510 1732 sexen-

73 1756 133 1792 nio
160 1761 264 1801 ante,
292 1754 343 1790 uti
368 1754 526 1791 iudicare
552 1755 660 1792 uideo
685 1756 884 1792 Frankium
910 1768 1050 1793 meum:
1085 1757 1132 1793 de
1157 1770 1230 1805 qua
1256 1768 1296 1793 re
1320 1758 1421 1806 piget
1446 1769 1510 1794 ex·

72 1827 225 1867 ponere,
251 1814 344 1852 adeo
369 1827 481 1864 saepe
501 1823 645 1853 uersata
664 1824 736 1854 est:
767 1817 873 1854 Caelo
893 1819 1093 1854 Tonantem
1113 1816 1340 1854 scribendum
1365 1830 1508 1856 censeo.

73 1877 285 1928 Propertius
313 1876 382 1913 hoc
408 1888 597 1914 causarum
624 1884 878 1928 argumentum
903 1878 1106 1916 inchoauit:
1138 1890 1250 1916 sacra
1277 1878 1417 1928 diesque
1443 1893 1510 1918 ca·-

73 1952 156 1977 nerc
181 1939 296 1976 uoluit
321 1945 407 1976 ante
431 1938 468 1975 id
494 1945 646 1988 tempus,
673 1952 746 1989 quo
772 1939 855 1977 fasti
876 1941 921 1976 ab
938 1941 1098 1988 Augusto
1124 1946 1208 1976 sunt
1232 1940 1426 1989 emendati,
1451 1955 1513 1979 sa-

73 2013 184 2039 craue
208 2007 292 2038 sunt
318 2007 457 2038 curata.
510 2000 610 2044 Quid
643 2001 772 2038 mirum
805 2001 834 2038 si
860 2008 942 2051 post
966 2000 1215 2051 pontificatum
1247 2014 1342 2040 max.
1369 2005 1416 2039 ab
1441 2004 1513 2041 hoc

29 2073 37 2079 ¹
72 2064 200 2100 initum
227 2068 361 2112 poetae
394 2063 457 2112 qui
487 2062 564 2099 aliis
597 2063 634 2099 in
660 2063 852 2113 generibus
877 2074 1098 2100 successores
1130 2064 1166 2100 iu
1193 2064 1306 2113 elegia
1332 2064 1513 2115 Propertii

71 2123 244 2172 fuerunt,
280 2125 335 2160 uti
366 2123 502 2160 fatetur
528 2122 682 2161 Ouidius
708 2125 800 2163 trist.
827 2125 865 2171 4,
888 2127 948 2172 10,
969 2126 1033 2173 53,
1068 2125 1097 2161 si
1122 2125 1145 2161 ii
1171 2126 1416 2175 potissimum,
1451 2128 1512 2177 qui

72 2185 276 2235 epistolam,
303 2185 377 2223 ou.
399 2191 467 2223 art.
492 2198 562 2222 am.
583 2188 621 2233 3,
641 2186 731 2234 345,
760 2187 806 2223 ab
831 2187 893 2223 illo
920 2194 1091 2224 nouatam
1115 2187 1399 2235 iilustrauerunt,
1426 2200 1513 2226 cau-

73 2259 139 2284 sas
164 2248 270 2284 etiam
298 2247 513 2284 contexendi
540 2249 848 2298 opportunitatem
875 2250 1118 2298 arripuerunt.
1171 2247 1344 2286 Ouidium
1369 2249 1450 2286 dico
1474 2255 1513 2288 et

74 2309 150 2346 eius
177 2309 434 2346 aemulatorem
464 2309 653 2356 Sabinum,
682 2310 729 2346 de
754 2323 827 2360 quo
854 2311 1056 2347 notissimus
1083 2316 1138 2347 est
1163 2309 1263 2346 locus
1289 2309 1362 2348 Ou.
1385 2322 1455 2348 am.
1475 2315 1512 2357 2,

76 2372 136 2415 18,
158 2372 207 2407 27
225 2383 280 2420 sq.
307 2377 344 2407 et
370 2370 561 2420 pudendus
586 2371 654 2407 fuit
681 2371 870 2408 doctorum
896 2384 998 2408 error
1023 2373 1059 2408 in
1085 2373 1198 2408 tribus
1224 2373 1410 2422 poematiis
1437 2373 1512 2410 eius

73 2432 142 2468 sub
167 2433 312 2469 nomine
339 2433 478 2469 traditis
504 2434 541 2470 in
567 2432 651 2470 edd.
680 2433 876 2470 Vicentinis
902 2440 939 2470 et
965 2433 1114 2470 Venetis
1142 2433 1277 2471 saeculi
1305 2434 1422 2484 quinti
1447 2433 1513 2471 de-

77 2492 178 2530 cimi:
214 2492 388 2531 Ottonem
416 2494 577 2545 Iahnium
603 2494 800 2532 Kiliensem
827 2495 971 2531 memini
1006 2496 1148 2544 egregie
1180 2508 1254 2533 rem
1281 2495 1453 2545 expedire
1477 2496 1513 2532 in

77 2553 218 2602 ephem.
255 2555 620 2595 Darmstadiensibus.
668 2557 725 2595 De
751 2556 878 2595 eodem
906 2557 1044 2595 Sabino
1070 2557 1209 2607 scripsit
1232 2557 1386 2596 Ouidius
1404 2557 1512 2612 Pont.

77 2614 117 2659 4,
145 2616 205 2664 16,
232 2616 299 2653 15:
