1685 2954
122 71 215 102 XXX
713 70 754 99 V.
782 69 955 99 Plemvs

120 176 270 212 Iunctos
302 183 351 209 etr
383 170 508 209 ordine
541 168 645 208 ludos
669 168 823 208 Ouidius
849 170 918 207 hoc
944 181 1068 207 mense
1091 169 1177 209 dicit
1202 171 1316 208 Trist.
1343 173 1382 219 ³,
1410 175 1473 221 12,
1499 175 1560 211 17.

120 236 239 284 Atque
264 234 342 282 ipse
367 232 458 269 adeo
485 231 691 269 Morcellius
725 243 885 269 errorem
920 230 1136 269 emenda-uit.
1191 233 1240 269 IX
1264 233 1326 269 ΚΡ
1352 233 1439 270 Mai.
1466 234 1561 272 idem

119 295 232 333 Aldus
257 294 354 331 solus
382 292 448 329 NP
476 304 548 328 non
575 294 741 331 ascribit:
774 293 1014 342 incogitanter
1046 299 1144 330 certe
1177 293 1286 341 secit,
1323 294 1387 330 sed
1415 306 1562 344 magnas

118 357 242 395 turbas
268 355 376 392 edere
405 355 592 403 potuisset,
622 354 686 391 nisi
713 356 931 405 interpretes
951 353 1160 399 defuissent,
1187 357 1248 405 qui
1274 355 1476 392 discrimine
1500 357 1562 393 illo

117 419 212 456 inter
234 416 346 452 fastos
368 415 567 452 Masteanos
593 422 631 451 et
655 415 910 452 Praenestinos
936 415 1183 452 abuterentur.
1226 416 1283 453 De
1309 416 1377 452 hac
1403 429 1442 454 re
1468 417 1563 454 infra

116 478 295 529 copiosius
331 477 514 514 disseram.
576 476 625 512 IX
658 476 745 512 Kal.
779 477 856 513 Iun.
891 476 1018 526 reliqui
1051 485 1197 526 praeter
1233 476 1396 526 Pighium
1433 490 1561 515 omnes

116 541 165 584 Q.
194 539 311 576 REX.
340 539 384 576 C.
410 538 454 574 F.
509 537 688 574 Facilitati
721 538 924 574 intellectus
956 537 1144 574 consulere
1178 539 1392 585 uoluerunt,
1430 540 1561 577 mensis

116 602 237 640 Martii
264 601 392 637 lemma
420 599 546 635 imitati
572 604 675 634 sunt:
705 611 839 634 morem
867 604 1051 647 receptum
1078 598 1251 635 fastorum
1278 611 1421 648 pessum
1448 600 1560 638 dede-

116 669 213 701 runt.
266 662 349 698 Non
377 661 553 711 potuisset
579 658 731 696 Ouidius
758 659 794 707 5,
821 661 896 696 727
921 661 1078 696 scribere

250 724 414 769 Quatuor
439 722 520 759 inde
545 723 641 758 notis
667 720 765 758 locus
789 725 854 765 est,
883 720 1009 769 quibus
1035 719 1158 758 ordine
1181 720 1283 758 lectis
1307 741 1381 768 —,

114 786 144 824 si
169 786 205 822 in
233 786 311 822 ullis
331 797 418 821 suae
440 783 566 820 aetatis
593 783 692 818 fastis
720 783 822 818 aliter
849 790 973 818 extare
999 782 1058 818 illa
1084 787 1259 831 putasset,
1283 788 1394 830 atque
1413 783 1560 833 Pighius

113 847 281 885 tradidit=
319 845 415 895 quod
444 845 628 894 perspexit
654 845 871 880 Vaassenius
898 843 1087 880 Animadu.
1118 855 1156 892 p.
1174 844 1248 877 290
1283 849 1477 892 antequam
1512 845 1560 882 de

113 907 229 959 Pighii
255 906 467 957 apographo
492 906 717 942 innotuisset.
769 905 824 949 Id.
852 906 929 942 lun.
959 905 1069 941 Aldus
1105 915 1186 940 cum
1213 903 1340 952 Pighio
1377 906 1479 954 ponit
1505 906 1557 953 N,

112 971 174 1008 alii
210 977 432 1006 caeterarum
460 966 586 1003 Iduum
613 967 778 1017 exemplo
813 967 973 1004 obsecuti
1000 965 1079 1002 NP.
1132 964 1223 1001 Illud
1260 965 1411 1002 alterum
1439 973 1561 1003 tuetur

112 1031 258 1080 Pighius
285 1032 318 1067 in
347 1028 630 1074 commentario,
659 1035 780 1064 tuetur
810 1027 976 1075 Ouidius,
1004 1028 1056 1063 uti
1082 1026 1233 1076 posthac
1258 1028 1449 1077 intelliges,
1477 1040 1558 1064 cum

111 1100 197 1144 post
233 1092 315 1129 Idus
343 1090 487 1127 demum
524 1090 644 1126 nubile
680 1096 821 1140 tempus
856 1089 959 1139 ponit
984 1091 1023 1136 6,
1048 1091 1135 1124 223.
1186 1087 1366 1125 Postridie
1399 1089 1452 1125 ld.
1483 1089 1558 1126 lun.

112 1154 240 1204 reliqui
266 1153 400 1188 babent
424 1150 518 1198 EN,
553 1150 699 1200 Pighius
727 1152 814 1199 EE,
851 1151 919 1187 hoc
945 1158 1000 1188 est
1026 1162 1097 1186 una
1124 1150 1243 1186 littera
1268 1161 1376 1186 exesa
1402 1151 1436 1186 in
1464 1163 1559 1187 mar-

112 1227 214 1253 more
240 1214 367 1261 EEN,
405 1213 455 1249 uti
482 1213 558 1262 ipse
584 1212 729 1261 Pighius
756 1213 950 1249 intellexit:
990 1211 1075 1247 dicit
1100 1211 1193 1248 enim
1221 1211 1257 1247 in
1284 1212 1558 1258 commentario,

113 1278 239 1316 nouies
268 1288 347 1313 eam
376 1280 496 1310 notam
523 1273 592 1309 EN
619 1274 770 1310 inueniri
806 1275 844 1310 in
882 1272 1024 1309 tabula:
1062 1285 1133 1309 non
1160 1285 1251 1322 opus
1278 1278 1333 1308 est
1359 1272 1429 1307 alio
1455 1272 1559 1308 testi-

111 1339 245 1376 monio.
298 1336 346 1373 111
371 1335 432 1372 ΚΡ
460 1335 528 1371 Iul.
555 1342 592 1371 et
617 1335 665 1371 111
693 1336 791 1373 Non.
818 1335 882 1371 Iul.
913 1334 1090 1370 Graeuius
1119 1345 1309 1384 perperam
1344 1333 1557 1369 comitialem

110 1406 151 1437 et
176 1398 354 1436 nefastum
381 1398 474 1433 diem
503 1396 604 1435 fecit.
655 1399 813 1434 Alterum
842 1397 964 1432 uitium
992 1397 1123 1445 repetit
1142 1409 1222 1432 cum
1245 1396 1404 1432 Grutero
1429 1394 1478 1430 111
1494 1394 1556 1431 ΚΡ

110 1460 218 1508 Dec„
246 1460 397 1496 alterum
424 1448 544 1494 1V'1d.
568 1456 758 1495 Octobres.
800 1458 884 1494 Dies
905 1470 926 1493 a
946 1457 1102 1494 Caesare
1127 1458 1253 1504 additi,
1280 1458 1346 1493 nisi
1373 1457 1432 1492 ubi
1458 1463 1558 1493 certa

110 1534 220 1560 causa
246 1527 373 1571 postea
400 1519 615 1566 intercessit,
642 1520 726 1556 fasti
752 1520 914 1566 suerunt,
940 1519 1052 1555 seriae
1079 1532 1149 1556 noo
1180 1527 1263 1555 sunt
1291 1519 1476 1565 nei'astae3
1511 1518 1557 1554 de

108 1583 365 1633 Augustalibus
392 1593 437 1617 ue
462 1581 638 1618 Morcellii
664 1581 863 1618 ineruditus
891 1593 993 1617 error
1019 1581 1183 1630 cuiquam
1211 1586 1362 1626 noceat,
1390 1579 1490 1616 adire
1514 1580 1557 1616 li-

109 1646 206 1682 cebit
227 1644 452 1693 Fogginium.
508 1644 574 1680 Hic
594 1643 788 1693 Fogginius
815 1642 881 1678 Vll
906 1642 959 1678 Id.
980 1641 1085 1691 Sept.
1114 1641 1280 1678 ludorum
1308 1641 1556 1678 Romanorum

107 1713 230 1743 notam
255 1706 407 1752 omittit,
444 1706 541 1741 solus
575 1706 668 1741 inter
701 1716 826 1741 omnes
851 1704 996 1740 tabulae
1023 1703 1126 1739 buius
1153 1703 1332 1749 editores,
1371 1709 1407 1737 et
1432 1708 1558 1738 contra

108 1768 327 1817 reliquorum
357 1768 463 1802 trium
492 1766 778 1803 calendar-iorum
806 1763 935 1812 fidem,
971 1776 1039 1801 nec
1073 1764 1149 1813 ipse
1181 1763 1216 1799 id
1251 1763 1463 1810 discrimen,
1499 1762 1558 1800 uel

106 1830 225 1881 potius
260 1840 339 1865 eam
374 1840 474 1865 suam
514 1827 766 1877 negligentiam
805 1825 1070 1862 animaduertit.
1117 1825 1219 1862 XVII
1243 1824 1306 1862 ΚΡ
1332 1823 1417 1862 Oct.
1442 1822 1555 1860 Aldus

105 1891 260 1927 litteram
285 1889 319 1925 N
348 1890 495 1943 insuper
520 1888 655 1933 habuit,
682 1899 791 1938 quam
819 1887 927 1924 credo
956 1887 1024 1923 hoc
1048 1886 1106 1923 die
1133 1893 1170 1923 et
1195 1886 1289 1936 prid.
1318 1885 1372 1923 Id.
1398 1884 1557 1922 indicare

104 1963 150 1988 eo
176 1951 234 1988 die
260 1958 446 1988 senatores
472 1950 578 1987 Diale
611 1951 758 2000 epulum
793 1950 828 1986 in
857 1949 1037 1999 Capitolio
1064 1948 1249 1985 celebrare
1273 1948 1420 1994 solitos,
1455 1945 1556 1996 (guod

104 2012 213 2049 docet
237 2013 306 2049 Dio
334 2015 394 2057 48,
422 2013 485 2060 52,
525 2018 564 2048 ut
596 2012 673 2048 eius
710 2011 924 2047 cerimoniae
960 2021 1067 2046 causa
1102 2022 1182 2046 cum
1218 2009 1301 2046 olim
1328 2019 1452 2062 omnes
1478 2007 1555 2045 dies

103 2086 230 2112 eorum
259 2074 441 2121 ludorum,
473 2080 512 2109 ut
537 2085 649 2123 supra
670 2084 716 2110 ex
737 2073 912 2109 Cicerone
937 2070 1128 2108 ostendere
1155 2083 1215 2108 me
1239 2070 1396 2114 memini,
1425 2069 1554 2106 nefasti

101 2134 251 2183 fuerint,
282 2136 316 2172 hi
343 2137 415 2172 duo
443 2134 690 2172 remanserint.
735 2132 855 2169 XVIII
879 2132 941 2168 ΚΡ
960 2132 1049 2169 Dec.
1077 2132 1257 2168 Gruterus
1283 2131 1353 2167 diei
1378 2131 1461 2168 fasti
1487 2143 1554 2168 no-

102 2203 177 2234 tam
197 2198 326 2234 omisit.
354 2198 463 2234 Vides
485 2202 540 2233 tot
563 2195 654 2232 uitiis
673 2201 813 2231 scatere
835 2194 930 2231 hanc
949 2194 1109 2231 tabulam
1128 2192 1228 2243 apud
1250 2193 1406 2242 reliquos
1427 2204 1554 2230 omnes

99 2266 248 2309 praeter
273 2259 437 2308 Pighium
465 2263 647 2304 auctores,
674 2267 769 2306 quae
795 2257 995 2306 quaestioni
1021 2267 1115 2292 nunc
1144 2255 1254 2290 inulta
1282 2267 1362 2291 cum
1390 2255 1556 2292 oblecta--

100 2321 198 2357 tione
230 2320 472 2357 instituendae
508 2332 580 2356 non
607 2319 791 2369 potuerint
827 2330 898 2354 uon
936 2318 1077 2354 obesse.
1129 2317 1429 2365 comparabimus
1456 2317 1552 2354 enim

98 2382 260 2419 tabulam
294 2381 514 2418 Maffeanam
551 2394 632 2417 cum
667 2378 809 2428 aequali
846 2384 977 2428 poeta:
1024 2379 1059 2414 in
1094 2391 1166 2428 qua
1202 2389 1241 2414 re
1273 2385 1421 2428 praeter
1452 2377 1551 2428 quod

98 2444 211 2480 multa
240 2443 531 2493 explicabuntur,
560 2442 629 2478 hoc
654 2441 761 2478 etiam
788 2446 943 2489 agetur,
972 2446 1011 2475 ut
1034 2441 1204 2489 quoniam
1232 2452 1328 2476 nunc
1352 2446 1452 2476 certa
1475 2439 1550 2476 fide

96 2504 304 2552 didicimus,
340 2515 412 2553 qua
448 2504 482 2539 iu
519 2510 625 2553 parte
660 2502 783 2539 tabula
818 2501 981 2537 iniuriam
1016 2502 1187 2551 temporis
1221 2507 1258 2537 et
1292 2500 1547 2537 detrimentum

93 2577 201 2615 passa
226 2567 294 2613 sit,
332 2574 590 2615 pernoscamus
616 2565 746 2609 etiam,
783 2564 843 2599 ubi
870 2574 1015 2599 carmen
1041 2575 1207 2599 mancum
1233 2569 1271 2599 et
1296 2560 1548 2612 imperfectum

91 2628 136 2664 sit
162 2639 183 2665 a
210 2635 321 2679 poeta
347 2627 523 2665 relictum.
575 2625 660 2663 Non
689 2626 735 2663 de
761 2637 823 2663 sex
851 2625 947 2662 libris
975 2624 1036 2675 qui
1062 2623 1193 2660 desunt
1219 2623 1371 2674 loquor,
1407 2622 1472 2660 sed
1498 2622 1546 2660 de
