1685 2954
161 106 274 139 CCXI.
640 136 644 141 ,
786 103 843 135 ΒΕ
871 104 968 136 nms

160 206 315 246 randum
342 206 380 243 in
402 216 448 242 eo
473 204 646 253 numine,
669 203 814 243 demum
842 205 1098 243 intellexerunt
1125 203 1280 243 Romani
1306 208 1436 254 quarto
1460 201 1603 243 decimo

162 270 248 308 belli
272 267 399 306 Punici
423 266 572 304 secundi
597 279 715 314 anno,
746 266 893 317 quando
919 267 1061 317 patriae
1085 267 1203 303 solum
1228 266 1414 303 obsessum
1439 272 1478 304 et
1499 267 1602 317 quasi

160 330 394 382 profanatum
421 334 500 365 erat
524 328 571 365 ab
590 327 693 366 hoste
708 328 862 366 Punico:
891 328 957 366 cfr.
979 328 1053 366 Ou.
1070 330 1107 373 4,
1121 329 1215 376 2593
1240 329 1316 364 264
1341 339 1423 364 cum
1442 327 1603 374 Liu.29,

162 396 232 439 103
260 394 304 427 11
333 396 370 426 et
396 389 568 426 Clausen.
595 401 681 427 ann.
709 390 821 427 4100.
874 390 944 427 Vel
977 391 1095 440 potius
1127 388 1390 440 propemodum
1417 389 1604 428 intellexe-

164 459 263 490 runt.
311 451 369 488 De
394 451 517 488 matris
544 451 701 500 Magnae
725 451 856 489 Idaeae
883 452 1030 488 notione
1056 464 1098 488 ac
1126 452 1273 488 numine
1300 451 1421 487 omnia
1446 463 1605 501 occupa-

162 515 217 552 uit
233 513 449 550 Clausenius
476 524 518 549 ac
544 513 611 549 nisi
635 512 795 559 fecisset,
822 518 896 548 tam
922 512 1074 549 feliciter
1099 511 1278 561 docteque
1303 523 1371 561 ego
1389 523 1459 549 non
1479 511 1605 563 dispu-

162 576 347 614 tauissem.
401 573 562 610 Primum
589 573 859 610 demonstratur
885 573 1027 609 Rlieam
1054 586 1149 623 quae
1182 574 1278 610 culta
1304 580 1359 610 est
1391 574 1427 610 in
1455 573 1607 612 Troade

163 638 258 675 circa
282 636 381 673 Idam
408 642 566 672 montem
595 648 617 672 a
637 634 917 682 Corybantibus,
947 646 984 683 p.
998 636 1060 679 29,
1080 635 1166 682 195,
1193 641 1230 672 et
1246 634 1440 684 Phrygiam
1461 636 1496 672 in
1515 636 1607 673 Din-

162 699 273 749 dymo
300 703 422 735 monte
451 697 634 746 Agdistin‚
667 695 723 731 cui
751 694 848 730 Galli
873 695 1052 739 seruiunt,
1080 707 1117 744 p.
1134 696 1208 740 -24,
1242 695 1353 733 fuisse
1379 697 1605 746 coniunctas,

163 775 202 813 p.
216 765 280 809 23,
297 763 365 797 28:
402 759 480 795 eius
512 758 564 794 rei
597 755 736 803 indiciag
761 761 845 791 sunt
877 755 974 805 apud
1003 755 1173 792 Ouidium
1201 758 1241 804 4,
1266 759 1357 804 1813
1386 759 1480 804 1913
1506 760 1607 806 207;

161 825 258 870 2143
285 823 380 870 2343
408 820 483 856 249
498 831 553 868 sq.
598 818 716 854 Acuta
739 816 872 853 deinde
897 817 1106 853 coniectura
1131 816 1283 854 docetur
1308 830 1345 867 p.
1361 819 1433 854 166
1459 818 1608 856 Vestam

161 896 185 923 a
212 884 365 921 Graecis
393 882 526 918 cultam
561 891 640 917 esse
673 879 740 915 sub
776 877 904 927 lapidis
936 878 1090 927 imagine
1125 890 1147 915 a
1176 878 1335 916 Saturno
1372 878 1536 916 deuorati
1571 885 1610 917 et

162 945 293 984 redditi
327 943 466 981 collatis
492 942 651 978 Pausan.
680 943 742 988 10,
762 941 823 983 24,
842 942 867 976 6
893 946 931 976 et
955 941 1080 988 hymn.
1110 940 1218 977 Hom.
1243 941 1308 989 24,
1327 943 1371 977 3:
1408 939 1539 978 deinde
1569 942 1609 979 in

162 1005 313 1044 Troade
339 1016 442 1041 sacra
468 1004 578 1041 fuisse
596 1003 731 1039 Vestae
751 1001 931 1048 victricis,
960 1014 998 1051 p.
1022 1004 1114 1039 167:
1139 1001 1295 1039 fortasse
1320 1014 1408 1052 ergo
1433 1002 1491 1039 hic
1516 1015 1610 1052 quo-

161 1081 234 1120 que
259 1067 388 1117 lapidis
414 1065 556 1116 pignori
581 1064 731 1101 subesse
759 1063 957 1110 creditam,
984 1075 1027 1098 ac
1054 1069 1169 1108 certe,
1197 1063 1502 1114 quemadmodum
1530 1065 1609 1102 Te-

161 1130 246 1168 nedi
263 1128 440 1166 Pindarus
458 1126 567 1163 Nem.
587 1129 649 1173 ll,
671 1129 690 1161 1
718 1131 887 1172 testatur,
915 1126 1072 1161 iunctam
1095 1124 1224 1162 Rheae
1248 1126 1326 1162 siue
1344 1126 1448 1162 matri
1465 1125 1608 1171 Idaeae,

162 1203 258 1242 quae
286 1203 352 1241 pro
380 1190 502 1226 Terra
536 1187 661 1224 habita
691 1192 764 1231 est,
800 1185 925 1224 fuisse.
984 1186 1060 1222 Iam
1095 1198 1182 1223 uero
1207 1187 1422 1224 Pessinunte
1456 1194 1609 1224 matrem

162 1253 310 1291 Idaeam
335 1251 403 1288 sub
431 1249 560 1300 lapidis
585 1248 779 1286 simulacro
807 1248 940 1285 cultam
967 1254 1123 1296 constat,
1151 1248 1223 1285 uid.
1243 1249 1378 1285 Arnob.
1398 1250 1438 1295 7,
1454 1249 1516 1284 46.
1552 1248 1611 1285 Ex

162 1315 289 1352 ritibus
317 1312 409 1350 deae
435 1312 616 1360 Phrygiae
646 1310 908 1346 uiolentissimis
943 1315 981 1346 et
1007 1310 1233 1346 Graecorum
1267 1309 1452 1345 sententiis
1483 1308 1612 1345 huma-

163 1375 335 1422 nissimis,
359 1375 388 1410 si
415 1374 576 1420 coirent,
607 1372 702 1409 nasci
730 1370 994 1421 propemodum
1022 1370 1146 1407 debuit
1172 1382 1305 1407 numen
1333 1369 1532 1418 eiusmodi,
1560 1370 1612 1406 uti

162 1437 342 1475 indicatur
375 1436 412 1472 in
446 1435 527 1471 loco
553 1433 675 1471 Seruii
706 1445 816 1483 supra
843 1445 881 1482 p.
910 1443 929 1468 c
966 1431 1150 1479 iudicato,
1183 1431 1230 1468 ad
1257 1435 1347 1469 Aen.
1375 1435 1410 1476 3,
1430 1434 1516 1479 113,
1549 1431 1613 1481 qui

164 1498 430 1537 Clausenianae
462 1495 714 1546 disputationis
744 1506 918 1531 summam
946 1493 1218 1542 complectitur3
1248 1493 1358 1543 idque
1385 1494 1526 1530 nouisse
1551 1493 1612 1530 Si-

165 1561 298 1610 byllam
322 1564 605 1596 consentaneum
631 1562 697 1601 est,
725 1568 833 1606 quam
857 1555 1001 1592 Idaeam
1027 1555 1142 1604 ipsam
1168 1555 1279 1592 fuisse
1299 1555 1512 1592 Clausenius
1537 1554 1618 1591 dis-⁷

164 1623 309 1673 putauit
347 1620 627 1669 diligentissime.
683 1619 934 1654 Pessinuntem
961 1623 999 1652 et
1024 1616 1161 1652 Italiam
1185 1628 1208 1652 a
1233 1616 1339 1652 Liuio
1365 1616 1506 1652 additas
1533 1628 1613 1653 cre·

164 1684 273 1721 dibile
293 1689 347 1720 est
366 1684 429 1730 29,
451 1683 500 1717 10
525 1681 560 1717 in
588 1680 724 1716 oraculi
750 1680 883 1725 uerbis,
910 1677 1008 1728 quod
1034 1678 1103 1713 iam
1131 1677 1230 1726 lege:
1261 1677 1482 1725 Quandoque
1499 1676 1615 1714 hostis

165 1745 365 1793 alienigena
399 1748 518 1780 terrae
543 1741 679 1778 Italiae
704 1740 833 1777 bellum
857 1738 1062 1785 intulisset,
1097 1750 1177 1774 eum
1203 1737 1287 1786 peni
1311 1738 1428 1775 Italia
1452 1739 1615 1787 uincique

165 1818 287 1858 posse,
321 1807 354 1842 si,
379 1809 498 1841 mater
522 1802 639 1840 Idaea
664 1814 689 1838 α
714 1803 928 1838 Pessinunte
953 1803 1112 1837 Romam
1139 1798 1294 1836 aduecta
1318 1798 1426 1846 foret.
1480 1800 1614 1837 Caete-

165 1881 246 1906 rum
274 1879 318 1904 ex
335 1865 508 1903 Varronis
534 1864 596 1900 illa
623 1863 796 1913 allegoria
822 1863 967 1899 minime
993 1861 1170 1910 probatur
1194 1860 1350 1897 Matrem
1377 1872 1544 1910 magnam
1570 1872 1616 1897 ea

165 1936 300 1974 mente,
327 1939 400 1978 qua
425 1925 598 1963 arcessita
625 1924 685 1961 uel
712 1922 928 1960 arcessenda
953 1922 1037 1970 fuit,
1064 1921 1198 1958 cultam
1225 1921 1336 1959 fuisse
1361 1923 1471 1960 etiam
1497 1934 1519 1958 a
1536 1922 1616 1959 Ro-

165 1991 304 2038 manis3
341 1989 542 2025 barbariem
571 1995 607 2024 et
633 1986 794 2022 furorem
821 1984 892 2020 hac
918 1990 1024 2033 parte
1049 1983 1204 2020 maxime
1227 1995 1412 2032 regnasse,
1438 1983 1615 2033 Phrygias

166 2051 357 2101 religiones
385 2049 522 2098 graecis
549 2048 708 2098 potiores
735 2046 876 2082 habitas
896 2057 976 2082 esse
997 2044 1258 2082 demonstrauit
1279 2046 1452 2083 Clausen.
1471 2058 1509 2096 p.
1524 2045 1614 2092 859,

166 2116 255 2151 860.
309 2114 429 2162 Atque
456 2111 531 2146 eius
558 2110 610 2146 rei
636 2119 782 2145 causam
809 2107 982 2143 indicauit
1008 2106 1229 2143 Niebuhrius
1255 2108 1375 2144 aureis
1401 2107 1468 2144 illis
1495 2104 1612 2142 uerbis

168 2175 205 2213 h.
223 2176 271 2212 R.
302 2178 340 2221 3,
367 2186 405 2223 p.
420 2173 517 2210 725:
553 2169 753 2217 Zufriedtm
778 2171 844 2206 mit
868 2169 1021 2206 Italicus
1047 2168 1267 2216 Herrschaft
1291 2173 1392 2207 wai're
1416 2168 1486 2206 das
1511 2165 1615 2204 &chae

166 2235 342 2275 romische
370 2233 461 2271 Volk
482 2231 697 2281 yliicklicher
723 2230 819 2268 edler
850 2230 925 2267 und
951 2232 1066 2267 rainer
1090 2229 1275 2278 gehlieben.
1326 2228 1508 2279 Singulari
1533 2227 1614 2264 sato

167 2310 302 2335 numen
329 2295 564 2333 clarissimum
591 2293 689 2342 quod
715 2304 793 2329 esse
819 2291 977 2329 debebat
1006 2299 1043 2328 et
1069 2298 1234 2341 poterat,
1260 2292 1551 2328 inuenustumet
1576 2289 1614 2325 in

168 2359 246 2408 ipso
267 2357 541 2394 cerimoniarum
563 2357 716 2403 strepitu
740 2360 776 2390 et
796 2361 976 2403 apparatu
999 2353 1175 2390 incertum
1195 2354 1355 2389 relictum
1375 2356 1441 2388 est.
1485 2351 1615 2394 Quan-

168 2419 365 2468 doquidem
392 2417 513 2454 nullus
546 2427 662 2465 prope
697 2415 787 2452 deus
820 2415 978 2452 selectus
1010 2415 1087 2451 sine
1115 2414 1383 2463 peregrinarum
1408 2410 1616 2448 fabularum

167 2477 572 2517 admixtione-confieri
608 2478 747 2527 potuit,
783 2476 1032 2514 adiunxissent
1065 2475 1173 2512 Matri
1206 2485 1358 2522 magnae
1393 2485 1462 2522 pro
1494 2472 1617 2509 Attine

168 2542 328 2579 Genium
353 2540 479 2590 populi
495 2539 671 2586 Romani,
698 2539 869 2575 libassent
895 2537 1027 2574 sortem
1053 2543 1090 2573 et
1116 2542 1252 2572 castum
1274 2535 1502 2583 sanguinem,
1528 2533 1615 2570 sub·

166 2603 390 2653 scripsissent
419 2600 520 2637 sedili
546 2599 662 2649 legem
690 2600 815 2636 Iuliam
842 2598 889 2636 de
915 2599 1062 2635 ciuitate
1086 2597 1184 2633 Italis
1210 2595 1414 2633 tribuenda.

270 2662 463 2701 Cereris
496 2673 629 2700 numen
655 2661 765 2711 quale
789 2660 920 2708 suerit,
954 2665 1148 2709 antequam
1173 2669 1241 2708 per
1267 2658 1377 2696 libros
1401 2655 1616 2710 Sibyllinos,
