1685 2954
106 55 227 114 Lixx
634 83 823 115 MENstvM
852 84 1011 116 NOMINA

105 180 361 223 Praenestinae
387 172 655 233 protulerunt,
671 183 722 222 ita·
749 184 921 223 differunt
954 187 1001 224 ab
1027 185 1215 225 Ouidianis
1239 198 1337 226 ners-
1356 189 1546 239 87—-96,

107 252 150 283 ut
175 245 326 283 Ouidius
353 243 400 281 ad
425 244 637 282 illustranda
668 246 748 296 ipsa
771 248 945 286 Varronis
970 249 1105 297 uerba,
1139 261 1234 299 quae
1259 262 1296 285 u.
1317 248 1368 286 85
1390 262 1445 300 sq.
1473 264 1546 301 po-

107 309 220 345 suisse
244 306 411 354 uidetur,
444 314 591 356 praeter
625 307 781 358 populos
813 308 971 347 foederis
1005 310 1088 347 olim
1116 310 1235 348 Latini
1263 311 1368 347 etiam
1394 311 1549 349 Sabinos

107 375 147 408 et
171 371 316 423 Aequos
342 373 380 405 et
408 368 529 405 alteris
557 370 646 406 utris
672 370 799 408 affines
824 370 1008 421 Pelignus,
1035 373 1225 419 Hernicos,
1251 372 1410 409 Faliscos
1435 372 1550 409 nomi·

111 436 186 467 net.
239 429 413 466 Similiter
438 430 472 466 in
499 431 614 480 Aprili
637 443 713 469 rem
747 439 857 482 poeta
889 434 1010 481 gessit.
1062 432 1150 470 Eius
1176 434 1306 470 mensis
1333 433 1552 482 appellatio-

109 504 193 529 nem
219 491 371 527 Fuluius
398 496 435 527 et
461 491 581 528 Iunius
608 493 654 529 ab
675 493 873 544 Aphrodite
897 494 1159 543 repetiuerant,
1186 501 1278 531 teste
1293 495 1458 531 Varrone
1483 495 1507 531 l.
1525 494 1552 534 l.

107 555 227 601 6,33:
253 553 331 602 ipse
357 558 477 589 autem
506 553 619 591 Varro
646 555 692 591 ab
719 553 931 604 aperiendo,
958 554 1120 591 Macrob.
1148 559 1185 603 1,
1203 559 1264 603 12,
1281 569 1319 605 p.
1335 558 1424 603 244,
1452 556 1551 593 Cen-

106 627 181 652 sor.
200 614 226 652 l.
248 614 321 651 ind.
350 614 550 663 Vtramque
574 616 847 664 originationem
871 615 1018 652 Verrius
1044 616 1079 652 in
1107 617 1224 666 capite
1248 617 1393 654 tabulae
1418 617 1552 656 Praen.

106 676 331 727 perscripsit.
384 676 629 713 Vetustiorem
657 677 865 726 opinionem
889 675 1044 714 Ouidius
1070 680 1297 728 persequitur
1322 681 1361 726 4,
1390 693 1427 716 u.
1445 682 1553 716 27—-

109 740 182 785 60,
209 750 252 774 ac
278 737 409 774 deinde
437 745 588 775 exornat
613 738 871 781 Varronianis‚
906 739 957 775 uti
982 751 1066 775 mox
1091 740 1288 788 intelliges,
1314 741 1552 790 argumentis:

108 799 375 836 Varronianum
410 800 649 849 ueriloquium
685 799 866 849 improbat
900 806 937 836 et
970 801 1158 849 impugnat
1190 801 1274 837 inde
1308 813 1330 837 a
1357 815 1462 838 uersu
1487 804 1554 850 87,

108 860 173 898 sed
199 867 391 910 postquam
418 859 531 897 multa
557 860 772 908 edisseruit,
807 873 875 898 nec
900 873 922 896 a
949 861 1222 910 repetitionibus
1247 863 1313 898 sihi
1339 863 1556 911 temperauit

108 936 146 960 u.
162 924 404 970 117-124,
431 922 586 971 eleganti
613 922 737 959 colore
763 923 860 972 ipsos
886 923 1135 960 Varronianae
1159 924 1359 960 sententiae
1386 923 1555 961 articulos

106 997 176 1034 pro
201 996 267 1020 sua
292 985 562 1033 interpretatur.
621 983 717 1020 Nam
734 984 791 1020 -ad
819 984 995 1020 Venerem
1023 985 1285 1033 accommodat,
1312 984 1412 1035 quod
1438 985 1556 1023 Varro

108 1052 201 1083 teste
227 1045 359 1084 Verrio
387 1053 424 1082 et
450 1045 638 1082 Macrobio
664 1045 803 1082 dixerat
828 1047 964 1095 aperiri
987 1045 1130 1094 fruges,
1168 1059 1274 1083 uersu
1303 1049 1397 1093 1283
1433 1044 1556 1095 flores,

108 1121 144 1144 u.
167 1109 259 1155 1273
286 1112 432 1151 terram,
460 1120 496 1143 u.
519 1109 612 1155 1263
645 1109 778 1151 maria,
806 1120 868 1143 uu.
890 1111 975 1155 131,
999 1112 1093 1155 1323
1126 1107 1277 1155 caelum,
1306 1121 1340 1144 u.
1361 1109 1447 1144 129.
1498 1108 1556 1146 De

108 1169 208 1207 Maio
235 1181 358 1205 mense
384 1181 604 1218 quamquam
630 1170 754 1218 ingens
782 1175 968 1205 auctorum
988 1170 1232 1206 controuersia
1259 1169 1339 1214 suit,
1366 1176 1475 1220 prout
1499 1170 1557 1207 di-

107 1232 158 1268 cit
183 1231 388 1268 Macrobius
415 1243 453 1280 p.
467 1232 544 1267 244
572 1237 609 1266 et
634 1230 780 1279 exponit
808 1243 846 1280 p.
865 1231 966 1277 245,
1001 1231 1117 1267 nullos
1143 1238 1263 1268 tamen
1291 1238 1438 1281 praeter
1464 1244 1557 1281 quos

107 1299 146 1330 et
172 1293 260 1329 alias
286 1292 389 1342 sequi
414 1299 524 1341 poeta
550 1290 706 1326 uidetur.
758 1291 852 1328 Nam
879 1292 977 1341 quod
1001 1293 1116 1342 primo
1143 1293 1223 1329 loco
1249 1305 1379 1330 nomen
1406 1293 1554 1330 deducit

110 1367 134 1391 a
158 1354 370 1401 Maiestate,
405 1359 529 1403 potest
555 1352 590 1388 id
616 1352 762 1402 quidem
789 1353 916 1389 secisse
942 1352 1145 1390 admonitus
1172 1366 1193 1390 a
1219 1354 1350 1391 Pisone
1375 1354 1461 1401 illo,
1494 1355 1557 1404 qui

107 1422 201 1453 teste
226 1416 341 1452 Macr.
371 1428 407 1464 p.
425 1417 497 1452 245
526 1414 680 1461 Maiam,
716 1426 810 1463 quae
836 1415 912 1451 aliis
939 1421 1054 1462 esset,
1091 1415 1265 1452 docuerat
1291 1416 1413 1452 uocari
1438 1415 1558 1453 Maie-

106 1484 223 1525 stam,
258 1477 288 1514 si
313 1476 421 1513 modo
448 1477 476 1513 is
503 1475 587 1512 Piso
614 1477 699 1512 satis
728 1482 783 1512 est
808 1476 997 1525 antiquus:
1034 1476 1093 1512 uix
1128 1477 1221 1513 enim
1248 1477 1293 1514 L.
1321 1478 1558 1526 Calpurnium

106 1539 275 1578 Pisonem
302 1539 415 1587 Frugi
446 1538 703 1582 intellexerim,
737 1537 801 1574 sed
839 1549 941 1582 eum,
978 1550 1084 1587 quem
1113 1539 1289 1575 Arnobius
1324 1542 1362 1586 3,
1389 1541 1438 1575 38
1464 1540 1559 1576 inter

106 1601 246 1638 Aelium
285 1607 322 1637 et
347 1600 550 1647 Granium,
586 1599 802 1636 Plutarchus
830 1600 957 1636 Caium
993 1606 1030 1636 et
1065 1594 1194 1647 ἄνδρα
1230 1594 1427 1647 ἶςορικόν,
1462 1601 1557 1638 Mar.

108 1675 143 1702 c.
164 1663 231 1707 45,
268 1662 404 1698 Plinius
432 1661 469 1697 h.
497 1674 534 1699 n.
564 1663 625 1708 13,
654 1664 699 1697 13
729 1663 816 1708 §87
843 1661 887 1697 L.
914 1661 1079 1697 Pisonem
1108 1663 1330 1709 censorium,
1366 1661 1453 1707 (nisi
1480 1673 1559 1698 ma·

112 1724 222 1761 lueris
251 1725 512 1770 Caesonium,
543 1721 640 1772 quod
669 1722 948 1772 Calpurnioruin
975 1722 1148 1771 frequens
1177 1729 1232 1758 est
1258 1725 1493 1772 cognomen,)
1519 1729 1560 1760 et

108 1785 319 1834 scriptorem
354 1785 696 1821 commentariorum
734 1791 971 1833 nuncupant:
1014 1790 1135 1833 potest
1170 1788 1290 1820 tamen
1325 1783 1415 1821 illud
1450 1784 1558 1822 etiam

106 1846 185 1897 ipse
211 1853 320 1896 poeta
346 1851 571 1882 commentus
598 1857 689 1882 esse.
744 1845 918 1894 Sequitur
944 1845 1041 1895 apud
1069 1857 1151 1881 eum
1179 1844 1263 1881 inde
1288 1858 1310 1882 a
1336 1858 1372 1884 u.
1393 1846 1444 1882 57
1469 1846 1559 1883 Ful-

109 1909 160 1944 nii
178 1908 374 1944 Nobilioris
401 1907 583 1955 iudicium,
610 1907 725 1944 Macr.
752 1919 790 1956 p.
807 1908 897 1954 244,
926 1906 1023 1956 quod
1048 1908 1127 1957 ipse
1152 1907 1270 1943 Varro
1296 1906 1342 1944 de
1368 1907 1392 1944 l.
1412 1907 1436 1944 l.
1459 1909 1495 1953 6,
1509 1910 1559 1944 33

108 1970 328 2019 perscripsit.
383 1970 452 2005 Hic
478 1976 599 2005 tamen
627 1969 733 2016 alibi,
771 1981 889 2018 paene
916 1969 1040 2005 dubito
1067 1982 1164 2006 nunc
1192 1981 1278 2005 num
1304 1969 1340 2004 in
1365 1969 1463 2006 libris
1489 1981 1559 2006 an-

108 2031 338 2080 tiquitatum,
367 2031 428 2080 qui
454 2029 538 2067 editi
563 2029 711 2067 suerunt
736 2037 821 2067 ante
848 2031 957 2066 libros
985 2030 1151 2066 Ciceroni
1177 2030 1388 2079 inscriptos,
1431 2042 1558 2080 repre-

108 2091 234 2128 hendit
267 2092 302 2128 id
341 2093 527 2129 inuentum
561 2097 598 2129 et
632 2091 679 2128 de
714 2091 810 2128 Maia
837 2091 1005 2127 Mercurii
1041 2098 1158 2128 matre
1192 2098 1453 2128 commentatus
1487 2097 1559 2140 est,

110 2154 301 2191 Censorin.
329 2167 367 2204 p.
394 2156 486 2201 120,
522 2164 618 2203 quae
642 2153 774 2190 Festus
803 2166 841 2203 p.
859 2154 942 2198 134,
961 2155 1011 2189 30
1043 2157 1080 2188 et
1108 2150 1262 2188 Ouidius
1289 2151 1373 2189 iude
1397 2163 1420 2188 a
1446 2165 1483 2191 u.
1508 2155 1557 2190 81

110 2214 280 2252 reddunt.
333 2215 539 2252 pleniorem
566 2220 688 2252 tamen
715 2221 753 2252 et
777 2215 1055 2261 abstrusiorem,
1090 2225 1199 2262 quam
1225 2212 1363 2263 defugit
1389 2213 1558 2263 Ouidius,

109 2275 284 2314 Varronis
312 2288 356 2313 ex
382 2276 564 2326 theologia
589 2277 746 2313 naturali
775 2278 963 2326 utriusque
988 2274 1141 2311 numinis
1167 2273 1409 2311 definitionem
1435 2274 1560 2323 Lydus

110 2336 159 2374 de
185 2338 365 2375 mensibus
391 2340 430 2386 4,
452 2339 502 2375 52
528 2339 698 2376 seruauit.
750 2338 807 2375 De
832 2338 933 2375 Iunio
960 2337 1076 2387 prima
1100 2342 1156 2373 est
1182 2336 1354 2373 Varronis
1379 2337 1561 2374 sententia

111 2411 249 2443 earum,
275 2411 365 2448 quas
393 2398 505 2437 multa
531 2399 808 2446 declamatione,
833 2398 954 2449 lepide
979 2398 1082 2435 illusa
1108 2398 1154 2435 ab
1173 2399 1330 2435 Arnobio
1356 2399 1470 2446 4‚16,
1496 2410 1561 2436 ex-

109 2471 248 2510 ponere
284 2461 409 2511 incipit
437 2461 590 2499 Ouidius
625 2462 664 2509 6,
691 2464 763 2505 21,
797 2467 892 2497 teste
926 2459 1127 2497 Censorino
1161 2472 1198 2509 p.
1223 2462 1319 2497 120:
1353 2460 1560 2497 Macrobius

109 2533 149 2572 p.
164 2523 238 2557 248
266 2521 429 2559 Cincium
454 2531 645 2573 auctorem·
666 2522 811 2559 scribit:
839 2520 990 2558 eandem
1018 2533 1062 2558 ex
1088 2520 1217 2558 Verrio
1239 2521 1373 2559 Flacco
1398 2523 1559 2559 seruauit

110 2582 245 2619 Paulus
268 2582 451 2620 Diaconus
479 2597 515 2634 p.
542 2587 613 2621 103
641 2583 768 2622 Muell.
828 2582 886 2620 De
912 2583 1132 2619 Aricinorum
1169 2589 1206 2619 et
1241 2581 1557 2621 Praenestinorum

110 2655 234 2682 mense
266 2643 417 2682 Iunonie
449 2645 565 2684 solum
593 2645 758 2682 Cincium
792 2651 985 2681 annotasse
1010 2650 1172 2681 constat:
1211 2646 1400 2694 quaeritur
1433 2645 1555 2696 igitur,
