1685 2954
106 27 234 57 cczvl
706 27 928 58 FASTORVM

106 126 308 177 perfectum
324 122 431 177 'opus
456 125 589 174 fuisse,
620 127 737 177 potuit
761 127 797 165 id
823 128 940 166 latere
964 128 1117 169 criticos.
1166 129 1337 179 Accedit,
1371 130 1470 180 quod
1500 131 1538 170 in

107 187 209 226 fastis
235 188 281 226 ad
307 187 646 237 metamorphoseon
671 189 799 225 librum
817 189 918 226 luet
932 189 968 227 V
993 192 1184 228 remittitur
1207 192 1321 228 lector
1347 195 1384 240 3,
1402 194 1477 230 724
1500 199 1539 232 et

106 251 146 298 4,
164 250 251 287 418.
290 250 388 298 Ergo
408 250 638 299 quantumuis
654 249 815 287 desultor
840 250 1040 288 studiorum
1058 259 1181 290 noster
1206 253 1327 298 fuerit,
1352 261 1436 303 post
1461 255 1538 293 edi-

105 316 180 348 tam
206 318 319 348 artem
346 312 554 348 amatoriam
577 312 822 362 proximorum
849 311 973 350 decem
1000 326 1176 350 annorum
1201 315 1316 351 maior
1341 327 1426 365 pars
1452 328 1540 353 con-

106 370 268 408 cedenda
297 378 352 408 est
385 372 586 422 quindecim
613 374 709 410 libris
736 381 880 413 metam.
909 381 1123 412 tantumnon
1150 376 1320 423 elimatis,
1348 388 1457 425 quam
1482 375 1540 413 fa-

104 433 182 479 stis,
210 445 363 482 quorum
389 433 569 470 dimidiam
596 441 735 471 tantum
764 444 904 485 partem
932 442 1081 472 eatenus
1109 437 1329 474 elaboratam
1351 437 1539 484 habemus,

105 499 146 529 nt
172 493 256 542 quid
283 494 375 530 desit
400 494 447 531 ad
479 495 758 544 perfectionem,
796 497 986 534 aestimare
1010 498 1120 547 plane
1146 500 1345 548 possimus:
1378 499 1414 535 id
1441 498 1540 548 quod

104 555 175 591 iam
200 555 402 593 faciendum
430 569 507 593 esse
534 557 654 594 uideo.
706 558 788 607 Ipse
820 558 929 605 igitur
954 566 1063 607 poeta
1090 560 1241 596 tristium
1269 561 1349 597 loco
1383 560 1540 597 indicato

104 615 194 655 haec
218 618 378 668 reliquit:
406 620 482 655 Sea*
506 631 568 667 eyo
594 619 777 665 fastorum
802 621 930 667 scripsi
956 619 1166 668 totidemque
1191 621 1338 667 libellos,

467 682 622 729 Cumque
646 692 711 716 suo
737 678 844 725 finem
872 692 990 716 meuse
1015 681 1153 718 libellus
1177 682 1301 719 habet:

405 742 518 791 quue
545 746 604 778 tuo
632 752 744 789 nuper
768 742 943 788 scriptum
971 741 1038 778 sub
1064 745 1215 787 nomine,
1245 744 1393 790 Caesar,

461 806 510 840 Et
535 802 599 839 tibi.
622 807 809 839 sacratum
834 814 915 839 sors
939 814 1019 838 mea
1042 805 1140 852 rupit
1167 816 1269 852 opus.

103 863 215 901 vides
242 876 324 901 eum
349 876 462 914 nuper
487 865 608 901 dicere
634 863 681 900 de
704 870 869 913 tempore
896 876 1036 913 poenae
1055 865 1239 913 proximo:
1265 865 1366 902 uides
1390 877 1457 903 sea·
1481 871 1543 904 to-

103 924 278 974 fidemque
302 926 411 963 libros
437 926 589 975 scriptos
616 931 652 962 et
686 931 806 961 tamen
832 929 979 973 ruptum
1006 937 1097 975 opus
1123 927 1268 974 testari,
1306 927 1543 976 quemadmo-

104 985 192 1023 dum
226 988 333 1023 etiam
366 986 688 1036 metamorplioses.
739 986 796 1023 De
830 985 899 1022 hoc
932 987 1104 1023 librorum
1139 1000 1288 1024 numero
1320 988 1542 1026 duodenario

103 1053 210 1085 uetus
236 1048 320 1085 mihi
351 1049 394 1085 lis
427 1056 481 1085 est
507 1060 587 1084 cum
615 1047 825 1097 quibusdam
852 1046 966 1084 doctis
993 1048 1090 1085 uiris.
1144 1049 1232 1086 Chr.
1259 1049 1402 1087 Iahnius
1430 1063 1543 1100 nega-

102 1116 207 1147 uerat
237 1121 304 1147 sex·
329 1115 364 1147 et
388 1109 537 1148 totidem
562 1121 641 1147 esse
666 1109 877 1157 duodecim,
903 1108 973 1146 hoc
1001 1116 1077 1157 est,
1107 1110 1206 1160 apud
1233 1111 1400 1148 Latinos:
1434 1111 1541 1149 docui

102 1171 214 1209 fuisse
247 1184 320 1209 uno
356 1173 522 1222 exemplo
558 1172 710 1209 idoneo:
750 1183 893 1221 possem
919 1183 1016 1207 nunc
1042 1171 1148 1220 plura
1183 1173 1288 1209 etiam
1317 1171 1476 1221 addere,
1511 1173 1542 1209 si

103 1246 196 1284 opus
221 1241 338 1281 esset,
371 1247 479 1284 quam
505 1233 651 1283 ascripsi
677 1234 713 1270 in
739 1233 844 1270 editis
870 1245 892 1269 a
918 1245 976 1268 me
1001 1233 1159 1269 tristibus
1182 1247 1219 1283 p.
1237 1235 1322 1273 140.
1373 1233 1448 1270 Sed
1473 1233 1542 1270 mi-

103 1296 204 1333 rifica
239 1302 319 1334 erat
349 1296 462 1333 Iahnii
496 1295 744 1345 interpretatio
776 1295 869 1331 illius
906 1306 1043 1330 uersus.
1104 1294 1269 1330 Docebat
1302 1293 1424 1341 fastos
1457 1294 1543 1343 dici,

103 1357 190 1407 quia
221 1356 411 1395 duodecim
446 1364 566 1394 essent
600 1368 761 1400 meuses,
798 1368 952 1405 quorum
985 1368 1076 1392 unus
1114 1356 1266 1405 quisque
1302 1369 1393 1392 unus
1426 1355 1542 1394 fastus

103 1419 252 1457 suisset:
285 1432 348 1456 sex
372 1420 481 1469 igitur
506 1432 552 1456 ex
578 1418 631 1455 his
657 1418 756 1454 fastis
783 1424 969 1454 enarratos
995 1429 1074 1454 esse
1100 1418 1145 1454 ab
1173 1417 1319 1454 Ouidio.
1370 1418 1452 1454 Hoc
1476 1418 1543 1467 igi-

105 1488 165 1518 tnr
191 1481 303 1531 magis
329 1482 478 1518 latinum
505 1487 597 1528 erat,
626 1492 734 1529 quam
760 1491 826 1516 sea·
851 1478 1075 1527 totidemque.
1113 1478 1381 1515 Praeteriissem
1407 1479 1477 1515 hoc
1502 1484 1543 1516 ut

104 1549 160 1580 tot
184 1543 276 1591 alia,
310 1544 346 1579 in
383 1543 512 1593 quibus
545 1541 754 1578 luctandum
781 1541 866 1577 mihi
892 1547 946 1578 est
971 1553 1052 1577 cum
1078 1540 1336 1590 peruersitate,
1371 1552 1544 1589 praeser-

104 1605 166 1641 tim
203 1605 393 1641 maleuola.
461 1604 537 1641 Sed
571 1604 626 1640 uir
658 1603 1012 1640 beneuolentissimus
1038 1603 1078 1639 S.
1107 1601 1287 1639 Obbarius
1321 1601 1358 1637 in
1396 1600 1541 1650 ephem-

101 1666 261 1703 Darmst.
289 1667 386 1703 1839
420 1678 455 1703 n.
481 1668 554 1701 120
589 1665 740 1701 eandem
774 1665 894 1701 denuo
933 1663 1147 1700 sententiam
1182 1669 1318 1699 tuetur.
1369 1661 1470 1699 Sciat
1502 1673 1543 1700 se

105 1729 218 1765 amari
252 1735 404 1777 propter
436 1726 670 1764 honorificum
698 1726 744 1763 de
777 1726 844 1762 hoc
879 1725 1024 1761 homine
1058 1723 1251 1769 iudicium,
1284 1722 1347 1760 sed
1375 1736 1451 1760 rem
1477 1723 1543 1762 de-

103 1802 177 1827 nuo
213 1788 416 1839 perpendat
450 1800 594 1825 censeo.
654 1786 760 1837 Apud
786 1785 957 1823 Ouidium
990 1785 1123 1822 mentio
1159 1785 1258 1822 nulla
1291 1791 1346 1822 est
1377 1785 1448 1823 diei
1480 1786 1543 1836 qui

102 1853 203 1903 prior
238 1852 399 1901 signatur
431 1849 480 1893 Q.
505 1849 620 1886 REX.
645 1850 689 1886 C.
716 1848 762 1895 F,
796 1848 848 1884 IX
878 1846 942 1884 KP
972 1846 1099 1896 April.,
1138 1852 1222 1896 post
1256 1849 1300 1895 3,
1327 1849 1423 1895 849,
1458 1847 1544 1886 uide

101 1926 213 1964 supra
250 1925 288 1963 p.
315 1924 424 1949 xux.
493 1911 768 1949 Praetermissus
804 1916 858 1946 est
898 1909 1061 1960 proxime
1101 1907 1176 1945 dies
1218 1908 1367 1947 feriatus
1400 1910 1453 1947 Vl
1477 1909 1543 1947 Kl’

102 1975 220 2025 April.
246 1980 284 2012 et
307 1972 548 2011 Alexandriae
581 1979 710 2022 captae
744 1972 937 2019 memoria,
970 1970 1054 2007 uide
1088 1982 1126 2019 p.
1153 1969 1245 2007 ead.l
1271 1970 1454 2021 Credibile
1478 1976 1543 2014 ‚est

103 2037 259 2074 noluisse
284 2047 368 2073 eum
394 2035 611 2083 coniungere
636 2033 740 2070 ludos
773 2034 948 2070 circenses
981 2045 1062 2068 cum
1093 2032 1240 2069 scenicis
1269 2032 1476 2069 Cerealibus
1500 2032 1540 2079 4,

106 2100 193 2146 392,
219 2099 308 2145 393,
343 2096 407 2134 sed
442 2095 614 2133 excidisse
647 2096 716 2132 diei
742 2095 790 2132 111
816 2093 868 2131 ld.
896 2093 1086 2141 indicium,
1125 2093 1207 2130 uide
1238 2106 1348 2143 supra
1379 2106 1416 2143 p.
1437 2103 1539 2130 va.

102 2159 187 2197 Non
222 2160 385 2210 oportuit
417 2158 533 2195 omitti
563 2158 658 2194 inter
684 2157 818 2193 Fabios
851 2162 887 2193 et
913 2155 1106 2200 Quintilios
1138 2156 1303 2204 lupercos
1330 2154 1459 2200 Iulios,
1493 2151 1540 2190 de

101 2222 230 2271 quibus
259 2224 338 2270 lege
363 2221 516 2257 Dionem
543 2219 645 2255 Cass.
672 2220 737 2265 44,
759 2220 803 2265 63
830 2219 892 2266 45,
912 2220 982 2254 3οι
1017 2219 1145 2254 scimus
1178 2217 1270 2253 enim
1303 2214 1539 2252 intermissum

101 2282 311 2332 aliquandiu
337 2282 373 2320 id
399 2280 663 2327 sacerdotium,
696 2279 762 2316 cfr.
790 2281 867 2317 Cic.
895 2279 989 2316 Phil.
1017 2282 1079 2326 13,
1100 2278 1158 2322 15,
1178 2281 1223 2313 31
1251 2276 1437 2314 reductum
1462 2287 1540 2313 esse

102 2344 149 2381 ab
176 2345 359 2393 August0,
386 2345 489 2382 Suet.
510 2341 595 2380 Oct.
619 2345 688 2389 313
716 2341 791 2377 Iulii
825 2342 962 2392 luperci
988 2339 1086 2390 quod
1112 2339 1262 2388 posthac
1286 2350 1358 2374 non
1384 2349 1540 2374 comme-

102 2407 233 2443 morari
260 2405 442 2453 uidentur,
470 2417 541 2441 non
569 2402 780 2440 crediderim
808 2405 966 2453 probare
994 2402 1108 2439 nullos
1134 2400 1263 2446 suisse3
1298 2398 1368 2434 Dio
1395 2399 1538 2436 Cassius

101 2479 166 2504 cur
192 2467 350 2503 omiserit
378 2467 616 2513 mentionem,
650 2465 727 2514 ipse
759 2463 895 2501 fatetur
920 2465 984 2512 51,
1003 2466 1070 2510 203
1106 2463 1234 2498 lacuna
1266 2459 1363 2510 apud
1391 2460 1540 2496 Festum

100 2541 138 2578 p.
164 2529 253 2576 257,
283 2529 330 2564 16
356 2527 452 2564 dext.
480 2535 517 2565 et
543 2526 661 2564 uerbis
686 2526 848 2575 Dionysii
875 2526 956 2563 Hal.
986 2530 1022 2573 l,
1049 2527 1115 2561 80:
1154 2521 1271 2573 τριχῇ
1306 2517 1381 2571 γὰρ
1415 2517 1539 2558 ἐνενέ-

96 2600 224 2640 μηντο
260 2590 309 2627 uti
345 2589 441 2628 nolo.
493 2588 741 2627 Laudabiliter
773 2587 861 2627 fecit
892 2594 1002 2637 poeta
1035 2583 1236 2623 differendo
1275 2595 1383 2633 quam
1418 2583 1537 2633 potuit
