1685 2954
576 72 673 104 COD.
702 71 974 105 ILFELDENSIS
1301 77 1493 112 ccnxxm

50 175 120 214 fuit
134 177 173 224 3,
192 175 242 213 34
267 181 307 213 ut
332 174 410 213 sine
430 172 501 210 alio
520 170 626 211 firmo
652 172 833 224 praesidio
858 173 938 211 illos
958 173 1161 227 sequerer?
1190 174 1356 221 *Quando
1377 178 1494 220 disce·

49 236 142 274 dunt
167 236 267 287 quod
293 247 404 287 saepe
428 234 495 282 fit,
529 234 767 271 Arundeliani
794 235 908 272 maior
934 238 1133 288 meliorque
1156 238 1250 277 solet
1273 238 1364 278 fides
1392 253 1492 281 esse:

48 298 217 348 exemplo
243 298 463 345 est-2,274‚
487 297 602 344 locus,
630 302 670 333 ut
696 295 783 332 mihi
810 295 970 346 uidetur,
995 305 1200 350 corruptus.
1243 301 1493 345 Quamobrem

47 362 87 407 3,
105 361 179 397 369
196 366 234 397 et
250 361 289 406 4,
303 359 377 395 949
405 357 545 394 leuibus
580 358 615 394 in
651 358 760 395 rebus
787 357 1022 396 Arundeliani
1057 362 1310 400 auctoritatem
1344 364 1491 403 admisi:

45 424 87 470 2,
106 423 182 459 392
207 419 382 457 haesitaui
408 418 539 456 adhuc.
591 419 659 456 Est
694 420 788 457 enim
823 420 885 456 ubi
911 426 948 458 et
981 421 1010 458 is
1045 421 1293 460 difficultatem
1318 426 1492 476 suspicio-

45 495 124 520 sum
156 483 192 519 in
218 480 366 518 modum
391 480 539 529 delinit,
566 484 606 530 2,
623 483 710 518 499.
762 480 930 519 Vossiani
956 482 1175 532 elegantias,
1210 485 1311 522 uelut
1335 489 1375 535 2,
1393 487 1493 536 5515

44 547 84 592 3,
103 546 195 591 3713
221 545 261 591 6,
279 544 345 592 78,
375 542 481 580 ualde
507 544 653 580 amabat
671 543 853 580 Heinsius.
892 544 974 594 Ego
1001 544 1031 581 si
1053 544 1198 595 quando
1225 545 1322 583 hunc
1348 549 1493 597 potissi-

42 617 141 642 mum
167 605 297 641 librum
322 610 467 641 secutus
487 616 582 652 sum,
607 604 744 642 sactum
763 603 800 641 id
821 611 876 642 est
901 606 937 642 in
965 606 1051 643 locis
1069 606 1257 655 eiusmodi,
1283 614 1324 645 ut
1339 608 1379 657 5,
1396 613 1492 660 1313

42 667 80 712 6,
97 666 186 712 522,
214 666 275 703 ubi
302 666 362 703 uel
387 667 743 717 interpolatissimum
771 668 938 717 quemuis
964 667 1154 705 admittere
1179 668 1271 705 ratio
1297 667 1438 707 suisset.

141 730 180 766 4.
219 729 482 779 Fragmentum
508 728 578 765 111⁴
583 728 781 766 eldense
807 730 939 779 insigni
966 730 1218 768 beneuolentia
1243 731 1491 770 transmissum
1550 778 1554 781 Α

39 790 153 829 habui
179 803 201 828 a
226 790 456 829 Wietlaschio
485 791 563 827 uiro
590 789 819 828 doctissimo:
861 803 905 827 ac
937 792 1044 828 liceat
1075 790 1147 828 hoc
1178 790 1259 827 loco
1285 794 1490 842 argumenti

39 852 261 891 ieiunitatem
297 853 405 889 animi
438 852 627 902 gratissimi
653 852 879 902 professione
903 852 1137 901 interpellare
1169 851 1279 902 idque
1303 860 1491 905 repetere,

40 913 139 964 quod
165 926 247 951 cum
274 914 453 952 creditum
479 913 688 951 thesaurum
715 914 934 950 remitterem
962 912 1137 960 testabar,
1161 914 1334 952 maiorem
1359 916 1491 956 huma·

39 977 161 1014 nitatis
187 976 345 1013 fructum
372 988 445 1013 me·
464 976 670 1026 percepisse
701 987 746 1012 ex
780 980 883 1011 tanta
915 971 1154 1022 liberalitate,
1187 987 1296 1025 quam
1326 977 1364 1014 in
1396 978 1490 1017 haec

38 1037 159 1075 studia
194 1039 354 1075 utilitatis
387 1037 472 1075 inde
505 1036 746 1084 redundauit,
780 1034 878 1086 quod
914 1041 1038 1072 tamen
1072 1035 1266 1085 plurimum
1301 1043 1369 1076 est.
1428 1039 1489 1078 Ex

38 1099 320 1137 Nahmmacheri
350 1099 547 1149 scriptione
578 1097 735 1148 quadam
766 1097 982 1135 scholastica
1007 1097 1093 1134 anni
1122 1098 1220 1136 1765
1249 1098 1320 1136 iam
1344 1100 1488 1150 pridem

36 1172 213 1198 noueram
240 1172 320 1198 esse
341 1161 479 1210 aliquot
503 1161 620 1197 bonae
639 1159 873 1196 membranae
898 1158 988 1195 folia
1013 1159 1049 1195 in
1075 1159 1263 1198 inuolucro
1288 1162 1380 1199 sacri
1405 1175 1488 1201 cor·

36 1221 135 1273 poris
161 1222 332 1270 inuenta,
366 1223 479 1258 mirae
505 1223 709 1258 uetustatis.
763 1222 940 1270 Aspectus
975 1226 1055 1258 erat
1088 1221 1294 1260 miserabilis
1319 1223 1488 1274 plagula-

36 1295 118 1320 rum
150 1290 232 1321 octo
267 1284 305 1320 in
340 1283 496 1321 sedecim
531 1290 685 1321 octonae
711 1282 856 1320 minoris
891 1282 1032 1319 formae
1066 1281 1154 1320 solia
1189 1285 1487 1335 complicatarum

36 1345 167 1395 quibus
188 1345 467 1382 continebantur
493 1357 618 1382 uersus
646 1344 750 1381 liuius
777 1344 942 1381 carminis
968 1356 992 1381 a
1017 1348 1056 1393 2,
1075 1344 1150 1381 568
1175 1344 1222 1382 ad
1249 1349 1287 1394 3,
1304 1348 1379 1384 204
1403 1360 1487 1386 rur·

33 1419 171 1458 susque
196 1407 278 1444 libri
303 1408 345 1455 4,
364 1409 439 1444 317
461 1406 509 1444 ad
530 1409 626 1454 8143
654 1407 818 1444 adiectae
844 1413 1036 1457 praeterea
1064 1413 1168 1444 erant
1194 1407 1344 1447 laciniae
1369 1411 1487 1448 mino·

35 1481 95 1507 res
120 1475 204 1506 octo
229 1468 384 1506 duorum
412 1469 567 1506 triumue
592 1468 787 1518 digitorum
813 1468 1025 1506 latitudine:
1053 1469 1174 1506 omnia
1199 1471 1364 1520 quamuis
1390 1472 1485 1509 indi-

37 1531 211 1580 gnitatem
236 1537 274 1568 et
293 1531 547 1568 contumeliam
571 1542 756 1581 perpessa.
801 1530 1028 1580 Frequentes
1054 1542 1202 1568 rasurae
1227 1537 1265 1568 et
1289 1534 1486 1572 correctio-

36 1604 103 1629 nes
128 1598 165 1629 et
189 1593 313 1629 uariae
339 1593 542 1643 scripturae
569 1594 749 1643 ascriptae
774 1599 812 1630 et
839 1593 1056 1642 glossemata
1075 1604 1096 1628 a
1115 1598 1255 1642 septem
1276 1594 1328 1630 uti
1343 1594 1484 1634 Nahm·

36 1652 227 1691 macherus
252 1654 438 1700 iudicauit,
465 1662 505 1692 ut
522 1655 607 1692 mihi
634 1656 751 1693 uisum
774 1661 829 1692 est
856 1661 1013 1704 quatuor
1038 1654 1188 1691 diuersis
1214 1655 1378 1694 manibus
1396 1671 1484 1708 pro-

36 1714 135 1752 fecta
159 1714 268 1752 fidem
293 1715 476 1753 faciebant
492 1717 652 1753 studiose
678 1717 878 1753 lectitatum
898 1722 935 1752 et
955 1722 1147 1753 tractatum
1175 1717 1343 1755 uolumen
1368 1718 1484 1757 fuisse

37 1789 121 1814 cum
148 1776 328 1826 integrum
354 1785 467 1814 esset:
496 1789 615 1827 neque
641 1777 710 1813 hoc
735 1777 810 1813 sine
836 1789 968 1826 magno
996 1778 1124 1814 horum
1150 1778 1351 1815 studiorum
1370 1779 1483 1817 detri-

36 1845 177 1887 mento,
204 1845 245 1875 ut
269 1839 447 1888 intelliges
465 1851 511 1875 ex
530 1838 712 1874 annotatis
733 1838 833 1882 meis,
861 1838 920 1874 ubi
947 1838 1033 1887 quid
1055 1850 1200 1888 quoque
1225 1840 1306 1877 loco
1329 1839 1482 1879 discerni

35 1901 199 1951 potuerit
223 1907 287 1937 aut
313 1901 540 1950 nequiuerit,
566 1899 691 1936 sedulo
718 1899 886 1937 indicaui.
940 1900 1126 1943 Quantum
1153 1900 1199 1937 ad
1226 1906 1369 1951 tempus
1394 1903 1482 1940 scri-

35 1963 172 2013 ptionis
197 1963 341 2010 attinet,
367 1963 403 1999 in
429 1963 631 1999 litterarum
656 1961 774 1997 forma
796 1968 905 2011 atque
923 1962 1032 1998 ductu
1060 1961 1147 1998 nihil
1172 1962 1250 1999 sere
1275 1962 1481 2014 deprehen-

35 2023 183 2073 debam‚
209 2025 297 2075 quin
323 2025 359 2062 in
385 2025 484 2062 libris
509 2024 645 2061 saeculi
670 2023 872 2060 duo‘decimi
901 2023 1245 2061 animaduertissem.
1296 2028 1480 2076 Agnosce-

29 2085 121 2123 Bam
147 2093 303 2136 quatuor
328 2087 554 2123 librariorum
582 2097 729 2130 manus,
764 2086 915 2134 primam
942 2097 1039 2135 quae
1070 2086 1174 2124 desiit
1200 2087 1316 2137 prima
1341 2088 1478 2138 pagina

35 2146 73 2184 in
97 2159 207 2185 uersu
232 2148 328 2185 589:
364 2149 537 2198 postremi
569 2154 641 2184 tres
676 2152 879 2196 quatuorue
912 2159 1038 2184 uersus
1063 2147 1266 2186 festinantis
1293 2148 1340 2186 ad
1367 2149 1478 2187 finem

22 2209 140 2258 ·pensi
164 2210 342 2247 minorem
369 2223 492 2247 curam
519 2209 740 2258 arguebant:
779 2208 873 2245 redit
906 2209 1033 2246 eadem
1065 2221 1193 2247 manus
1217 2222 1303 2260 pag.
1331 2223 1428 2248 nona
1454 2223 1479 2248 a

37 2282 144 2309 uersu
170 2273 243 2308 841
270 2271 457 2308 dimidiato
483 2283 599 2321 usque
625 2271 671 2308 ad
697 2283 786 2321 pag.
815 2270 1026 2308 undecimae
1051 2271 1159 2308 finem
1188 2284 1224 2308 u.
1242 2274 1280 2319 3,
1295 2273 1358 2310 49.
1398 2273 1478 2310 Alia

40 2343 186 2381 manus,
221 2334 287 2370 nisi
317 2334 414 2370 sorte
440 2332 566 2369 eadem
594 2339 648 2369 est
675 2334 856 2381 argutiore
882 2333 1022 2369 calamo
1048 2345 1128 2380 usa,
1155 2333 1296 2382 scripsit
1323 2334 1476 2383 paginas

37 2392 78 2441 5,
95 2395 133 2442 6,
147 2397 187 2443 7,
205 2397 244 2442 8,
264 2396 287 2431 9
313 2394 360 2431 ad
388 2406 530 2431 uersum
553 2399 591 2443 2,
607 2396 678 2431 841
706 2394 928 2431 dimidiatum
950 2395 1142 2431 laxioribus
1161 2394 1217 2430 hic
1235 2408 1381 2445 quoque
1407 2397 1475 2433 sub

38 2452 145 2491 finem
170 2456 294 2492 litteris
321 2463 357 2493 et
386 2469 491 2493 uersu
518 2459 592 2492 840
617 2468 706 2506 prae
732 2457 960 2493 festinatione
987 2457 1131 2503 omisso,
1158 2456 1250 2493 redit
1274 2469 1313 2506 p.
1330 2461 1391 2505 12,
1412 2461 1473 2502 13,

38 2515 102 2562 14,
121 2515 183 2563 15,
196 2519 257 2565 16,
283 2518 413 2555 deinde
439 2532 476 2568 p.
493 2521 549 2557 27,
569 2524 606 2554 et
631 2531 669 2567 p.
688 2520 751 2565 30,
769 2520 829 2553 31.
875 2519 1004 2554 Tertia
1028 2530 1155 2554 manus
1180 2518 1303 2568 incipit
1322 2532 1344 2555 a
1364 2532 1473 2556 uersu

33 2587 122 2626 pag.
139 2579 276 2626 primae
294 2581 384 2630 590,
410 2580 539 2617 desinit
558 2580 594 2615 in
612 2580 710 2616 calce
731 2591 817 2629 pag.
836 2579 1030 2627 secundae,
1057 2579 1150 2617 redit
1165 2592 1276 2630 pagg.
1293 2581 1469 2629 17-25,
1489 2610 1493 2612 .

35 2637 73 2674 in
100 2638 200 2675 cuius
222 2639 295 2678 fine
319 2649 357 2679 et
383 2643 464 2692 ipsa
483 2641 662 2680 delassata
681 2640 835 2679 uidetur.
875 2641 1018 2685 Quarta
1042 2647 1097 2680 est
1120 2641 1156 2678 in
1183 2654 1292 2693 pagg.
1309 2646 1344 2688 3,
1356 2644 1469 2692 4,26,

85 2709 145 2744 O-u.
163 2711 255 2744 Fasti.
273 2713 391 2752 Proleg.
1120 2703 1149 2740 S
