<?xml version="1.0" encoding="UTF-8"?>
<!DOCTYPE html PUBLIC "-//W3C//DTD XHTML 1.0 Transitional//EN"
    "http://www.w3.org/TR/xhtml1/DTD/xhtml1-transitional.dtd">
<html xmlns="http://www.w3.org/1999/xhtml" xml:lang="en" lang="en">
 <head>
  <title>
</title>
<meta http-equiv="Content-Type" content="text/html;charset=utf-8" />
  <meta name='ocr-system' content='tesseract 3.04.00' />
  <meta name='ocr-capabilities' content='ocr_page ocr_carea ocr_par ocr_line ocrx_word'/>
</head>
<body>
  <div class='ocr_page' id='page_1' title='image "./fastorumlibrisex00oviduoft_0560.png"; bbox 0 0 1685 2954; ppageno 0'>
   <div class='ocr_carea' id='block_1_1' title="bbox 137 107 1019 152">
    <p class='ocr_par' dir='ltr' id='par_1_1' title="bbox 137 107 1019 152">
     <span class='ocr_line' id='line_1_1' title="bbox 137 107 1019 152; baseline -0.002 0"><span class='ocrx_word' id='word_1_1' title='bbox 137 107 222 152; x_wconf 77' lang='lat'><strong>258</strong></span> <span class='ocrx_word' id='word_1_2' title='bbox 698 118 1019 150; x_wconf 64' lang='lat' dir='ltr'><strong>rns‘ronvir</strong></span> 
     </span>
    </p>
   </div>
   <div class='ocr_carea' id='block_1_2' title="bbox 192 218 1271 275">
    <p class='ocr_par' dir='ltr' id='par_1_2' title="bbox 192 218 1271 275">
     <span class='ocr_line' id='line_1_2' title="bbox 192 218 1271 275; baseline -0.001 -12"><span class='ocrx_word' id='word_1_3' title='bbox 192 220 314 263; x_wconf 85' lang='lat' dir='ltr'><strong>Adde</strong></span> <span class='ocrx_word' id='word_1_4' title='bbox 342 230 484 260; x_wconf 88' lang='lat' dir='ltr'><strong>senem</strong></span> <span class='ocrx_word' id='word_1_5' title='bbox 513 218 676 263; x_wconf 80' lang='lat' dir='ltr'><strong>Tatium</strong></span> <span class='ocrx_word' id='word_1_6' title='bbox 703 218 1044 275; x_wconf 78' lang='lat' dir='ltr'><strong>Iunonicolasque</strong></span> <span class='ocrx_word' id='word_1_7' title='bbox 1067 219 1271 273; x_wconf 79' lang='lat' dir='ltr'><strong>Faliscos,</strong></span> 
     </span>
    </p>
   </div>
   <div class='ocr_carea' id='block_1_3' title="bbox 250 283 1682 341">
    <p class='ocr_par' dir='ltr' id='par_1_3' title="bbox 250 283 1682 341">
     <span class='ocr_line' id='line_1_3' title="bbox 250 283 1682 341; baseline -0.001 -13"><span class='ocrx_word' id='word_1_8' title='bbox 250 287 368 339; x_wconf 81' lang='lat' dir='ltr'><strong>Quos</strong></span> <span class='ocrx_word' id='word_1_9' title='bbox 396 299 479 341; x_wconf 85' lang='lat' dir='ltr'><strong>ego</strong></span> <span class='ocrx_word' id='word_1_10' title='bbox 507 286 705 329; x_wconf 82' lang='lat' dir='ltr'><strong>Romanis</strong></span> <span class='ocrx_word' id='word_1_11' title='bbox 732 288 1005 330; x_wconf 89' lang='lat' dir='ltr'><strong>succubuisse</strong></span> <span class='ocrx_word' id='word_1_12' title='bbox 1034 285 1121 328; x_wconf 86' lang='lat' dir='ltr'><strong>tuli.</strong></span> <span class='ocrx_word' id='word_1_13' title='bbox 1534 291 1588 327; x_wconf 88' lang='lat'><strong>50</strong></span> <span class='ocrx_word' id='word_1_14' title='bbox 1670 283 1682 337; x_wconf 66' lang='grc' dir='ltr'>ξ</span> 
     </span>
    </p>
   </div>
   <div class='ocr_carea' id='block_1_4' title="bbox 196 353 1668 1414">
    <p class='ocr_par' dir='ltr' id='par_1_4' title="bbox 197 353 1444 476">
     <span class='ocr_line' id='line_1_4' title="bbox 197 353 1444 410; baseline -0.002 -14"><span class='ocrx_word' id='word_1_15' title='bbox 197 353 285 396; x_wconf 88' lang='lat' dir='ltr'><strong>Sed</strong></span> <span class='ocrx_word' id='word_1_16' title='bbox 313 367 448 408; x_wconf 93' lang='lat' dir='ltr'><strong>neque</strong></span> <span class='ocrx_word' id='word_1_17' title='bbox 477 354 700 408; x_wconf 84' lang='lat' dir='ltr'><strong>poeniteat,</strong></span> <span class='ocrx_word' id='word_1_18' title='bbox 728 368 808 398; x_wconf 90' lang='lat' dir='ltr'><strong>nec</strong></span> <span class='ocrx_word' id='word_1_19' title='bbox 836 367 946 410; x_wconf 87' lang='lat' dir='ltr'><strong>gens</strong></span> <span class='ocrx_word' id='word_1_20' title='bbox 973 354 1071 396; x_wconf 90' lang='lat' dir='ltr'><strong>mihi</strong></span> <span class='ocrx_word' id='word_1_21' title='bbox 1099 353 1228 396; x_wconf 84' lang='lat' dir='ltr'><strong>carior</strong></span> <span class='ocrx_word' id='word_1_22' title='bbox 1256 355 1339 396; x_wconf 83' lang='lat' dir='ltr'><strong>ulla</strong></span> <span class='ocrx_word' id='word_1_23' title='bbox 1367 359 1444 396; x_wconf 89' lang='lat' dir='ltr'><strong>cst.</strong></span> 
     </span>
     <span class='ocr_line' id='line_1_5' title="bbox 251 421 1344 476; baseline -0.001 -13"><span class='ocrx_word' id='word_1_24' title='bbox 251 423 333 463; x_wconf 90' lang='lat' dir='ltr'><strong>Hic</strong></span> <span class='ocrx_word' id='word_1_25' title='bbox 361 422 484 474; x_wconf 87' lang='lat' dir='ltr'><strong>colar,</strong></span> <span class='ocrx_word' id='word_1_26' title='bbox 514 421 583 462; x_wconf 85' lang='lat' dir='ltr'><strong>hic</strong></span> <span class='ocrx_word' id='word_1_27' title='bbox 611 428 775 464; x_wconf 88' lang='lat' dir='ltr'><strong>teneam</strong></span> <span class='ocrx_word' id='word_1_28' title='bbox 804 435 899 464; x_wconf 89' lang='lat' dir='ltr'><strong>cum</strong></span> <span class='ocrx_word' id='word_1_29' title='bbox 928 424 1028 463; x_wconf 88' lang='lat' dir='ltr'><strong>Ioue</strong></span> <span class='ocrx_word' id='word_1_30' title='bbox 1056 422 1210 476; x_wconf 90' lang='lat' dir='ltr'><strong>templa</strong></span> <span class='ocrx_word' id='word_1_31' title='bbox 1238 434 1344 463; x_wconf 88' lang='lat' dir='ltr'><strong>meo.</strong></span> 
     </span>
    </p>

    <p class='ocr_par' dir='ltr' id='par_1_5' title="bbox 196 487 1248 610">
     <span class='ocr_line' id='line_1_6' title="bbox 196 487 1248 543; baseline 0.001 -14"><span class='ocrx_word' id='word_1_32' title='bbox 196 491 293 543; x_wconf 90' lang='lat' dir='ltr'><strong>lpse</strong></span> <span class='ocrx_word' id='word_1_33' title='bbox 322 487 418 529; x_wconf 89' lang='lat' dir='ltr'><strong>mihi</strong></span> <span class='ocrx_word' id='word_1_34' title='bbox 446 489 630 542; x_wconf 87' lang='lat' dir='ltr'><strong>Mauors,</strong></span> <span class='ocrx_word' id='word_1_35' title='bbox 658 490 902 532; x_wconf 86' lang='lat' dir='ltr'><strong>commendo</strong></span> <span class='ocrx_word' id='word_1_36' title='bbox 931 490 1105 543; x_wconf 87' lang='lat' dir='ltr'><strong>moenia,</strong></span> <span class='ocrx_word' id='word_1_37' title='bbox 1134 490 1248 542; x_wconf 84' lang='lat' dir='ltr'>dixit,</span> 
     </span>
     <span class='ocr_line' id='line_1_7' title="bbox 253 556 1201 610; baseline 0.001 -13"><span class='ocrx_word' id='word_1_38' title='bbox 253 558 371 597; x_wconf 88' lang='lat' dir='ltr'><strong>Haec</strong></span> <span class='ocrx_word' id='word_1_39' title='bbox 400 556 483 597; x_wconf 86' lang='lat' dir='ltr'><strong>tibi.</strong></span> <span class='ocrx_word' id='word_1_40' title='bbox 523 562 569 598; x_wconf 87' lang='lat' dir='ltr'><strong>tu</strong></span> <span class='ocrx_word' id='word_1_41' title='bbox 596 556 755 609; x_wconf 88' lang='lat' dir='ltr'><strong>pollens</strong></span> <span class='ocrx_word' id='word_1_42' title='bbox 784 557 885 598; x_wconf 90' lang='lat' dir='ltr'><strong>urbe</strong></span> <span class='ocrx_word' id='word_1_43' title='bbox 913 558 1079 610; x_wconf 87' lang='lat' dir='ltr'><strong>nepotis</strong></span> <span class='ocrx_word' id='word_1_44' title='bbox 1109 558 1201 598; x_wconf 87' lang='lat' dir='ltr'><strong>eris.</strong></span> 
     </span>
    </p>

    <p class='ocr_par' dir='ltr' id='par_1_6' title="bbox 196 623 1591 744">
     <span class='ocr_line' id='line_1_8' title="bbox 196 623 1591 677; baseline -0.003 -14"><span class='ocrx_word' id='word_1_45' title='bbox 196 624 317 665; x_wconf 86' lang='lat' dir='ltr'><strong>Dicta</strong></span> <span class='ocrx_word' id='word_1_46' title='bbox 345 623 452 664; x_wconf 88' lang='lat' dir='ltr'><strong>fides</strong></span> <span class='ocrx_word' id='word_1_47' title='bbox 480 623 675 677; x_wconf 85' lang='lat' dir='ltr'><strong>sequitur.</strong></span> <span class='ocrx_word' id='word_1_48' title='bbox 716 629 883 663; x_wconf 88' lang='lat' dir='ltr'><strong>centum</strong></span> <span class='ocrx_word' id='word_1_49' title='bbox 911 625 1164 665; x_wconf 85' lang='lat' dir='ltr'><strong>celebramur</strong></span> <span class='ocrx_word' id='word_1_50' title='bbox 1190 625 1232 664; x_wconf 90' lang='lat' dir='ltr'><strong>in</strong></span> <span class='ocrx_word' id='word_1_51' title='bbox 1263 623 1357 664; x_wconf 85' lang='lat' dir='ltr'><strong>aris.</strong></span> <span class='ocrx_word' id='word_1_52' title='bbox 1540 623 1591 659; x_wconf 84' lang='lat'><strong>55</strong></span> 
     </span>
     <span class='ocr_line' id='line_1_9' title="bbox 252 688 1250 744; baseline -0.002 -13"><span class='ocrx_word' id='word_1_53' title='bbox 252 691 347 731; x_wconf 90' lang='lat' dir='ltr'><strong>Nec</strong></span> <span class='ocrx_word' id='word_1_54' title='bbox 377 689 504 731; x_wconf 91' lang='lat' dir='ltr'><strong>leuior</strong></span> <span class='ocrx_word' id='word_1_55' title='bbox 532 688 680 744; x_wconf 90' lang='lat' dir='ltr'><strong>quouis</strong></span> <span class='ocrx_word' id='word_1_56' title='bbox 707 695 775 729; x_wconf 85' lang='lat' dir='ltr'><strong>est</strong></span> <span class='ocrx_word' id='word_1_57' title='bbox 803 689 900 728; x_wconf 89' lang='lat' dir='ltr'><strong>mihi</strong></span> <span class='ocrx_word' id='word_1_58' title='bbox 927 690 1084 730; x_wconf 88' lang='lat' dir='ltr'><strong>mensis</strong></span> <span class='ocrx_word' id='word_1_59' title='bbox 1111 690 1250 731; x_wconf 87' lang='lat' dir='ltr'><strong>honor.</strong></span> 
     </span>
    </p>

    <p class='ocr_par' dir='ltr' id='par_1_7' title="bbox 198 754 1486 866">
     <span class='ocr_line' id='line_1_10' title="bbox 198 754 1486 809; baseline -0.003 -11"><span class='ocrx_word' id='word_1_60' title='bbox 198 759 293 799; x_wconf 91' lang='lat' dir='ltr'><strong>Nec</strong></span> <span class='ocrx_word' id='word_1_61' title='bbox 322 763 460 798; x_wconf 85' lang='lat' dir='ltr'><strong>tamen</strong></span> <span class='ocrx_word' id='word_1_62' title='bbox 487 757 597 798; x_wconf 90' lang='lat' dir='ltr'><strong>hunc</strong></span> <span class='ocrx_word' id='word_1_63' title='bbox 624 754 744 795; x_wconf 88' lang='lat' dir='ltr'><strong>nobis</strong></span> <span class='ocrx_word' id='word_1_64' title='bbox 771 756 1051 797; x_wconf 87' lang='lat' dir='ltr'><strong>tantummodo</strong></span> <span class='ocrx_word' id='word_1_65' title='bbox 1080 761 1265 809; x_wconf 77' lang='lat' dir='ltr'><strong>praestat</strong></span> <span class='ocrx_word' id='word_1_66' title='bbox 1292 756 1486 797; x_wconf 86' lang='lat' dir='ltr'><strong>honorem</strong></span> 
     </span>
     <span class='ocr_line' id='line_1_11' title="bbox 255 821 1238 866; baseline -0.002 0"><span class='ocrx_word' id='word_1_67' title='bbox 255 826 399 866; x_wconf 87' lang='lat' dir='ltr'><strong>Roma.</strong></span> <span class='ocrx_word' id='word_1_68' title='bbox 437 822 657 864; x_wconf 82' lang='lat' dir='ltr'><strong>suburbani</strong></span> <span class='ocrx_word' id='word_1_69' title='bbox 685 821 786 863; x_wconf 84' lang='lat' dir='ltr'><strong>dant</strong></span> <span class='ocrx_word' id='word_1_70' title='bbox 813 823 910 863; x_wconf 88' lang='lat' dir='ltr'><strong>mihi</strong></span> <span class='ocrx_word' id='word_1_71' title='bbox 940 836 1088 864; x_wconf 89' lang='lat' dir='ltr'><strong>munus</strong></span> <span class='ocrx_word' id='word_1_72' title='bbox 1116 823 1238 864; x_wconf 88' lang='lat' dir='ltr'><strong>idem.</strong></span> 
     </span>
    </p>

    <p class='ocr_par' dir='ltr' id='par_1_8' title="bbox 198 881 1668 1012">
     <span class='ocr_line' id='line_1_12' title="bbox 198 881 1666 946; baseline -0.002 -14"><span class='ocrx_word' id='word_1_73' title='bbox 198 893 383 945; x_wconf 81' lang='lat' dir='ltr'><strong>Inspice,</strong></span> <span class='ocrx_word' id='word_1_74' title='bbox 412 904 517 946; x_wconf 90' lang='lat' dir='ltr'><strong>quos</strong></span> <span class='ocrx_word' id='word_1_75' title='bbox 543 891 698 931; x_wconf 83' lang='lat' dir='ltr'><strong>habeat</strong></span> <span class='ocrx_word' id='word_1_76' title='bbox 725 881 942 932; x_wconf 84' lang='lat' dir='ltr'><strong>nemoralis</strong></span> <span class='ocrx_word' id='word_1_77' title='bbox 971 891 1112 932; x_wconf 86' lang='lat' dir='ltr'><strong>Aricia</strong></span> <span class='ocrx_word' id='word_1_78' title='bbox 1138 891 1285 942; x_wconf 81' lang='lat' dir='ltr'><strong>fastos,</strong></span> <span class='ocrx_word' id='word_1_79' title='bbox 1659 925 1666 938; x_wconf 31' lang='grc' dir='ltr'>ἶ</span> 
     </span>
     <span class='ocr_line' id='line_1_13' title="bbox 253 951 1668 1012; baseline 0 -13"><span class='ocrx_word' id='word_1_80' title='bbox 253 960 310 999; x_wconf 87' lang='lat' dir='ltr'><strong>Et</strong></span> <span class='ocrx_word' id='word_1_81' title='bbox 340 960 517 1012; x_wconf 86' lang='lat' dir='ltr'><strong>populus</strong></span> <span class='ocrx_word' id='word_1_82' title='bbox 544 959 743 1011; x_wconf 80' lang='lat' dir='ltr'><strong>Laurens,</strong></span> <span class='ocrx_word' id='word_1_83' title='bbox 772 958 1084 1012; x_wconf 87' lang='lat' dir='ltr'><strong>Lanuuiumque</strong></span> <span class='ocrx_word' id='word_1_84' title='bbox 1111 970 1269 1000; x_wconf 87' lang='lat' dir='ltr'><strong>meum:</strong></span> <span class='ocrx_word' id='word_1_85' title='bbox 1341 963 1344 967; x_wconf 84' lang='lat'>&#39;</span> <span class='ocrx_word' id='word_1_86' title='bbox 1543 960 1596 993; x_wconf 83' lang='grc'><strong>60</strong></span> <span class='ocrx_word' id='word_1_87' title='bbox 1658 951 1668 991; x_wconf 70' lang='lat'><strong>³³</strong></span> 
     </span>
    </p>

    <p class='ocr_par' dir='ltr' id='par_1_9' title="bbox 198 1024 1179 1134">
     <span class='ocr_line' id='line_1_14' title="bbox 198 1024 1179 1079; baseline 0 -13"><span class='ocrx_word' id='word_1_88' title='bbox 198 1025 278 1066; x_wconf 84' lang='lat' dir='ltr'><strong>Est</strong></span> <span class='ocrx_word' id='word_1_89' title='bbox 305 1026 388 1067; x_wconf 90' lang='lat' dir='ltr'><strong>illic</strong></span> <span class='ocrx_word' id='word_1_90' title='bbox 417 1024 572 1066; x_wconf 85' lang='lat' dir='ltr'><strong>mensis</strong></span> <span class='ocrx_word' id='word_1_91' title='bbox 597 1025 806 1066; x_wconf 85' lang='lat' dir='ltr'><strong>Iunonius.</strong></span> <span class='ocrx_word' id='word_1_92' title='bbox 845 1026 1011 1079; x_wconf 84' lang='lat' dir='ltr'><strong>Inspice</strong></span> <span class='ocrx_word' id='word_1_93' title='bbox 1040 1026 1179 1079; x_wconf 81' lang='lat' dir='ltr'><strong>Tibur,</strong></span> 
     </span>
     <span class='ocr_line' id='line_1_15' title="bbox 253 1091 1126 1134; baseline 0.001 -1"><span class='ocrx_word' id='word_1_94' title='bbox 253 1094 309 1133; x_wconf 87' lang='lat' dir='ltr'><strong>Et</strong></span> <span class='ocrx_word' id='word_1_95' title='bbox 334 1093 632 1134; x_wconf 80' lang='lat' dir='ltr'><strong>Praenestinae</strong></span> <span class='ocrx_word' id='word_1_96' title='bbox 661 1093 824 1133; x_wconf 84' lang='lat' dir='ltr'><strong>moenia</strong></span> <span class='ocrx_word' id='word_1_97' title='bbox 851 1104 973 1134; x_wconf 87' lang='lat' dir='ltr'><strong>sacra</strong></span> <span class='ocrx_word' id='word_1_98' title='bbox 1001 1091 1126 1134; x_wconf 86' lang='lat' dir='ltr'><strong>deae:</strong></span> 
     </span>
    </p>

    <p class='ocr_par' dir='ltr' id='par_1_10' title="bbox 200 1159 1236 1279">
     <span class='ocr_line' id='line_1_16' title="bbox 200 1159 1236 1214; baseline -0.001 -14"><span class='ocrx_word' id='word_1_99' title='bbox 200 1161 392 1200; x_wconf 85' lang='lat' dir='ltr'><strong>Iunonale</strong></span> <span class='ocrx_word' id='word_1_100' title='bbox 421 1161 542 1214; x_wconf 88' lang='lat' dir='ltr'><strong>leges</strong></span> <span class='ocrx_word' id='word_1_101' title='bbox 572 1165 750 1213; x_wconf 88' lang='lat' dir='ltr'><strong>tempus.</strong></span> <span class='ocrx_word' id='word_1_102' title='bbox 789 1160 885 1200; x_wconf 91' lang='lat' dir='ltr'><strong>Nec</strong></span> <span class='ocrx_word' id='word_1_103' title='bbox 912 1160 1112 1201; x_wconf 88' lang='lat' dir='ltr'><strong>Romulus</strong></span> <span class='ocrx_word' id='word_1_104' title='bbox 1145 1159 1236 1200; x_wconf 88' lang='lat' dir='ltr'><strong>illas</strong></span> 
     </span>
     <span class='ocr_line' id='line_1_17' title="bbox 255 1225 1189 1279; baseline 0 -12"><span class='ocrx_word' id='word_1_105' title='bbox 255 1225 461 1267; x_wconf 83' lang='lat' dir='ltr'><strong>Condidit.</strong></span> <span class='ocrx_word' id='word_1_106' title='bbox 503 1231 548 1267; x_wconf 85' lang='lat' dir='ltr'><strong>at</strong></span> <span class='ocrx_word' id='word_1_107' title='bbox 576 1227 706 1267; x_wconf 81' lang='lat' dir='ltr'><strong>nostri</strong></span> <span class='ocrx_word' id='word_1_108' title='bbox 732 1226 868 1267; x_wconf 83' lang='lat' dir='ltr'><strong>Roma</strong></span> <span class='ocrx_word' id='word_1_109' title='bbox 895 1227 1060 1279; x_wconf 87' lang='lat' dir='ltr'><strong>nepotis</strong></span> <span class='ocrx_word' id='word_1_110' title='bbox 1089 1232 1189 1267; x_wconf 88' lang='lat' dir='ltr'><strong>erat.</strong></span> 
     </span>
    </p>

    <p class='ocr_par' dir='ltr' id='par_1_11' title="bbox 197 1291 1596 1414">
     <span class='ocr_line' id='line_1_18' title="bbox 197 1291 1596 1346; baseline 0 -13"><span class='ocrx_word' id='word_1_111' title='bbox 197 1293 382 1334; x_wconf 79' lang='lat' dir='ltr'><strong>Finierat</strong></span> <span class='ocrx_word' id='word_1_112' title='bbox 408 1295 521 1334; x_wconf 89' lang='lat' dir='ltr'><strong>Iuno.</strong></span> <span class='ocrx_word' id='word_1_113' title='bbox 567 1292 849 1346; x_wconf 87' lang='lat' dir='ltr'><strong>respeximus:</strong></span> <span class='ocrx_word' id='word_1_114' title='bbox 885 1291 1076 1334; x_wconf 89' lang='lat' dir='ltr'><strong>Herculis</strong></span> <span class='ocrx_word' id='word_1_115' title='bbox 1113 1304 1216 1333; x_wconf 88' lang='lat' dir='ltr'><strong>uxor</strong></span> <span class='ocrx_word' id='word_1_116' title='bbox 1545 1297 1596 1333; x_wconf 82' lang='lat'><strong>65</strong></span> 
     </span>
     <span class='ocr_line' id='line_1_19' title="bbox 255 1360 1186 1414; baseline -0.004 -12"><span class='ocrx_word' id='word_1_117' title='bbox 255 1361 418 1414; x_wconf 82' lang='lat' dir='ltr'><strong>Stabat,</strong></span> <span class='ocrx_word' id='word_1_118' title='bbox 448 1367 491 1402; x_wconf 81' lang='lat' dir='ltr'><strong>et</strong></span> <span class='ocrx_word' id='word_1_119' title='bbox 519 1360 561 1401; x_wconf 89' lang='lat' dir='ltr'><strong>in</strong></span> <span class='ocrx_word' id='word_1_120' title='bbox 585 1360 701 1401; x_wconf 83' lang='lat' dir='ltr'><strong>uoltu</strong></span> <span class='ocrx_word' id='word_1_121' title='bbox 730 1361 854 1414; x_wconf 83' lang='lat' dir='ltr'><strong>signa</strong></span> <span class='ocrx_word' id='word_1_122' title='bbox 878 1360 1034 1413; x_wconf 80' lang='lat' dir='ltr'><strong>uigoris</strong></span> <span class='ocrx_word' id='word_1_123' title='bbox 1060 1364 1186 1400; x_wconf 88' lang='lat' dir='ltr'><strong>erant.</strong></span> 
     </span>
    </p>
   </div>
   <div class='ocr_carea' id='block_1_5' title="bbox 145 1469 1599 1574">
    <p class='ocr_par' dir='ltr' id='par_1_12' title="bbox 145 1469 1599 1574">
     <span class='ocr_line' id='line_1_20' title="bbox 196 1469 1599 1520; baseline -0.001 -10"><span class='ocrx_word' id='word_1_124' title='bbox 196 1474 259 1510; x_wconf 85' lang='lat'><strong>49.</strong></span> <span class='ocrx_word' id='word_1_125' title='bbox 295 1473 430 1509; x_wconf 87' lang='lat' dir='ltr'><strong>tacium</strong></span> <span class='ocrx_word' id='word_1_126' title='bbox 456 1473 583 1509; x_wconf 81' lang='lat' dir='ltr'><strong>DGe.</strong></span> <span class='ocrx_word' id='word_1_127' title='bbox 637 1472 786 1507; x_wconf 81' lang='lat' dir='ltr'><strong>tacitum</strong></span> <span class='ocrx_word' id='word_1_128' title='bbox 812 1473 872 1508; x_wconf 88' lang='lat' dir='ltr'><strong>Er</strong></span> <span class='ocrx_word' id='word_1_129' title='bbox 886 1481 1031 1520; x_wconf 70' lang='lat' dir='ltr'><strong>vna-pr.</strong></span> <span class='ocrx_word' id='word_1_130' title='bbox 1080 1470 1376 1520; x_wconf 90' lang='lat' dir='ltr'><strong>iunouicolosque</strong></span> <span class='ocrx_word' id='word_1_131' title='bbox 1398 1469 1508 1518; x_wconf 67' lang='lat'><em>(³1¹2)</em></span> <span class='ocrx_word' id='word_1_132' title='bbox 1531 1473 1599 1508; x_wconf 70' lang='lat' dir='ltr'><strong>uix</strong></span> 
     </span>
     <span class='ocr_line' id='line_1_21' title="bbox 145 1521 1599 1574; baseline -0.001 -14"><span class='ocrx_word' id='word_1_133' title='bbox 145 1523 225 1560; x_wconf 70' lang='lat' dir='ltr'><strong>«elli.</strong></span> <span class='ocrx_word' id='word_1_134' title='bbox 272 1523 425 1573; x_wconf 81' lang='lat' dir='ltr'><strong>phalisc.</strong></span> <span class='ocrx_word' id='word_1_135' title='bbox 452 1521 472 1558; x_wconf 81' lang='lat' dir='ltr'><strong>b</strong></span> <span class='ocrx_word' id='word_1_136' title='bbox 488 1534 507 1559; x_wconf 86' lang='lat' dir='ltr'><strong>e</strong></span> <span class='ocrx_word' id='word_1_137' title='bbox 523 1521 555 1568; x_wconf 76' lang='lat' dir='ltr'><strong>f.</strong></span> <span class='ocrx_word' id='word_1_138' title='bbox 669 1522 733 1558; x_wconf 91' lang='grc'><strong>50.</strong></span> <span class='ocrx_word' id='word_1_139' title='bbox 769 1533 860 1558; x_wconf 89' lang='lat' dir='ltr'><strong>rom.</strong></span> <span class='ocrx_word' id='word_1_140' title='bbox 887 1521 1120 1574; x_wconf 68' lang='lat' dir='ltr'><strong>supposuisse</strong></span> <span class='ocrx_word' id='word_1_141' title='bbox 1145 1534 1181 1558; x_wconf 81' lang='lat' dir='ltr'><strong>m</strong></span> <span class='ocrx_word' id='word_1_142' title='bbox 1198 1526 1223 1557; x_wconf 78' lang='lat' dir='ltr'><strong>t.</strong></span> <span class='ocrx_word' id='word_1_143' title='bbox 1334 1523 1397 1559; x_wconf 87' lang='grc'><strong>51.</strong></span> <span class='ocrx_word' id='word_1_144' title='bbox 1430 1523 1506 1558; x_wconf 80' lang='lat' dir='ltr'><strong>Sed</strong></span> <span class='ocrx_word' id='word_1_145' title='bbox 1532 1534 1599 1558; x_wconf 87' lang='lat' dir='ltr'><strong>nec</strong></span> 
     </span>
    </p>
   </div>
   <div class='ocr_carea' id='block_1_6' title="bbox 145 1569 1674 1623">
    <p class='ocr_par' dir='ltr' id='par_1_13' title="bbox 145 1569 1674 1623">
     <span class='ocr_line' id='line_1_22' title="bbox 145 1569 1674 1623; baseline -0.001 -13"><span class='ocrx_word' id='word_1_146' title='bbox 145 1586 255 1623; x_wconf 89' lang='lat' dir='ltr'><strong>poen.</strong></span> <span class='ocrx_word' id='word_1_147' title='bbox 283 1572 417 1610; x_wconf 81' lang='lat' dir='ltr'><strong>NAb.</strong></span> <span class='ocrx_word' id='word_1_148' title='bbox 463 1573 604 1622; x_wconf 87' lang='lat' dir='ltr'><strong>poenit.</strong></span> <span class='ocrx_word' id='word_1_149' title='bbox 631 1572 718 1608; x_wconf 89' lang='lat' dir='ltr'><strong>mihi</strong></span> <span class='ocrx_word' id='word_1_150' title='bbox 744 1583 812 1608; x_wconf 89' lang='lat' dir='ltr'><strong>nec</strong></span> <span class='ocrx_word' id='word_1_151' title='bbox 837 1583 925 1620; x_wconf 88' lang='lat' dir='ltr'><strong>gens</strong></span> <span class='ocrx_word' id='word_1_152' title='bbox 951 1584 1026 1609; x_wconf 82' lang='lat' dir='ltr'><strong>car.</strong></span> <span class='ocrx_word' id='word_1_153' title='bbox 1060 1569 1110 1608; x_wconf 69' lang='grc' dir='ltr'><strong>Ψ.</strong></span> <span class='ocrx_word' id='word_1_154' title='bbox 1155 1583 1263 1621; x_wconf 91' lang='lat' dir='ltr'><strong>poen.</strong></span> <span class='ocrx_word' id='word_1_155' title='bbox 1292 1583 1410 1620; x_wconf 84' lang='lat' dir='ltr'><strong>neque</strong></span> <span class='ocrx_word' id='word_1_156' title='bbox 1436 1584 1524 1620; x_wconf 85' lang='lat' dir='ltr'><strong>gens</strong></span> <span class='ocrx_word' id='word_1_157' title='bbox 1549 1575 1600 1608; x_wconf 87' lang='grc'><strong>20</strong></span> <span class='ocrx_word' id='word_1_158' title='bbox 1671 1572 1674 1587; x_wconf 69' lang='lat'><strong>⁸</strong></span> 
     </span>
    </p>
   </div>
   <div class='ocr_carea' id='block_1_7' title="bbox 146 1620 1672 1773">
    <p class='ocr_par' dir='ltr' id='par_1_14' title="bbox 146 1620 1672 1773">
     <span class='ocr_line' id='line_1_23' title="bbox 146 1620 1672 1672; baseline -0.002 -12"><span class='ocrx_word' id='word_1_159' title='bbox 146 1625 230 1662; x_wconf 77' lang='lat' dir='ltr'><strong>«luo.</strong></span> <span class='ocrx_word' id='word_1_160' title='bbox 284 1636 372 1672; x_wconf 83' lang='lat' dir='ltr'><strong>gens</strong></span> <span class='ocrx_word' id='word_1_161' title='bbox 407 1630 463 1660; x_wconf 88' lang='lat' dir='ltr'><strong>est</strong></span> <span class='ocrx_word' id='word_1_162' title='bbox 496 1623 615 1664; x_wconf 76' lang='lat' dir='ltr'><strong>carior</strong></span> <span class='ocrx_word' id='word_1_163' title='bbox 650 1623 723 1659; x_wconf 85' lang='lat' dir='ltr'><strong>ulla</strong></span> <span class='ocrx_word' id='word_1_164' title='bbox 757 1621 788 1668; x_wconf 76' lang='lat' dir='ltr'><strong>f.</strong></span> <span class='ocrx_word' id='word_1_165' title='bbox 839 1633 915 1658; x_wconf 89' lang='lat' dir='ltr'><strong>car.</strong></span> <span class='ocrx_word' id='word_1_166' title='bbox 940 1622 1002 1657; x_wconf 82' lang='lat' dir='ltr'><strong>illa</strong></span> <span class='ocrx_word' id='word_1_167' title='bbox 1036 1628 1091 1658; x_wconf 91' lang='lat' dir='ltr'><strong>est</strong></span> <span class='ocrx_word' id='word_1_168' title='bbox 1123 1633 1231 1658; x_wconf 75' lang='lat' dir='ltr'><strong>unus.</strong></span> <span class='ocrx_word' id='word_1_169' title='bbox 1279 1628 1334 1658; x_wconf 90' lang='lat' dir='ltr'><strong>est</strong></span> <span class='ocrx_word' id='word_1_170' title='bbox 1366 1620 1437 1658; x_wconf 67' lang='lat' dir='ltr'><strong>abi.</strong></span> <span class='ocrx_word' id='word_1_171' title='bbox 1463 1634 1499 1670; x_wconf 85' lang='lat'><strong>9.</strong></span> <span class='ocrx_word' id='word_1_172' title='bbox 1670 1633 1672 1657; x_wconf 81' lang='lat'><em>3</em></span> 
     </span>
     <span class='ocr_line' id='line_1_24' title="bbox 197 1672 1659 1721; baseline -0.001 -11"><span class='ocrx_word' id='word_1_173' title='bbox 197 1676 260 1710; x_wconf 87' lang='lat'><strong>52.</strong></span> <span class='ocrx_word' id='word_1_174' title='bbox 288 1677 362 1718; x_wconf 77' lang='lat' dir='ltr'><strong>Ita,</strong></span> <span class='ocrx_word' id='word_1_175' title='bbox 383 1674 494 1721; x_wconf 81' lang='lat' dir='ltr'><strong>colar,</strong></span> <span class='ocrx_word' id='word_1_176' title='bbox 522 1676 555 1710; x_wconf 81' lang='lat' dir='ltr'><em>B</em></span> <span class='ocrx_word' id='word_1_177' title='bbox 564 1676 599 1710; x_wconf 92' lang='lat' dir='ltr'><strong><em>D</em></strong></span> <span class='ocrx_word' id='word_1_178' title='bbox 611 1674 875 1710; x_wconf 80' lang='lat' dir='ltr'><strong>Gs4202233</strong></span> <span class='ocrx_word' id='word_1_179' title='bbox 897 1676 1066 1720; x_wconf 75' lang='grc' dir='ltr'><strong>(μιαιιιον.</strong></span> <span class='ocrx_word' id='word_1_180' title='bbox 1107 1672 1174 1707; x_wconf 91' lang='lat' dir='ltr'><strong>Hic</strong></span> <span class='ocrx_word' id='word_1_181' title='bbox 1194 1672 1311 1708; x_wconf 85' lang='lat' dir='ltr'><strong>honor</strong></span> <span class='ocrx_word' id='word_1_182' title='bbox 1333 1675 1375 1709; x_wconf 83' lang='lat' dir='ltr'><strong>T.</strong></span> <span class='ocrx_word' id='word_1_183' title='bbox 1415 1673 1482 1708; x_wconf 86' lang='lat' dir='ltr'><strong>Hic</strong></span> <span class='ocrx_word' id='word_1_184' title='bbox 1501 1673 1601 1709; x_wconf 85' lang='lat' dir='ltr'><strong>color</strong></span> <span class='ocrx_word' id='word_1_185' title='bbox 1650 1705 1659 1721; x_wconf 21' lang='grc' dir='ltr'><strong>Ι.</strong></span> 
     </span>
     <span class='ocr_line' id='line_1_25' title="bbox 147 1721 1598 1773; baseline -0.001 -12"><span class='ocrx_word' id='word_1_186' title='bbox 147 1724 288 1773; x_wconf 75' lang='lat' dir='ltr'><strong>reliqui.</strong></span> <span class='ocrx_word' id='word_1_187' title='bbox 321 1728 397 1768; x_wconf 83' lang='lat' dir='ltr'><strong>Ita,</strong></span> <span class='ocrx_word' id='word_1_188' title='bbox 425 1730 582 1771; x_wconf 84' lang='lat' dir='ltr'><strong>teneam,</strong></span> <span class='ocrx_word' id='word_1_189' title='bbox 605 1725 681 1759; x_wconf 88' lang='lat' dir='ltr'><strong>BD</strong></span> <span class='ocrx_word' id='word_1_190' title='bbox 695 1725 729 1759; x_wconf 83' lang='lat' dir='ltr'><strong><em>G</em></strong></span> <span class='ocrx_word' id='word_1_191' title='bbox 743 1721 1184 1770; x_wconf 70' lang='lat' dir='ltr'><strong>²Pmma.pr.s462022</strong></span> <span class='ocrx_word' id='word_1_192' title='bbox 1195 1726 1241 1759; x_wconf 88' lang='grc'><strong>33</strong></span> <span class='ocrx_word' id='word_1_193' title='bbox 1259 1728 1425 1771; x_wconf 74' lang='lat' dir='ltr'><strong>quatuor.</strong></span> <span class='ocrx_word' id='word_1_194' title='bbox 1464 1723 1524 1759; x_wconf 90' lang='lat' dir='ltr'><strong>hic</strong></span> <span class='ocrx_word' id='word_1_195' title='bbox 1544 1730 1598 1760; x_wconf 85' lang='lat' dir='ltr'><strong>te-</strong></span> 
     </span>
    </p>
   </div>
   <div class='ocr_carea' id='block_1_8' title="bbox 149 1772 1670 1874">
    <p class='ocr_par' dir='ltr' id='par_1_15' title="bbox 149 1772 1670 1874">
     <span class='ocr_line' id='line_1_26' title="bbox 149 1772 1669 1823; baseline -0.001 -11"><span class='ocrx_word' id='word_1_196' title='bbox 149 1788 219 1812; x_wconf 89' lang='lat' dir='ltr'><strong>neo</strong></span> <span class='ocrx_word' id='word_1_197' title='bbox 245 1775 385 1823; x_wconf 75' lang='lat' dir='ltr'><strong>reliqui.</strong></span> <span class='ocrx_word' id='word_1_198' title='bbox 426 1774 511 1810; x_wconf 89' lang='lat' dir='ltr'><strong>ioue</strong></span> <span class='ocrx_word' id='word_1_199' title='bbox 535 1785 663 1821; x_wconf 85' lang='lat' dir='ltr'><strong>regna,</strong></span> <span class='ocrx_word' id='word_1_200' title='bbox 690 1774 800 1822; x_wconf 85' lang='lat' dir='ltr'><strong>plena</strong></span> <span class='ocrx_word' id='word_1_201' title='bbox 819 1772 965 1820; x_wconf 65' lang='lat' dir='ltr'><strong>singuli.</strong></span> <span class='ocrx_word' id='word_1_202' title='bbox 1008 1774 1144 1822; x_wconf 79' lang='lat' dir='ltr'><strong>templa</strong></span> <span class='ocrx_word' id='word_1_203' title='bbox 1172 1774 1249 1808; x_wconf 90' lang='lat' dir='ltr'><strong>uiro</strong></span> <span class='ocrx_word' id='word_1_204' title='bbox 1272 1775 1317 1809; x_wconf 88' lang='lat' dir='ltr'><strong>E.</strong></span> <span class='ocrx_word' id='word_1_205' title='bbox 1420 1775 1483 1810; x_wconf 90' lang='grc'><strong>53.</strong></span> <span class='ocrx_word' id='word_1_206' title='bbox 1510 1773 1596 1810; x_wconf 84' lang='lat' dir='ltr'><strong>mihi</strong></span> <span class='ocrx_word' id='word_1_207' title='bbox 1668 1818 1669 1821; x_wconf 11' lang='grc' dir='ltr'><strong>Ἰ</strong></span> 
     </span>
     <span class='ocr_line' id='line_1_27' title="bbox 149 1823 1670 1874; baseline -0.001 -12"><span class='ocrx_word' id='word_1_208' title='bbox 149 1838 237 1862; x_wconf 88' lang='lat' dir='ltr'><strong>uero</strong></span> <span class='ocrx_word' id='word_1_209' title='bbox 264 1824 499 1862; x_wconf 82' lang='lat' dir='ltr'><strong>commender</strong></span> <span class='ocrx_word' id='word_1_210' title='bbox 523 1837 573 1861; x_wconf 92' lang='lat' dir='ltr'><strong>m.</strong></span> <span class='ocrx_word' id='word_1_211' title='bbox 599 1835 791 1873; x_wconf 63' lang='lat' dir='ltr'><strong>mmmpr.</strong></span> <span class='ocrx_word' id='word_1_212' title='bbox 895 1823 957 1859; x_wconf 90' lang='grc'><strong>55.</strong></span> <span class='ocrx_word' id='word_1_213' title='bbox 990 1834 1069 1873; x_wconf 88' lang='lat' dir='ltr'><strong>seq.</strong></span> <span class='ocrx_word' id='word_1_214' title='bbox 1097 1824 1266 1859; x_wconf 88' lang='lat' dir='ltr'><strong>comitum</strong></span> <span class='ocrx_word' id='word_1_215' title='bbox 1293 1823 1408 1861; x_wconf 88' lang='lat' dir='ltr'><strong>celeb.</strong></span> <span class='ocrx_word' id='word_1_216' title='bbox 1436 1826 1479 1861; x_wconf 87' lang='lat' dir='ltr'><strong>F.</strong></span> <span class='ocrx_word' id='word_1_217' title='bbox 1517 1836 1594 1874; x_wconf 87' lang='lat' dir='ltr'><strong>seq.</strong></span> <span class='ocrx_word' id='word_1_218' title='bbox 1665 1832 1670 1845; x_wconf 81' lang='lat'><strong><em>¹</em></strong></span> 
     </span>
    </p>
   </div>
   <div class='ocr_carea' id='block_1_9' title="bbox 148 1872 1610 2730">
    <p class='ocr_par' dir='ltr' id='par_1_16' title="bbox 148 1872 1595 1963">
     <span class='ocr_line' id='line_1_28' title="bbox 148 1872 1595 1924; baseline 0 -12"><span class='ocrx_word' id='word_1_219' title='bbox 148 1876 250 1912; x_wconf 84' lang='lat' dir='ltr'><strong>festis</strong></span> <span class='ocrx_word' id='word_1_220' title='bbox 281 1877 350 1913; x_wconf 88' lang='lat' dir='ltr'><strong>cel.</strong></span> <span class='ocrx_word' id='word_1_221' title='bbox 384 1887 422 1923; x_wconf 79' lang='lat'><strong>9.</strong></span> <span class='ocrx_word' id='word_1_222' title='bbox 471 1881 566 1911; x_wconf 89' lang='lat' dir='ltr'><strong>cent.</strong></span> <span class='ocrx_word' id='word_1_223' title='bbox 602 1874 862 1911; x_wconf 83' lang='lat' dir='ltr'><strong>celebrabimur</strong></span> <span class='ocrx_word' id='word_1_224' title='bbox 896 1872 1006 1910; x_wconf 84' lang='lat' dir='ltr'><strong>bma.</strong></span> <span class='ocrx_word' id='word_1_225' title='bbox 1025 1886 1082 1924; x_wconf 83' lang='lat' dir='ltr'><strong>pr.</strong></span> <span class='ocrx_word' id='word_1_226' title='bbox 1130 1879 1224 1911; x_wconf 91' lang='lat' dir='ltr'><strong>cent.</strong></span> <span class='ocrx_word' id='word_1_227' title='bbox 1262 1886 1479 1911; x_wconf 85' lang='lat' dir='ltr'><strong>ueneramur</strong></span> <span class='ocrx_word' id='word_1_228' title='bbox 1513 1874 1595 1912; x_wconf 79' lang='lat' dir='ltr'><strong>duo.</strong></span> 
     </span>
     <span class='ocr_line' id='line_1_29' title="bbox 150 1920 1498 1963; baseline 0 -1"><span class='ocrx_word' id='word_1_229' title='bbox 150 1933 246 1962; x_wconf 86' lang='lat' dir='ltr'><strong>cent.</strong></span> <span class='ocrx_word' id='word_1_230' title='bbox 275 1937 508 1963; x_wconf 84' lang='lat' dir='ltr'><strong>numeramur</strong></span> <span class='ocrx_word' id='word_1_231' title='bbox 538 1936 644 1961; x_wconf 67' lang='lat' dir='ltr'><strong>teitus.</strong></span> <span class='ocrx_word' id='word_1_232' title='bbox 695 1925 730 1961; x_wconf 89' lang='lat' dir='ltr'><strong>in</strong></span> <span class='ocrx_word' id='word_1_233' title='bbox 757 1936 838 1961; x_wconf 78' lang='lat' dir='ltr'><strong>aras</strong></span> <span class='ocrx_word' id='word_1_234' title='bbox 864 1920 922 1959; x_wconf 84' lang='lat' dir='ltr'><strong>H.</strong></span> <span class='ocrx_word' id='word_1_235' title='bbox 1024 1927 1086 1963; x_wconf 92' lang='grc'><strong>56.</strong></span> <span class='ocrx_word' id='word_1_236' title='bbox 1119 1925 1249 1961; x_wconf 87' lang='lat' dir='ltr'><strong>mensis</strong></span> <span class='ocrx_word' id='word_1_237' title='bbox 1284 1926 1321 1961; x_wconf 80' lang='grc' dir='ltr'><strong>ῐη</strong></span> <span class='ocrx_word' id='word_1_238' title='bbox 1347 1937 1423 1962; x_wconf 84' lang='lat' dir='ltr'><strong>ras.</strong></span> <span class='ocrx_word' id='word_1_239' title='bbox 1450 1937 1498 1962; x_wconf 85' lang='lat' dir='ltr'><strong>m.</strong></span> 
     </span>
    </p>

    <p class='ocr_par' dir='ltr' id='par_1_17' title="bbox 151 1974 1599 2428">
     <span class='ocr_line' id='line_1_30' title="bbox 200 1974 1596 2025; baseline -0.001 -12"><span class='ocrx_word' id='word_1_240' title='bbox 200 1977 262 2013; x_wconf 86' lang='grc'><strong>57.</strong></span> <span class='ocrx_word' id='word_1_241' title='bbox 293 1977 395 2012; x_wconf 92' lang='lat' dir='ltr'><strong>nobis</strong></span> <span class='ocrx_word' id='word_1_242' title='bbox 421 1982 541 2012; x_wconf 82' lang='lat' dir='ltr'><strong>tamen</strong></span> <span class='ocrx_word' id='word_1_243' title='bbox 568 1988 615 2012; x_wconf 90' lang='lat' dir='ltr'><strong>m.</strong></span> <span class='ocrx_word' id='word_1_244' title='bbox 641 1987 751 2012; x_wconf 70' lang='lat' dir='ltr'><strong>rma.</strong></span> <span class='ocrx_word' id='word_1_245' title='bbox 767 1986 825 2024; x_wconf 79' lang='lat' dir='ltr'><strong>pr.</strong></span> <span class='ocrx_word' id='word_1_246' title='bbox 872 1974 980 2011; x_wconf 85' lang='lat' dir='ltr'><strong>modo</strong></span> <span class='ocrx_word' id='word_1_247' title='bbox 1009 1981 1170 2024; x_wconf 79' lang='lat' dir='ltr'><strong>praestet</strong></span> <span class='ocrx_word' id='word_1_248' title='bbox 1197 1977 1306 2011; x_wconf 73' lang='lat'><strong>229.</strong></span> <span class='ocrx_word' id='word_1_249' title='bbox 1351 1976 1465 2012; x_wconf 83' lang='lat' dir='ltr'><strong>modo</strong></span> <span class='ocrx_word' id='word_1_250' title='bbox 1492 1987 1596 2025; x_wconf 83' lang='lat' dir='ltr'><strong>prae·</strong></span> 
     </span>
     <span class='ocr_line' id='line_1_31' title="bbox 151 2025 1595 2075; baseline 0.001 -13"><span class='ocrx_word' id='word_1_251' title='bbox 151 2027 212 2062; x_wconf 86' lang='lat' dir='ltr'><strong>bet</strong></span> <span class='ocrx_word' id='word_1_252' title='bbox 240 2031 265 2066; x_wconf 81' lang='lat' dir='ltr'><strong>t.</strong></span> <span class='ocrx_word' id='word_1_253' title='bbox 369 2028 431 2063; x_wconf 88' lang='grc'><strong>58.</strong></span> <span class='ocrx_word' id='word_1_254' title='bbox 461 2026 545 2061; x_wconf 84' lang='lat' dir='ltr'><strong>mihi</strong></span> <span class='ocrx_word' id='word_1_255' title='bbox 573 2038 704 2062; x_wconf 86' lang='lat' dir='ltr'><strong>nomen</strong></span> <span class='ocrx_word' id='word_1_256' title='bbox 730 2025 814 2066; x_wconf 74' lang='lat' dir='ltr'><strong>dno.</strong></span> <span class='ocrx_word' id='word_1_257' title='bbox 916 2027 979 2061; x_wconf 76' lang='lat'><strong>59.</strong></span> <span class='ocrx_word' id='word_1_258' title='bbox 1008 2027 1161 2075; x_wconf 85' lang='lat' dir='ltr'><strong>Suspice</strong></span> <span class='ocrx_word' id='word_1_259' title='bbox 1187 2039 1276 2075; x_wconf 93' lang='lat' dir='ltr'><strong>quos</strong></span> <span class='ocrx_word' id='word_1_260' title='bbox 1296 2025 1356 2063; x_wconf 85' lang='lat' dir='ltr'><strong>A.</strong></span> <span class='ocrx_word' id='word_1_261' title='bbox 1396 2026 1595 2063; x_wconf 76' lang='lat' dir='ltr'><strong>memoralis</strong></span> 
     </span>
     <span class='ocr_line' id='line_1_32' title="bbox 151 2074 1597 2126; baseline -0.001 -13"><span class='ocrx_word' id='word_1_262' title='bbox 151 2074 242 2113; x_wconf 82' lang='lat' dir='ltr'><strong>EA</strong></span> <span class='ocrx_word' id='word_1_263' title='bbox 252 2074 334 2113; x_wconf 85' lang='lat' dir='ltr'><strong>PH</strong></span> <span class='ocrx_word' id='word_1_264' title='bbox 343 2089 372 2113; x_wconf 83' lang='lat' dir='ltr'><strong>e.</strong></span> <span class='ocrx_word' id='word_1_265' title='bbox 413 2077 523 2125; x_wconf 82' lang='lat' dir='ltr'><strong>apitia</strong></span> <span class='ocrx_word' id='word_1_266' title='bbox 547 2088 570 2125; x_wconf 79' lang='lat' dir='ltr'><strong>p</strong></span> <span class='ocrx_word' id='word_1_267' title='bbox 592 2080 671 2112; x_wconf 79' lang='lat' dir='ltr'><strong>test.</strong></span> <span class='ocrx_word' id='word_1_268' title='bbox 695 2078 806 2113; x_wconf 83' lang='lat' dir='ltr'><strong>Gron.</strong></span> <span class='ocrx_word' id='word_1_269' title='bbox 852 2075 983 2112; x_wconf 66' lang='lat' dir='ltr'><strong>orithia</strong></span> <span class='ocrx_word' id='word_1_270' title='bbox 1008 2088 1043 2113; x_wconf 82' lang='lat' dir='ltr'><strong>r.</strong></span> <span class='ocrx_word' id='word_1_271' title='bbox 1082 2088 1134 2112; x_wconf 84' lang='lat' dir='ltr'><strong>ar.</strong></span> <span class='ocrx_word' id='word_1_272' title='bbox 1163 2076 1278 2112; x_wconf 80' lang='lat' dir='ltr'><strong>factos</strong></span> <span class='ocrx_word' id='word_1_273' title='bbox 1304 2089 1339 2113; x_wconf 82' lang='lat' dir='ltr'><strong>m</strong></span> <span class='ocrx_word' id='word_1_274' title='bbox 1352 2089 1425 2114; x_wconf 82' lang='lat' dir='ltr'><strong>ma.</strong></span> <span class='ocrx_word' id='word_1_275' title='bbox 1442 2089 1498 2126; x_wconf 85' lang='lat' dir='ltr'><strong>pr.</strong></span> <span class='ocrx_word' id='word_1_276' title='bbox 1541 2087 1597 2112; x_wconf 81' lang='lat' dir='ltr'><strong>ar.</strong></span> 
     </span>
     <span class='ocr_line' id='line_1_33' title="bbox 151 2126 1594 2177; baseline 0.001 -15"><span class='ocrx_word' id='word_1_277' title='bbox 151 2127 267 2163; x_wconf 79' lang='lat' dir='ltr'><strong>fastus</strong></span> <span class='ocrx_word' id='word_1_278' title='bbox 295 2131 356 2165; x_wconf 84' lang='lat'><strong>10.</strong></span> <span class='ocrx_word' id='word_1_279' title='bbox 403 2139 455 2162; x_wconf 80' lang='lat' dir='ltr'><strong>ar.</strong></span> <span class='ocrx_word' id='word_1_280' title='bbox 482 2126 598 2163; x_wconf 79' lang='lat' dir='ltr'><strong>fasces</strong></span> <span class='ocrx_word' id='word_1_281' title='bbox 623 2138 731 2162; x_wconf 69' lang='lat' dir='ltr'><strong>tentis.</strong></span> <span class='ocrx_word' id='word_1_282' title='bbox 833 2129 894 2163; x_wconf 87' lang='lat'><strong>60.</strong></span> <span class='ocrx_word' id='word_1_283' title='bbox 931 2129 1008 2173; x_wconf 72' lang='lat' dir='ltr'><strong>Ita,</strong></span> <span class='ocrx_word' id='word_1_284' title='bbox 1035 2127 1305 2177; x_wconf 83' lang='lat' dir='ltr'><strong>lanuuiumque,</strong></span> <span class='ocrx_word' id='word_1_285' title='bbox 1334 2127 1594 2164; x_wconf 81' lang='lat' dir='ltr'>F10121315</span> 
     </span>
     <span class='ocr_line' id='line_1_34' title="bbox 154 2176 1599 2227; baseline -0.002 -13"><span class='ocrx_word' id='word_1_286' title='bbox 154 2183 226 2214; x_wconf 79' lang='lat' dir='ltr'><strong>tres</strong></span> <span class='ocrx_word' id='word_1_287' title='bbox 251 2182 284 2214; x_wconf 78' lang='lat' dir='ltr'><strong>et</strong></span> <span class='ocrx_word' id='word_1_288' title='bbox 309 2177 363 2214; x_wconf 78' lang='lat' dir='ltr'><strong>ed.</strong></span> <span class='ocrx_word' id='word_1_289' title='bbox 384 2176 535 2214; x_wconf 68' lang='grc' dir='ltr'><strong>Μοάἰοῑ.</strong></span> <span class='ocrx_word' id='word_1_290' title='bbox 581 2177 825 2227; x_wconf 82' lang='lat' dir='ltr'><strong>laniuiumque</strong></span> <span class='ocrx_word' id='word_1_291' title='bbox 849 2189 960 2225; x_wconf 77' lang='lat' dir='ltr'><strong>yma.</strong></span> <span class='ocrx_word' id='word_1_292' title='bbox 975 2189 1043 2214; x_wconf 76' lang='lat' dir='ltr'><strong>sec.</strong></span> <span class='ocrx_word' id='word_1_293' title='bbox 1089 2178 1333 2227; x_wconf 82' lang='lat' dir='ltr'><strong>lauiniumque</strong></span> <span class='ocrx_word' id='word_1_294' title='bbox 1357 2178 1484 2227; x_wconf 74' lang='lat' dir='ltr'><strong>reliqui.</strong></span> <span class='ocrx_word' id='word_1_295' title='bbox 1506 2180 1540 2212; x_wconf 73' lang='lat' dir='ltr'><strong>et</strong></span> <span class='ocrx_word' id='word_1_296' title='bbox 1565 2177 1599 2212; x_wconf 88' lang='lat' dir='ltr'>F</span> 
     </span>
     <span class='ocr_line' id='line_1_35' title="bbox 152 2227 1594 2276; baseline -0.001 -13"><span class='ocrx_word' id='word_1_297' title='bbox 152 2240 236 2265; x_wconf 71' lang='lat' dir='ltr'><strong>nar.</strong></span> <span class='ocrx_word' id='word_1_298' title='bbox 255 2239 323 2264; x_wconf 81' lang='lat' dir='ltr'><strong>scr.</strong></span> <span class='ocrx_word' id='word_1_299' title='bbox 374 2228 619 2276; x_wconf 82' lang='lat' dir='ltr'><strong>lauiniumque</strong></span> <span class='ocrx_word' id='word_1_300' title='bbox 647 2240 772 2264; x_wconf 84' lang='lat' dir='ltr'><strong>nemus</strong></span> <span class='ocrx_word' id='word_1_301' title='bbox 799 2231 859 2265; x_wconf 87' lang='grc'><strong>33.</strong></span> <span class='ocrx_word' id='word_1_302' title='bbox 962 2230 1025 2264; x_wconf 86' lang='grc'><strong>61.</strong></span> <span class='ocrx_word' id='word_1_303' title='bbox 1055 2240 1166 2265; x_wconf 85' lang='lat' dir='ltr'><strong>mens.</strong></span> <span class='ocrx_word' id='word_1_304' title='bbox 1195 2229 1334 2264; x_wconf 90' lang='lat' dir='ltr'><strong>iunonis</strong></span> <span class='ocrx_word' id='word_1_305' title='bbox 1363 2236 1400 2265; x_wconf 89' lang='lat' dir='ltr'><strong>et</strong></span> <span class='ocrx_word' id='word_1_306' title='bbox 1424 2229 1513 2276; x_wconf 76' lang='lat' dir='ltr'><strong>insp.</strong></span> <span class='ocrx_word' id='word_1_307' title='bbox 1545 2227 1594 2262; x_wconf 82' lang='lat' dir='ltr'><strong>G.</strong></span> 
     </span>
     <span class='ocr_line' id='line_1_36' title="bbox 151 2275 1592 2328; baseline -0.001 -15"><span class='ocrx_word' id='word_1_308' title='bbox 151 2279 320 2315; x_wconf 89' lang='lat' dir='ltr'><strong>iunonius</strong></span> <span class='ocrx_word' id='word_1_309' title='bbox 357 2285 392 2315; x_wconf 88' lang='lat' dir='ltr'><strong>et</strong></span> <span class='ocrx_word' id='word_1_310' title='bbox 428 2278 547 2326; x_wconf 78' lang='lat' dir='ltr'><strong>aspice</strong></span> <span class='ocrx_word' id='word_1_311' title='bbox 576 2275 622 2314; x_wconf 79' lang='grc' dir='ltr'><strong>Σ.</strong></span> <span class='ocrx_word' id='word_1_312' title='bbox 673 2281 757 2326; x_wconf 81' lang='lat' dir='ltr'><strong>Ita,</strong></span> <span class='ocrx_word' id='word_1_313' title='bbox 785 2279 940 2328; x_wconf 82' lang='lat' dir='ltr'><strong>inspice,</strong></span> <span class='ocrx_word' id='word_1_314' title='bbox 972 2276 1592 2326; x_wconf 57' lang='lat' dir='ltr'><strong>GDGAMOPW922232033.</strong></span> 
     </span>
     <span class='ocr_line' id='line_1_37' title="bbox 154 2324 1595 2377; baseline -0.001 -14"><span class='ocrx_word' id='word_1_315' title='bbox 154 2329 274 2377; x_wconf 83' lang='lat' dir='ltr'><strong>aspice</strong></span> <span class='ocrx_word' id='word_1_316' title='bbox 299 2329 438 2377; x_wconf 75' lang='lat' dir='ltr'><strong>reliqui.</strong></span> <span class='ocrx_word' id='word_1_317' title='bbox 485 2329 592 2376; x_wconf 76' lang='lat' dir='ltr'><strong>tybur</strong></span> <span class='ocrx_word' id='word_1_318' title='bbox 618 2331 728 2365; x_wconf 74' lang='lat' dir='ltr'><strong>DGe</strong></span> <span class='ocrx_word' id='word_1_319' title='bbox 754 2329 831 2365; x_wconf 74' lang='lat' dir='ltr'><strong>edd.</strong></span> <span class='ocrx_word' id='word_1_320' title='bbox 853 2329 948 2366; x_wconf 80' lang='lat' dir='ltr'><strong>Rnb.</strong></span> <span class='ocrx_word' id='word_1_321' title='bbox 968 2328 1057 2366; x_wconf 72' lang='lat' dir='ltr'><strong>Am.</strong></span> <span class='ocrx_word' id='word_1_322' title='bbox 1157 2332 1219 2366; x_wconf 85' lang='lat'><strong>62.</strong></span> <span class='ocrx_word' id='word_1_323' title='bbox 1253 2341 1354 2365; x_wconf 85' lang='lat' dir='ltr'><strong>sacra</strong></span> <span class='ocrx_word' id='word_1_324' title='bbox 1380 2339 1481 2364; x_wconf 85' lang='lat' dir='ltr'><strong>meae</strong></span> <span class='ocrx_word' id='word_1_325' title='bbox 1507 2324 1595 2363; x_wconf 81' lang='grc' dir='ltr'><strong>ΕΦ</strong></span> 
     </span>
     <span class='ocr_line' id='line_1_38' title="bbox 152 2376 1542 2428; baseline -0.001 -14"><span class='ocrx_word' id='word_1_326' title='bbox 152 2378 200 2415; x_wconf 88' lang='grc' dir='ltr'><em>Λ</em></span> <span class='ocrx_word' id='word_1_327' title='bbox 208 2377 263 2414; x_wconf 88' lang='grc' dir='ltr'><em>Μ</em></span> <span class='ocrx_word' id='word_1_328' title='bbox 270 2376 357 2415; x_wconf 77' lang='grc' dir='ltr'><strong>ΡΨ</strong></span> <span class='ocrx_word' id='word_1_329' title='bbox 367 2379 390 2425; x_wconf 75' lang='lat' dir='ltr'>f</span> <span class='ocrx_word' id='word_1_330' title='bbox 396 2392 416 2420; x_wconf 67' lang='lat' dir='ltr'><strong>r</strong></span> <span class='ocrx_word' id='word_1_331' title='bbox 433 2382 483 2414; x_wconf 88' lang='grc'><strong>20</strong></span> <span class='ocrx_word' id='word_1_332' title='bbox 504 2379 784 2427; x_wconf 52' lang='lat' dir='ltr'><strong>‹locatum-decenn</strong></span> <span class='ocrx_word' id='word_1_333' title='bbox 812 2382 853 2415; x_wconf 94' lang='lat' dir='ltr'><strong><em>N</em></strong></span> <span class='ocrx_word' id='word_1_334' title='bbox 861 2393 926 2428; x_wconf 63' lang='grc' dir='ltr'><strong>τηρ</strong></span> <span class='ocrx_word' id='word_1_335' title='bbox 943 2392 1024 2416; x_wconf 71' lang='lat' dir='ltr'><strong>mir.</strong></span> <span class='ocrx_word' id='word_1_336' title='bbox 1039 2392 1109 2417; x_wconf 86' lang='lat' dir='ltr'><strong>scr.</strong></span> <span class='ocrx_word' id='word_1_337' title='bbox 1147 2391 1248 2417; x_wconf 81' lang='lat' dir='ltr'><strong>sacra</strong></span> <span class='ocrx_word' id='word_1_338' title='bbox 1274 2380 1332 2415; x_wconf 86' lang='lat' dir='ltr'><strong>die</strong></span> <span class='ocrx_word' id='word_1_339' title='bbox 1358 2377 1377 2414; x_wconf 88' lang='lat' dir='ltr'><strong>b</strong></span> <span class='ocrx_word' id='word_1_340' title='bbox 1393 2390 1466 2413; x_wconf 81' lang='lat' dir='ltr'><strong>ma.</strong></span> <span class='ocrx_word' id='word_1_341' title='bbox 1484 2389 1542 2426; x_wconf 77' lang='lat' dir='ltr'><strong>pr.</strong></span> 
     </span>
    </p>

    <p class='ocr_par' dir='ltr' id='par_1_18' title="bbox 150 2427 1610 2730">
     <span class='ocr_line' id='line_1_39' title="bbox 204 2427 1593 2480; baseline 0.001 -16"><span class='ocrx_word' id='word_1_342' title='bbox 204 2431 264 2464; x_wconf 87' lang='grc'><strong>63.</strong></span> <span class='ocrx_word' id='word_1_343' title='bbox 301 2431 517 2478; x_wconf 82' lang='lat' dir='ltr'><strong>lunonisque</strong></span> <span class='ocrx_word' id='word_1_344' title='bbox 544 2430 614 2478; x_wconf 85' lang='lat' dir='ltr'><strong>leg.</strong></span> <span class='ocrx_word' id='word_1_345' title='bbox 642 2442 672 2466; x_wconf 82' lang='lat' dir='ltr'><strong>e.</strong></span> <span class='ocrx_word' id='word_1_346' title='bbox 721 2431 850 2466; x_wconf 84' lang='lat' dir='ltr'><strong>romul.</strong></span> <span class='ocrx_word' id='word_1_347' title='bbox 877 2432 952 2466; x_wconf 78' lang='lat' dir='ltr'><strong>alas</strong></span> <span class='ocrx_word' id='word_1_348' title='bbox 980 2434 1097 2467; x_wconf 80' lang='lat' dir='ltr'><strong>Ema.</strong></span> <span class='ocrx_word' id='word_1_349' title='bbox 1114 2443 1170 2480; x_wconf 78' lang='lat' dir='ltr'><strong>pr.</strong></span> <span class='ocrx_word' id='word_1_350' title='bbox 1219 2442 1306 2466; x_wconf 91' lang='lat' dir='ltr'><strong>rom.</strong></span> <span class='ocrx_word' id='word_1_351' title='bbox 1332 2429 1410 2464; x_wconf 85' lang='lat' dir='ltr'><strong>illos</strong></span> <span class='ocrx_word' id='word_1_352' title='bbox 1437 2431 1485 2464; x_wconf 91' lang='lat' dir='ltr'><strong><em>M</em></strong></span> <span class='ocrx_word' id='word_1_353' title='bbox 1509 2427 1593 2466; x_wconf 77' lang='lat' dir='ltr'><strong>duo.</strong></span> 
     </span>
     <span class='ocr_line' id='line_1_40' title="bbox 154 2479 1593 2529; baseline 0.002 -16"><span class='ocrx_word' id='word_1_354' title='bbox 154 2491 243 2514; x_wconf 88' lang='lat' dir='ltr'><strong>rom.</strong></span> <span class='ocrx_word' id='word_1_355' title='bbox 264 2481 352 2516; x_wconf 75' lang='lat' dir='ltr'><strong>ullas</strong></span> <span class='ocrx_word' id='word_1_356' title='bbox 378 2491 498 2516; x_wconf 82' lang='lat' dir='ltr'><strong>mma.</strong></span> <span class='ocrx_word' id='word_1_357' title='bbox 514 2492 571 2529; x_wconf 82' lang='lat' dir='ltr'><strong>pr.</strong></span> <span class='ocrx_word' id='word_1_358' title='bbox 590 2482 650 2517; x_wconf 80' lang='lat'><strong>34.</strong></span> <span class='ocrx_word' id='word_1_359' title='bbox 690 2493 781 2516; x_wconf 88' lang='lat' dir='ltr'><strong>rom.</strong></span> <span class='ocrx_word' id='word_1_360' title='bbox 802 2481 898 2517; x_wconf 81' lang='lat' dir='ltr'><strong>illam</strong></span> <span class='ocrx_word' id='word_1_361' title='bbox 917 2493 1022 2517; x_wconf 75' lang='lat' dir='ltr'><strong>imus.</strong></span> <span class='ocrx_word' id='word_1_362' title='bbox 1125 2483 1185 2517; x_wconf 83' lang='lat'><strong>64.</strong></span> <span class='ocrx_word' id='word_1_363' title='bbox 1213 2479 1332 2515; x_wconf 90' lang='lat' dir='ltr'><strong>Adidit</strong></span> <span class='ocrx_word' id='word_1_364' title='bbox 1356 2485 1393 2514; x_wconf 84' lang='lat' dir='ltr'><strong>at</strong></span> <span class='ocrx_word' id='word_1_365' title='bbox 1418 2490 1438 2515; x_wconf 85' lang='lat' dir='ltr'><strong>r</strong></span> <span class='ocrx_word' id='word_1_366' title='bbox 1448 2490 1522 2515; x_wconf 81' lang='lat' dir='ltr'><strong>ma.</strong></span> <span class='ocrx_word' id='word_1_367' title='bbox 1533 2489 1593 2529; x_wconf 82' lang='lat' dir='ltr'><strong>pr.</strong></span> 
     </span>
     <span class='ocr_line' id='line_1_41' title="bbox 154 2529 1610 2580; baseline 0 -15"><span class='ocrx_word' id='word_1_368' title='bbox 154 2529 377 2566; x_wconf 80' lang='lat' dir='ltr'><strong>Condiderat</strong></span> <span class='ocrx_word' id='word_1_369' title='bbox 402 2531 513 2566; x_wconf 84' lang='lat' dir='ltr'><strong>nostri</strong></span> <span class='ocrx_word' id='word_1_370' title='bbox 530 2530 591 2568; x_wconf 83' lang='lat' dir='ltr'><strong>A.</strong></span> <span class='ocrx_word' id='word_1_371' title='bbox 632 2531 749 2569; x_wconf 83' lang='lat' dir='ltr'><strong>Cond.</strong></span> <span class='ocrx_word' id='word_1_372' title='bbox 776 2538 813 2568; x_wconf 89' lang='lat' dir='ltr'><strong>et</strong></span> <span class='ocrx_word' id='word_1_373' title='bbox 838 2538 952 2568; x_wconf 86' lang='lat' dir='ltr'><strong>nostr.</strong></span> <span class='ocrx_word' id='word_1_374' title='bbox 974 2534 1049 2569; x_wconf 87' lang='lat' dir='ltr'><strong>Bs.</strong></span> <span class='ocrx_word' id='word_1_375' title='bbox 1085 2530 1202 2568; x_wconf 88' lang='lat' dir='ltr'><strong>Cond.</strong></span> <span class='ocrx_word' id='word_1_376' title='bbox 1228 2542 1249 2565; x_wconf 78' lang='lat' dir='ltr'><strong>a</strong></span> <span class='ocrx_word' id='word_1_377' title='bbox 1275 2530 1403 2565; x_wconf 82' lang='lat' dir='ltr'><strong>nostris</strong></span> <span class='ocrx_word' id='word_1_378' title='bbox 1431 2540 1531 2565; x_wconf 85' lang='lat' dir='ltr'><strong>roma</strong></span> <span class='ocrx_word' id='word_1_379' title='bbox 1555 2539 1610 2580; x_wconf 23' lang='lat' dir='ltr'><strong>m*</strong></span> 
     </span>
     <span class='ocr_line' id='line_1_42' title="bbox 151 2578 1592 2631; baseline 0 -16"><span class='ocrx_word' id='word_1_380' title='bbox 151 2591 299 2628; x_wconf 66' lang='lat' dir='ltr'><strong>mmpr.</strong></span> <span class='ocrx_word' id='word_1_381' title='bbox 338 2580 457 2617; x_wconf 88' lang='lat' dir='ltr'><strong>Cond.</strong></span> <span class='ocrx_word' id='word_1_382' title='bbox 487 2588 547 2617; x_wconf 78' lang='lat' dir='ltr'><strong>aut</strong></span> <span class='ocrx_word' id='word_1_383' title='bbox 574 2588 685 2617; x_wconf 84' lang='lat' dir='ltr'><strong>nostr.</strong></span> <span class='ocrx_word' id='word_1_384' title='bbox 715 2585 775 2618; x_wconf 88' lang='lat'><strong>12.</strong></span> <span class='ocrx_word' id='word_1_385' title='bbox 815 2594 900 2631; x_wconf 87' lang='lat' dir='ltr'><strong>nep.</strong></span> <span class='ocrx_word' id='word_1_386' title='bbox 928 2583 995 2618; x_wconf 87' lang='lat' dir='ltr'><strong>erit</strong></span> <span class='ocrx_word' id='word_1_387' title='bbox 1019 2593 1138 2618; x_wconf 81' lang='lat' dir='ltr'><strong>mma.</strong></span> <span class='ocrx_word' id='word_1_388' title='bbox 1155 2591 1211 2628; x_wconf 78' lang='lat' dir='ltr'><strong>pr.</strong></span> <span class='ocrx_word' id='word_1_389' title='bbox 1314 2580 1375 2615; x_wconf 84' lang='lat'><strong>65.</strong></span> <span class='ocrx_word' id='word_1_390' title='bbox 1405 2591 1502 2629; x_wconf 90' lang='lat' dir='ltr'><strong>resp.</strong></span> <span class='ocrx_word' id='word_1_391' title='bbox 1527 2578 1592 2615; x_wconf 84' lang='lat' dir='ltr'><strong>be-</strong></span> 
     </span>
     <span class='ocr_line' id='line_1_43' title="bbox 151 2627 1592 2681; baseline 0.001 -17"><span class='ocrx_word' id='word_1_392' title='bbox 151 2630 258 2665; x_wconf 82' lang='lat' dir='ltr'><strong>ctoris</strong></span> <span class='ocrx_word' id='word_1_393' title='bbox 282 2641 317 2664; x_wconf 81' lang='lat' dir='ltr'><strong>m</strong></span> <span class='ocrx_word' id='word_1_394' title='bbox 334 2642 478 2678; x_wconf 57' lang='lat' dir='ltr'><strong>moupr.</strong></span> <span class='ocrx_word' id='word_1_395' title='bbox 579 2633 640 2667; x_wconf 89' lang='grc'><strong>66.</strong></span> <span class='ocrx_word' id='word_1_396' title='bbox 666 2633 739 2676; x_wconf 68' lang='lat' dir='ltr'><strong>Ila,</strong></span> <span class='ocrx_word' id='word_1_397' title='bbox 768 2632 912 2681; x_wconf 83' lang='lat' dir='ltr'><strong>uigoris,</strong></span> <span class='ocrx_word' id='word_1_398' title='bbox 940 2627 1592 2679; x_wconf 66' lang='lat' dir='ltr'><strong>DGHEbinma.pr.1)s462040</strong></span> 
     </span>
     <span class='ocr_line' id='line_1_44' title="bbox 150 2676 1606 2730; baseline 0.001 -16"><span class='ocrx_word' id='word_1_399' title='bbox 150 2681 196 2714; x_wconf 88' lang='lat'><strong>41</strong></span> <span class='ocrx_word' id='word_1_400' title='bbox 224 2678 389 2724; x_wconf 72' lang='lat' dir='ltr'><strong>sedecirn5</strong></span> <span class='ocrx_word' id='word_1_401' title='bbox 418 2678 522 2716; x_wconf 71' lang='grc' dir='ltr'><strong>(ΙΨι</strong></span> <span class='ocrx_word' id='word_1_402' title='bbox 541 2693 620 2717; x_wconf 75' lang='lat' dir='ltr'><strong>nar.</strong></span> <span class='ocrx_word' id='word_1_403' title='bbox 640 2693 712 2718; x_wconf 83' lang='lat' dir='ltr'><strong>scr.</strong></span> <span class='ocrx_word' id='word_1_404' title='bbox 753 2683 854 2730; x_wconf 80' lang='lat' dir='ltr'><strong>signa</strong></span> <span class='ocrx_word' id='word_1_405' title='bbox 881 2682 1018 2717; x_wconf 77' lang='lat' dir='ltr'><strong>decoris</strong></span> <span class='ocrx_word' id='word_1_406' title='bbox 1050 2677 1369 2725; x_wconf 68' lang='lat' dir='ltr'><em>BEFAPAt&#39;ss</em></span> <span class='ocrx_word' id='word_1_407' title='bbox 1382 2682 1429 2716; x_wconf 85' lang='grc'><strong>10</strong></span> <span class='ocrx_word' id='word_1_408' title='bbox 1452 2676 1606 2723; x_wconf 50' lang='lat' dir='ltr'><strong>alius&amp;-</strong></span> 
     </span>
    </p>
   </div>
   <div class='ocr_carea' id='block_1_10' title="bbox 1638 1331 1685 2954">
    <p class='ocr_par' dir='ltr' id='par_1_19' title="bbox 1638 1331 1685 2954">
     <span class='ocr_line' id='line_1_45' title="bbox 1638 1331 1685 2954; baseline 0 0"><span class='ocrx_word' id='word_1_409' title='bbox 1638 1331 1685 2954; x_wconf 95' lang='lat' dir='ltr'><strong> </strong></span> 
     </span>
    </p>
   </div>
  </div>
 </body>
</html>
