1685 2954
643 79 755 109 cvRA
786 79 979 109 SECVNDA
1355 78 1532 110 chxvu

91 181 248 230 manico,
278 194 315 219 u.
335 180 398 230 34,
423 190 507 217 nam
534 190 582 216 ne
607 176 766 229 epistola
790 178 936 228 quidem
962 179 1041 216 libri
1067 177 1214 219 secundi
1246 179 1363 230 prima
1390 180 1534 218 nomine

93 243 170 280 eius
196 242 421 280 inscribenda
446 248 538 290 erat,
563 253 698 291 neque,
725 246 765 278 ut
783 239 929 277 uidetur
948 241 1147 279 secundum
1173 254 1234 278 uu.
1249 244 1311 287 71,
1329 244 1393 291 87,
1418 242 1534 280 fastos

91 311 129 342 et
155 306 279 355 elegos
304 303 491 351 destinari,
516 302 580 340 sed
607 302 777 339 heroica.·
808 301 975 350 Suillius,
1000 303 1046 339 ad
1072 316 1181 354 quem
1206 304 1384 349 scribitur,
1409 302 1534 341 Ouidii

91 368 279 417 priuignae
305 365 467 413 maritus,
494 377 530 402 u.
546 367 607 412 10,
617 366 680 412 90,
706 370 755 409 et,
779 370 818 401 ut
838 370 937 401 recte
962 365 1088 401 coniici
1107 372 1196 415 puto
1215 377 1260 403 ex
1279 366 1370 403 Tac.
1387 378 1472 403 ann.
1491 366 1532 413 4,

92 431 155 476 31,
181 427 386 465 Germanici
412 432 600 476 quaestor,
625 433 688 463 aut
714 427 750 462 in
771 426 970 463 Germania
996 438 1091 464 anno
1117 429 1206 475 768,
1233 434 1296 465 aut
1322 427 1472 477 posthac
1497 428 1534 466 in

91 490 230 527 oriente
261 489 342 526 fuit.
394 488 517 525 Potuit
545 487 616 525 hoc
641 490 879 524 intercessore
905 488 1044 525 iuuenis
1071 488 1268 538 imperator
1294 489 1535 527 infelicissimo

89 551 322 599 sexagenario
357 557 488 600 poetae
514 550 720 597 conciliari,
753 549 818 586 nisi
847 550 1006 599 alioquin
1041 556 1195 600 uterque
1228 551 1410 588 habuisset
1435 551 1535 602 quod

89 611 125 648 in
152 610 267 647 altero
292 611 543 649 admiraretur.
588 610 703 647 Poeta
723 624 809 648 num
835 612 881 648 ab
909 612 969 648 illo
998 613 1259 649 restitutionem
1286 614 1535 662 expectauerit

88 684 170 709 cum
204 672 316 710 fastos
349 674 381 711 ei
415 674 649 720 inscriberet,
685 684 731 709 an
766 674 885 722 potius
922 673 1065 710 fortiter
1099 674 1243 710 iamiam
1271 672 1536 723 desperauerit,

89 736 233 772 nesciet
271 737 437 773 notabilis
465 743 651 785 utcunque
678 742 732 772 est
766 736 801 771 in
837 735 923 772 locis
957 736 1030 772 istis
1059 740 1095 783 1,
1116 737 1187 772 481
1207 748 1304 785 sqq.‚
1330 737 1370 782 4,
1385 737 1431 771 81
1453 748 1535 786 sqq.

90 798 292 834 constantia
311 805 348 835 et
368 798 598 848 querelarum
625 795 767 834 insolita
792 797 1005 834 moderatio.
1047 798 1142 834 Ante
1162 797 1232 833 hoc
1252 797 1536 847 quinquennium

90 857 266 895 faciebam
296 860 539 897 coniecturam
567 858 613 895 de
646 859 856 905 occasione,
891 870 966 906 qua
992 869 1135 894 carmen
1163 858 1384 895 Ouidianum
1411 865 1537 908 patro-

91 931 177 956 num
204 921 462 958 Germanicum
489 927 632 958 nactum
659 926 764 963 esset,
791 931 885 968 quae
911 926 1010 955 certe
1035 919 1233 957 dilucidare
1256 921 1383 970 possit,
1411 934 1475 957 cur
1500 921 1537 958 id

90 983 331 1030 patrocinium
369 984 486 1033 primo
519 983 610 1019 libro
646 987 860 1017 tantumnon
898 980 1104 1019 definiatur.
1166 983 1308 1019 Scimus
1342 995 1386 1020 ex
1418 983 1460 1021 S.
1489 983 1535 1023 C.

90 1042 349 1080 Germanicum
376 1045 424 1082 ad
451 1043 653 1094 pacandum
686 1043 860 1079 orientem
894 1055 976 1079 cum
1007 1044 1158 1093 imperio
1192 1045 1337 1081 missum
1372 1045 1407 1081 in
1443 1057 1534 1095 pro-

89 1103 247 1152 uincias,
282 1118 377 1155 quae
401 1108 491 1143 mari
518 1105 787 1152 diuiderentur,
815 1106 850 1141 Τ
854 1117 908 1144 ac.
936 1117 1024 1143 ann.
1053 1108 1092 1152 2,
1108 1106 1169 1150 43,
1196 1118 1292 1143 anno
1314 1106 1359 1144 V.
1379 1106 1424 1143 C.
1445 1108 1535 1156 770,

88 1176 162 1213 quo
189 1165 297 1202 etiam
324 1167 393 1204 iter
418 1168 599 1217 ingressus
626 1178 691 1216 per
711 1167 894 1215 Illyricum
916 1167 1123 1216 Nicopolim
1144 1168 1324 1216 peruenit.
1367 1168 1422 1204 Ibi
1447 1168 1535 1207 inito

88 1226 248 1263 secundo
281 1229 470 1265 consulatu
498 1228 658 1266 Athenas
691 1228 801 1274 adiit,
838 1229 970 1266 deinde
1002 1229 1217 1276 Euboeam,
1244 1228 1424 1277 Lesbum,
1458 1236 1536 1268 tum

87 1285 320 1338 Perinthum,
346 1291 585 1340 Byzantium,
611 1290 871 1340 Propontidem
898 1297 935 1328 et
962 1304 1002 1328 os
1029 1291 1234 1339 Ponticum,
1263 1291 1355 1327 Tac.
1383 1303 1467 1329 ann.
1496 1296 1535 1342 2,

88 1348 152 1386 54.
203 1350 288 1387 Non
317 1364 403 1402 ergo
430 1354 634 1403 longissime
660 1353 787 1390 aberat
813 1366 835 1390 a
860 1359 973 1402 poeta
998 1360 1122 1390 nostro
1154 1354 1190 1390 in
1216 1354 1350 1390 oriente
1374 1355 1536 1392 Sarma-

88 1415 227 1460 tarum,
254 1414 315 1461 qui
340 1414 469 1451 dicitur
492 1417 528 1452 in
554 1415 789 1465 inscriptione
816 1414 1004 1453 Orelliana
1031 1428 1067 1451 n.
1086 1416 1176 1463 750,
1205 1415 1388 1453 abstruso:
1425 1430 1534 1466 quem

89 1474 170 1522 quis
197 1475 343 1524 negabit
375 1476 422 1513 de
454 1477 681 1527 imperatoris
716 1476 865 1514 consilio
899 1482 1036 1514 ueteres
1061 1477 1160 1514 locos
1184 1481 1218 1513 et
1242 1476 1350 1523 fama
1376 1476 1536 1515 celebra-

90 1538 151 1572 tos
175 1537 343 1575 noscendi
367 1539 554 1576 certiorem
580 1541 734 1591 temperi
759 1540 842 1576 fieri
870 1541 1048 1590 potuisse,
1076 1539 1169 1576 adeo
1196 1538 1356 1588 quidem,
1385 1545 1423 1575 ut
1449 1542 1535 1590 quia

92 1605 214 1634 nosset
236 1599 492 1636 Germanicum
519 1603 754 1651 appulsorum
787 1602 1005 1652 Colophona,
1030 1606 1071 1638 ut
1102 1601 1216 1639 (Harii
1240 1600 1423 1650 Apollinis
1447 1615 1537 1640 ora-

93 1658 173 1697 culo
199 1665 377 1708 uteretur,
409 1663 582 1700 scriberet
617 1677 760 1702 uersum
785 1667 855 1702 202
894 1669 935 1701 ut
966 1664 1089 1702 Clario
1119 1665 1235 1700 missa
1266 1662 1413 1711 legenda
1445 1663 1537 1703 deo?

93 1720 161 1759 Est
186 1723 311 1770 etiam,
341 1723 403 1772 qui
428 1723 474 1760 ad
501 1724 711 1762 Germanici
736 1728 963 1764 consulatum
990 1726 1117 1763 referri
1142 1726 1270 1775 possit,
1296 1737 1333 1762 u.
1356 1727 1427 1762 63:

224 1787 314 1822 Ecce
337 1784 403 1822 tibi
427 1785 608 1834 faustum,
639 1788 862 1832 Germanice,
888 1789 1036 1825 nmwiat
1061 1798 1197 1824 annum
1218 1789 1336 1823 Ianus
1361 1807 1431 1833 -,

97 1851 139 1883 ut
164 1859 203 1884 u.
223 1848 273 1883 67
304 1845 450 1883 ducibus
484 1847 686 1885 indicentur
717 1850 887 1886 Tiberius
919 1856 957 1886 et
992 1848 1229 1885 Germanicus
1263 1848 1424 1900 collegae
1459 1854 1535 1890 eius

94 1908 192 1947 anni.
250 1908 335 1946 Non
363 1909 492 1946 scimus
528 1917 720 1958 accurate,
755 1924 829 1961 quo
863 1911 922 1948 die
948 1909 1101 1948 Ouidius
1138 1909 1285 1946 obierit:
1321 1918 1361 1948 ut
1391 1913 1534 1963 opinor,

95 1972 287 2021 postremis
319 1971 500 2008 mensibus
534 1972 620 2009 anni
645 1975 731 2010 770.
784 1972 868 2010 Non
902 1973 1044 2023 reperio
1075 1972 1110 2008 in
1141 1983 1296 2022 quanam
1324 1973 1397 2009 uita
1422 1974 1537 2013 Leut-

96 2033 216 2070 schius
242 2046 278 2069 u.
304 2032 375 2070 dss.
403 2045 441 2082 p.
460 2033 510 2069 53
536 2046 660 2071 mense
684 2025 782 2072 Maio
817 2043 999 2072 mortuum
1033 2033 1125 2071 tradi
1159 2034 1277 2071 dicat:
1314 2035 1411 2084 apud
1439 2037 1536 2074 Bur-

95 2106 268 2131 mannum
301 2102 339 2131 et
362 2094 580 2132 Mucciolum
612 2095 748 2134 frustra
783 2097 959 2147 quaesiui.
1010 2096 1051 2133 Si
1082 2096 1118 2133 id
1151 2095 1259 2132 fidem
1293 2099 1535 2137 testimonium

93 2164 297 2204 mereatur,
324 2156 535 2194 crediderim
561 2169 643 2194 eum
669 2171 827 2196 mensem
856 2159 1008 2210 proximi
1034 2158 1118 2195 anni
1144 2159 1217 2194 771
1244 2157 1533 2206 intelligendum.

93 2217 236 2256 Pendet
261 2218 351 2256 haec
377 2231 434 2256 res
459 2231 504 2256 ex
530 2221 670 2257 ratione
696 2221 949 2271 chronologica
976 2220 1213 2268 Hieronymi,
1249 2220 1309 2268 qui
1335 2220 1533 2260 Eusebium

95 2279 208 2319 latine
234 2283 340 2319 uertit
365 2281 584 2332 inseruitque
610 2282 781 2320 lemmata
802 2296 848 2321 ex
868 2283 1032 2320 Suetonii
1052 2282 1149 2318 libris
1172 2282 1280 2317 uariis
1306 2284 1432 2332 petita,
1460 2284 1533 2323 uid.

96 2343 214 2393 praef.
234 2357 271 2394 p.
285 2345 322 2380 4.
374 2344 406 2380 ls
431 2344 498 2380 sub
525 2350 675 2381 rsumero
703 2357 930 2382 mmxxxnI
955 2344 1064 2383 tradit
1089 2345 1159 2380 ita:
1192 2342 1344 2381 Ouidius
1368 2350 1473 2394 poeta
1497 2349 1537 2384 in

98 2405 207 2443 exitio
233 2405 326 2443 diem
351 2404 438 2443 obiit
464 2410 498 2442 et
525 2408 633 2443 iuxta
661 2408 830 2458 oppidum
860 2411 996 2445 Tomos
1021 2406 1200 2455 sepelitur.
1254 2407 1375 2443 Annus
1401 2407 1538 2445 indica-

99 2472 160 2504 tur
183 2467 356 2505 Varronis
382 2470 458 2505 770
481 2468 527 2505 L.
548 2468 764 2519 Pomponio,
792 2470 835 2506 C.
855 2469 1014 2506 Caecilio
1042 2481 1133 2506 coss,
1186 2469 1260 2505 Iam
1286 2480 1372 2506 uero
1390 2470 1538 2507 Eusebii

100 2529 186 2565 anni
210 2536 466 2580 computantur
491 2542 514 2567 a
537 2531 722 2568 creatione
748 2530 873 2567 mundi
898 2538 935 2568 et
966 2531 1103 2568 initium
1129 2530 1266 2567 ducunt
1291 2532 1336 2568 ab
1363 2540 1538 2570 autumno

102 2581 407 2630 Antiochenorum
433 2600 497 2630 aut
515 2593 842 2631 Alexandrinorum
868 2605 985 2642 more,
1013 2593 1089 2631 uid.
1104 2593 1236 2631 Ideler.
1258 2595 1392 2632 enchir.
1411 2596 1536 2632 chron.

101 2654 140 2700 2,
165 2664 203 2702 p.
222 2653 308 2694 448.
358 2655 579 2704 Quaeritur,
612 2668 697 2695 num
724 2657 942 2694 conueniant
973 2668 1054 2695 cum
1079 2656 1325 2696 consularibus
1349 2658 1538 2696 Romano-
