1685 2954
185 128 270 172 256
746 140 1063 173 msronvu

234 242 352 284 Ecce
381 240 484 283 deas
511 240 608 283 uidi.
646 253 727 283 non
754 255 858 297 quas
885 250 1129 298 praeceptor
1158 244 1299 287 arandi

291 309 476 362 Viderat,
504 311 712 351 Ascraeas
742 322 834 351 cum
863 317 1105 364 sequeretur
1133 324 1254 354 oues:

236 377 331 418 Nec
360 389 464 430 quas
492 376 715 419 Priamides
743 378 783 417 in
812 390 995 431 aquosae
1023 379 1195 420 uallibus
1223 380 1322 422 Idae
1573 385 1623 422 15

290 444 483 486 Contulit.
526 459 580 485 ex
609 445 686 485 illis
715 445 791 486 sed
819 451 956 486 tamen
985 459 1066 487 una
1093 446 1179 488 fuit.

234 512 301 552 Ex
329 511 407 553 illis
435 512 512 552 fuit
540 525 633 565 una,
659 513 722 553 sui
752 526 948 568 germana
975 513 1126 555 mariti:

287 579 407 620 Haec
437 585 545 631 erat,
576 580 747 634 agnoui,
777 593 884 633 quae
914 586 1000 621 stat
1026 580 1068 621 iu
1097 582 1342 635 arcenlouis.

231 647 477 687 Horrueram
504 644 715 700 tacitoque
744 647 919 686 animum
949 648 1101 699 pallore
1129 647 1308 689 fatebar:

286 715 404 754 'l'unc
433 713 513 753 dea
543 726 647 767 quos
677 713 793 765 fecit,
821 713 985 753 sustulit
1012 714 1105 766 ipsa
1131 721 1280 756 metus.
1569 722 1623 758 20

229 780 420 834 Namque
446 779 516 821 ait.
552 793 578 821 o
602 785 735 832 uates,
764 778 919 821 romani
945 779 1131 821 conditor
1159 781 1264 834 anni,

283 849 402 889 Ause
436 861 510 901 per
546 847 725 901 exiguos
753 860 913 901 »magna
948 846 1098 888 referre
1131 847 1298 890 modos!

226 915 297 956 lus
324 915 397 956 tibi
426 916 562 957 fecisti
591 928 742 955 numen
769 915 956 956 caeleste
983 914 1160 968 uidendi,

284 982 392 1023 Cum
422 981 578 1036 placuit
603 983 782 1023 numeris
812 982 988 1023 condere
1013 982 1122 1024 festa
1151 983 1246 1024 tuis.

224 1049 294 1090 Ne
324 1055 461 1091 tamen
497 1050 665 1104 ignores
699 1050 895 1103 uulgique
932 1062 1065 1090 errore
1101 1049 1288 1104 traharis,
1567 1053 1620 1091 25

281 1116 421 1159 Iunius
450 1130 476 1158 a
502 1123 643 1158 nostro
672 1117 834 1157 nomine
861 1129 1009 1157 nomen
1037 1117 1174 1159 habet.

223 1184 305 1225 Est
332 1185 482 1239 aliquid
509 1185 704 1238 nupsisse
732 1185 831 1237 Ioui,
860 1185 970 1226 Iouis
1000 1197 1097 1226 esse
1127 1198 1323 1227 sororem:

281 1251 428 1293 Fratre
457 1253 606 1306 magis,
636 1251 791 1305 dubito,
820 1253 982 1306 glorier,
1012 1266 1117 1293 anne
1146 1253 1245 1294 uiro.

223 1318 273 1359 Si
299 1332 435 1374 genus
463 1321 671 1373 aspicitur,
701 1320 921 1360 Saturnum
949 1319 1077 1372 prima
1106 1326 1318 1373 parentem

279 1386 401 1428 Feci:
431 1387 596 1428 Saturni
625 1400 716 1428 sors
745 1399 826 1440 ego
854 1387 985 1439 prima
1013 1388 1081 1427 fui.
1567 1392 1618 1427 30

222 1453 263 1493 Α
290 1460 407 1507 patre
437 1454 549 1497 dicta
576 1468 668 1496 meo
698 1454 900 1509 quondam
931 1454 1122 1496 Saturnia
1151 1454 1283 1496 Roma
1313 1459 1396 1495 est:

279 1522 400 1563 Haec
428 1521 485 1564 illi
514 1536 539 1564 a
569 1524 685 1564 caelo
712 1522 896 1576 proxima
925 1528 1032 1563 terra
1061 1523 1148 1563 fuit.

223 1588 272 1630 Si
300 1595 416 1631 torus
444 1591 483 1631 in
511 1591 642 1644 pretio
672 1597 752 1644 est,
782 1590 894 1632 dicor
922 1596 1107 1631 matrona
1134 1590 1326 1643 tonantis,

278 1659 505 1713 Iunctaque
536 1659 713 1712 Tarpeio
737 1664 834 1700 sunt
858 1671 951 1699 mea
981 1660 1132 1711 templa
1160 1658 1260 1698 Ioui.

217 1754 279 1790 13.
314 1752 407 1791 Esse
438 1753 526 1790 deas
553 1757 675 1791 Ema.
691 1765 747 1803 pr.
803 1752 881 1789 uidi
913 1765 982 1789 nec
1014 1765 1102 1802 quas
1130 1749 1177 1788 Σ.
1229 1762 1317 1801 quas
1347 1756 1532 1801 spectator
1563 1749 1616 1791 Ψ.

164 1814 289 1851 praec.
313 1803 458 1840 amandi
475 1801 656 1841 AOma.
670 1816 726 1853 pr.
759 1804 880 1841 Gloss.
899 1801 1100 1853 praecept]
1123 1802 1265 1839 esiodus
1287 1802 1348 1851 qui
1367 1803 1508 1851 scripsit
1527 1814 1616 1851 geo·
1670 1814 1675 1820 ¹

163 1853 239 1889 rica
257 1857 303 1893 E.
409 1856 468 1892 14.
497 1856 672 1891 Ascraeas
701 1854 789 1891 uidit
816 1867 896 1891 cum
917 1856 953 1891 6.
995 1853 1135 1890 Viderit
1149 1852 1211 1890 A.
1248 1864 1414 1890 ascraeus
1436 1855 1480 1889 B.
1519 1865 1612 1891 aser.

163 1903 251 1939 dum
276 1903 379 1942 AN
385 1903 447 1951 H;
471 1917 588 1955 ptiar.
604 1917 674 1942 scr.
723 1911 976 1955 sequereretur
1002 1907 1037 1941 E
1052 1917 1126 1941 vna.
1144 1916 1203 1953 pr.
1314 1903 1374 1940 15.
1411 1903 1497 1940 Non
1524 1915 1614 1953 quas

164 1956 360 1993 Es2223.
405 1957 533 2006 priam.
562 1963 618 1992 ter
643 1967 802 2005 aquosae
831 1958 890 1991 10.
935 1954 1030 2002 ydae
1060 1956 1107 1992 G.
1212 1955 1272 1990 16.
1302 1953 1392 1991 Com
1422 1954 1500 1990 uult
1524 1965 1569 1991 ex
1594 1953 1615 1991 b

163 2016 238 2042 nia.
254 2018 324 2043 sec.
371 2018 417 2043 ex
442 2007 526 2056 ipsis
553 2011 637 2043 tres.
685 2013 806 2042 tamen
835 2006 907 2042 ulla
933 2003 989 2041 Π.
1094 2007 1154 2042 18,
1183 2016 1267 2054 agn.
1294 2004 1412 2040 stabat
1438 2004 1473 2040 in
1504 2005 1550 2042 0.

214 2057 276 2093 19.
304 2057 505 2094 Horrebam
531 2055 592 2093 br.
638 2068 698 2093 an.
724 2057 857 2106 pallaie
881 2068 1060 2105 rma-pr.
1163 2058 1226 2092 20.
1261 2055 1360 2091 Tum
1388 2053 1457 2090 dea
1486 2055 1612 2092 Gtest.

166 2106 283 2144 Gron.
298 2104 642 2145 FfflAMOPH
653 2105 828 2155 ²P'bfmp
840 2109 887 2143 33
911 2108 1161 2154 uigintiunwus.
1208 2106 1302 2142 Cum
1326 2104 1395 2141 dea
1421 2102 1610 2152 N(>.'‘.2)r.

161 2156 232 2194 feci
262 2161 306 2196 Τ.
348 2165 436 2195 sust.
462 2159 523 2194 illa
553 2155 682 2194 BFA
694 2155 784 2195 ΨΔ
798 2157 880 2193 Tm
891 2169 961 2193 ηια.
973 2169 1086 2206 murs
1112 2156 1309 2207 quindecim
1334 2160 1368 2192 et
1392 2160 1481 2192 nect.
1507 2155 1562 2192 ed.

212 2212 276 2245 21.
314 2216 416 2246 uates
450 2209 593 2258 operosi
628 2208 735 2245 cond.
773 2210 835 2245 34.
938 2211 1000 2244 22.
1037 2209 1127 2258 exig.
1159 2208 1253 2244 festa
1286 2204 1524 2244 §Fam-,son

212 2263 276 2296 23.
309 2259 380 2297 sec.
409 2271 538 2296 nomen
569 2257 644 2295 13?
688 2258 759 2295 fec.
784 2258 953 2296 caelestia
979 2271 1081 2295 sacra
1109 2257 1254 2295 uidendi
1278 2254 1420 2294 Huar.
1437 2268 1509 2294 scr.

211 2311 274 2349 24.
311 2309 408 2346 Dum
434 2310 530 2360 plac.
560 2310 641 2346 Gon.
694 2309 763 2346 Cui
795 2310 891 2359 plac.
919 2311 1010 2346 corti.
1039 2307 1300 2346 Mar-lelandus.
1350 2308 1505 2343 numeris
1535 2319 1607 2344 om.

160 2362 285 2397 Bma.
300 2373 359 2410 pr.
405 2359 499 2398 festa
531 2360 602 2396 suis
627 2359 658 2406 f.
701 2360 796 2397 festa
830 2360 919 2396 iouis
947 2363 1068 2397 1123.
1180 2359 1242 2396 25.
1278 2357 1356 2395 Nec
1385 2365 1502 2393 tamen
1530 2359 1609 2394 BE

159 2407 203 2447 A
212 2409 273 2458 fy.
323 2411 430 2460 uulgi
455 2418 493 2448 et
525 2423 595 2447 err.
625 2411 654 2448 G
673 2415 753 2448 test.
781 2412 895 2448 Gron.
1010 2414 1073 2448 26.
1110 2416 1222 2447 nostr.
1260 2409 1403 2445 numine
1434 2411 1521 2442 vett.
1548 2407 1604 2444 cd.

158 2473 257 2498 nom.
277 2462 407 2499 mensis
427 2474 447 2499 s
462 2460 546 2499 duo.
646 2464 709 2498 28.
737 2463 837 2511 mag*
848 2461 935 2497 dub.
954 2464 1001 2498 E.
1035 2461 1169 2510 glorior
1191 2457 1330 2496 fflMs.
1431 2458 1492 2494 29.
1518 2469 1603 2507 gen.

158 2511 322 2560 arguitur
349 2515 408 2548 12.
510 2513 572 2549 30.
600 2512 737 2548 saturni
762 2511 838 2549 sors
865 2514 915 2549 D.
963 2513 1100 2548 saturni
1126 2523 1211 2561 pars
1243 2506 1330 2546 ΨΔ
1355 2506 1437 2544 duo.
1488 2509 1604 2557 prima

159 2562 227 2598 uiri
245 2564 296 2599 M
301 2574 375 2598 ma.
413 2574 443 2599 r.
511 2563 599 2599 rima
617 2562 685 2599 suit
702 2565 751 2599 33
767 2567 853 2600 tres.
957 2566 1018 2599 31.
1045 2568 1099 2599 est
1125 2561 1197 2599 abs.
1217 2563 1332 2598 rues.
1436 2560 1496 2594 32.
1524 2558 1604 2596 Nec

159 2611 194 2650 b.
241 2612 290 2649 illi
323 2575 425 2649 eaefo
452 2633 499 2650 a.
550 2613 599 2649 illi
633 2613 784 2663 expulso
816 2624 920 2663 prox.
948 2613 1171 2662 p(uar.scr.
1197 2608 1389 2646 secundum
1420 2609 1603 2655 Gronau.)

157 2662 207 2699 illi
233 2674 255 2700 e
281 2663 382 2700 caelo
409 2667 494 2700 ποτε.
513 2662 567 2700 ccl.
590 2662 685 2701 Rub.
709 2665 787 2702 Vic.
804 2663 890 2701 Ald.
910 2662 1061 2701 Mediol.
1177 2663 1238 2696 33.
1274 2659 1398 2696 thorus
1433 2661 1601 2698 DEGr.

157 2713 281 2764 precio
306 2715 342 2752 E
351 2714 396 2751 G.
431 2713 576 2763 praecio
603 2716 650 2750 D.
687 2721 741 2753 est
766 2726 835 2752 om.
859 2711 959 2753 ΦΝ.
995 2713 1094 2750 dicar
1120 2708 1209 2749 PH
1215 2713 1237 2748 3
1248 2710 1314 2750 44.
1350 2716 1406 2748 est
1433 2722 1545 2748 uocor
1560 2721 1597 2760 9.
