1685 2954
146 80 266 112 cxcn
780 83 838 115 ΠΒ
865 83 963 116 oms

142 180 266 229 facero
300 184 543 231 susceperunt.
600 180 722 226 Quam
747 182 866 222 Varro
899 191 939 223 et
969 183 1124 225 Ouidius
1148 185 1364 237 Robiginem
1399 187 1582 241 dixerunt,

142 255 226 281 eum
252 243 400 280 Verrius
426 243 461 279 in
487 242 611 280 tabula
627 243 860 283 Praenestina
876 246 1059 297 Rubigum
1085 251 1322 300 nuncupauit.
1364 250 1447 287 Huc
1470 254 1583 290 aseri·
1641 255 1647 299 J

142 305 226 342 bam
254 303 341 340 oth.
368 303 533 341 Muelleri
569 305 682 342 uerba
714 308 807 356 prol.
836 307 948 356 myth.
975 321 1012 358 p.
1032 312 1106 346 288
1132 309 1179 347 de
1204 312 1430 349 Graecorum
1456 312 1491 349 id
1515 326 1581 363 ge·
1643 320 1646 325 “

142 379 211 404 nus
237 365 313 401 deis
339 365 468 401 certis:
497 368 606 403 Diese
633 369 762 405 Wesen
787 372 931 406 massen
955 371 1129 409 entweder
1153 377 1226 410 erst
1250 374 1289 410 in
1313 375 1408 411 einer
1431 375 1582 413 Perinde

137 424 375 478 personificirt
397 425 541 463 worden
564 430 653 473 sein,
679 428 730 466 da
755 429 811 467 die
829 431 992 479 Syn-acite
1015 432 1126 469 echon
1151 434 1228 471 iim-e
1253 439 1395 485 spatere
1422 436 1580 486 Bilduny

138 488 214 525 und
236 487 379 526 Gestalt
403 487 523 533 hatte;
550 488 635 527 oder
659 490 716 527 die
731 493 874 529 Numen
900 491 1049 530 bildeten
1073 494 1163 542 sich,
1187 496 1269 533 weil
1294 496 1350 533 die
1371 496 1578 547 Betleutuny

138 549 218 587 dem
246 548 447 587 Verstande
471 551 596 587 immer
619 554 860 599 9e9en=wcirti9
887 552 996 598 blieb,
1022 558 1088 592 mit
1113 555 1180 593 den
1205 557 1458 607 Appellatiuen
1483 558 1580 606 fort.

137 611 245 663 Apud
271 612 457 648 Romanos
486 612 593 660 pauci
618 619 702 649 sunt
728 612 786 648 dei
811 613 1058 663 antiquissimi,
1084 628 1291 655 communes
1316 620 1393 657 sine
1418 620 1528 658 dubio
1554 633 1578 658 a

135 674 301 711 Varrone
326 673 460 722 agniti,
486 673 533 709 sr.
557 676 594 718 2,
621 674 683 722 qui
710 675 891 710 communi
918 676 1026 712 etiam
1053 679 1204 716 nominis
1237 678 1355 716 forma
1382 681 1465 719 olim
1491 682 1577 720 culti

135 735 342 782 uideantur,
369 732 450 779 Sol,
476 733 595 782 Luna,
622 735 764 771 Tellus.
807 734 1018 784 Aliquorum
1038 745 1177 787 antem,
1199 752 1354 789 quorum
1381 741 1476 778 inter
1501 743 1578 791 pri-

136 810 218 836 scos
235 796 392 834 officium
410 796 527 832 Varro
546 795 748 845 descripsit,
777 797 922 833 nomina
947 796 1102 835 dubitari
1127 800 1255 849 possit,
1282 812 1328 836 an
1349 808 1487 838 mutata
1505 803 1578 841 sint

133 858 182 897 ad
208 859 435 895 Graecorum
463 857 606 894 illorum
632 858 859 907 exemplum,
886 870 966 894 cum
995 858 1115 897 denuo
1141 860 1337 910 aliquando
1364 862 1577 902 dedicaren-

132 926 205 958 tur.
257 920 311 956 lta
337 919 521 967 Salutem,
550 919 625 957 Ou.
654 922 693 967 3,
714 922 804 967 882,
842 932 951 969 quam
985 921 1095 970 paulo
1128 923 1234 959 aliter
1267 934 1290 959 a
1316 923 1459 961 Sabinis
1492 925 1576 962 olim
1642 943 1645 945 ·

132 981 266 1019 dictam
299 980 409 1017 fuisse
434 982 552 1018 Varro
587 981 634 1018 de
660 982 686 1018 l.
713 981 738 1019 l.
767 982 804 1027 5,
830 984 881 1019 74
912 982 1070 1038 indicare
1103 983 1269 1028 uidetur,
1303 991 1342 1021 et
1366 988 1575 1035 Iunoniam,

130 1043 241 1091 fr.5,
278 1042 352 1080 ou.
380 1044 419 1090 6,
445 1043 516 1094 65,
551 1055 598 1080 ex
631 1043 802 1081 librorum
838 1043 1094 1092 Sibyllinorum
1130 1047 1369 1094 auctoritate,
1404 1048 1575 1096 graecum

132 1113 327 1154 utrumque
354 1116 501 1152 numen,
528 1105 680 1141 alterum
708 1118 741 1142 a.
765 1105 810 1142 V.
832 1105 875 1143 C.
903 1107 992 1153 574,
1020 1107 1172 1143 alterum
1199 1107 1273 1144 535
1300 1115 1470 1145 reuocata
1495 1120 1576 1147 esse

129 1167 283 1204 coniecit
304 1165 518 1203 Clausenius
544 1179 583 1216 p.
601 1168 691 1214 260,
711 1168 798 1203 261.
850 1167 930 1204 Alia
955 1169 1103 1205 numina
1133 1169 1334 1206 communia
1361 1169 1459 1219 apud
1481 1169 1573 1207 Oui-

129 1228 228 1266 dium
263 1241 335 1265 non
368 1234 514 1264 extant:
551 1239 634 1265 nam
661 1234 698 1265 et
723 1230 861 1266 Somno
897 1229 1108 1266 sacrificium
1136 1230 1276 1268 Romae
1309 1231 1446 1268 factum
1473 1244 1573 1268 com-

128 1296 271 1328 mentus
298 1295 353 1326 est
377 1290 416 1337 4,
444 1291 533 1337 653,
567 1302 686 1340 neque
717 1290 821 1327 deam
852 1293 1005 1328 Noctem
1032 1294 1066 1335 1,
1092 1292 1166 1328 455
1200 1300 1263 1329 aut
1297 1292 1377 1330 libri
1413 1300 1572 1342 ueteres,

128 1358 193 1390 aut
219 1352 358 1388 Horatii
392 1364 501 1390 carm.
530 1355 566 1397 3,
594 1356 655 1397 28,
685 1354 746 1399 16,
785 1359 847 1389 aut
883 1352 1009 1389 incerti
1043 1360 1176 1402 poetae
1210 1354 1308 1404 apud
1335 1354 1441 1391 Paul.
1467 1354 1579 1402 Diac.

128 1427 168 1465 p.
185 1416 248 1461 83,
266 1415 291 1449 4
317 1426 442 1450 uersus
468 1415 553 1451 satis
572 1415 746 1450 Romanis
774 1415 969 1451 uindicant.
1022 1414 1117 1452 Vide
1143 1427 1244 1464 ergo,
1272 1429 1356 1453 num
1384 1416 1572 1466 probabile

126 1476 173 1514 sit
198 1475 304 1512 deam
332 1475 523 1512 Furrinam
551 1474 722 1512 Ouidium
748 1488 768 1512 a
796 1477 964 1515 Varrone
989 1477 1204 1527 explicatam
1239 1478 1418 1514 inuenisse
1444 1476 1492 1513 fr.
1521 1477 1569 1515 15

130 1549 154 1576 a
186 1537 299 1586 furno
336 1538 450 1574 noctis
484 1536 617 1573 colore.
669 1537 761 1574 Cum
797 1539 1056 1588 uespertilionis
1090 1539 1156 1575 alis
1189 1538 1333 1588 depicta
1367 1544 1517 1588 putatur
1547 1550 1571 1576 a

129 1600 244 1637 Gorio
266 1606 292 1636 t.
307 1603 345 1646 2,
373 1612 410 1648 p.
427 1600 488 1636 39.
532 1598 672 1636 Eodem
695 1611 782 1637 uero
809 1600 868 1636 illo
888 1599 1032 1637 saeculo
1052 1607 1153 1636 sexto
1171 1599 1293 1636 denuo
1309 1599 1464 1636 dedicati
1483 1606 1569 1637 sunt

128 1663 273 1709 Honos,
300 1662 338 1709 5,
357 1664 420 1709 23,
447 1661 531 1698 Liu.
558 1661 698 1707 27,25,
726 1674 832 1711 quein
858 1661 904 1699 fr.
920 1664 944 1697 7
970 1662 1005 1697 in
1032 1660 1308 1710 indigitamentis
1334 1663 1567 1700 Honorinum

124 1723 236 1760 fuisse
263 1723 466 1772 accepimus
494 1728 531 1759 et
557 1725 667 1759 Mens
684 1725 722 1770 6,
738 1724 826 1770 241,
853 1723 951 1770 sr.7,
979 1723 1052 1760 uid.
1079 1735 1189 1772 supra
1215 1736 1253 1772 p.
1270 1734 1452 1760 cxxxvl.
1493 1723 1568 1768 Qui

128 1784 227 1835 apud
255 1783 427 1821 Ouidium
462 1796 534 1820 non
565 1791 674 1832 sunt,
714 1786 891 1821 Virtutem
922 1785 1076 1821 sortasse
1110 1796 1182 1820 non
1214 1790 1356 1820 constat
1389 1791 1568 1822 uetustam

125 1847 251 1894 fuisse,
279 1846 325 1882 de
352 1845 440 1882 Fide
464 1846 638 1882 Varronis
665 1846 908 1882 testimonium
936 1845 1046 1888 habes
1071 1845 1118 1882 de
1142 1846 1166 1882 1.
1195 1845 1219 1882 l.
1249 1845 1287 1893 5,
1313 1847 1378 1893 74,
1407 1847 1568 1892 Quietem

124 1909 235 1946 fuisse
258 1907 470 1956 Quietalem,
497 1907 596 1944 Fest.
619 1920 656 1957 p.
673 1908 764 1955 257,
785 1909 834 1944 34
853 1909 935 1956 sin.,
963 1908 1021 1944 alii
1048 1907 1296 1945 coniecerunt:
1323 1907 1370 1944 de
1394 1908 1567 1946 feminino

124 1982 258 2022 genere
283 1971 398 2006 minus
425 1977 479 2006 est
506 1969 744 2016 haerendum,
770 1972 930 2007 Pecunia
955 1977 991 2007 et
1011 1969 1196 2006 Pudicitia
1221 1968 1312 2007 deae
1338 1970 1407 2006 dici
1431 1976 1566 2020 potue-

123 2040 209 2070 runt
234 2039 274 2070 ut
302 2032 513 2076 Fluuionia,
539 2034 751 2076 Praestitia,
779 2033 921 2080 Segetia
947 2039 984 2069 et
1011 2032 1110 2068 abire
1135 2031 1171 2067 in
1199 2031 1376 2076 uocabula
1401 2032 1454 2069 uti
1470 2035 1568 2070 For·-

123 2099 227 2132 tuna.
267 2094 513 2139 Quamobrem
533 2093 736 2131 Concordia
751 2093 944 2142 Ouidiana,
973 2093 1044 2131 uid.
1067 2107 1105 2143 p.
1122 2104 1256 2139 cxxv,
1274 2093 1418 2129 saeculo
1435 2099 1564 2143 quarto

124 2156 292 2194 dedicata
318 2169 389 2193 non
417 2155 525 2192 ualde
551 2168 608 2192 me
637 2157 788 2204 cruciat,
816 2169 883 2192 nec
909 2157 993 2193 ideo
1018 2157 1133 2192 minus
1153 2154 1376 2192 Libertatem
1401 2161 1438 2192 et
1457 2157 1563 2191 Tem-

128 2222 318 2267 pestatem,
344 2218 478 2255 saeculi
509 2218 598 2254 sexti
625 2218 779 2253 ineuntis
806 2229 899 2267 quae
931 2217 1093 2253 fortassis
1121 2223 1225 2262 sunt,
1262 2216 1336 2253 uid.
1365 2229 1402 2266 p.
1427 2225 1560 2262 0111,

127 2291 302 2327 cxxxv,
330 2281 511 2316 Graecam
547 2278 841 2315 consuetudinem
874 2278 1012 2315 referre
1045 2291 1187 2315 censeo.
1238 2278 1407 2327 Namque
1437 2276 1561 2326 paucis

123 2349 207 2392 post
238 2341 418 2378 decenniis
444 2341 595 2377 Plautus
633 2353 676 2377 eo
713 2340 821 2376 modo
856 2341 942 2377 deos
968 2341 1181 2389 Auoeilium,
1211 2340 1437 2382 Luxuriam,
1468 2339 1560 2374 Ino-

122 2404 236 2453 piam,
262 2403 430 2439 Afranius
456 2404 665 2452 Sapientiae
689 2409 858 2452 parentes
883 2405 995 2439 Vsum
1017 2410 1053 2440 et
1071 2403 1303 2447 Memoriam,
1329 2399 1427 2436 Gell.
1449 2401 1509 2447 13,
1521 2401 1561 2447 8,

123 2464 159 2500 in
186 2476 329 2501 scenam
357 2465 618 2514 produxerunt.
666 2465 722 2501 Ea
748 2472 940 2514 poetarum
966 2466 1110 2502 licentia
1135 2476 1219 2501 usus
1241 2461 1406 2507 Ouidius,
1434 2472 1480 2498 ne
1505 2460 1560 2497 di·

121 2538 200 2563 cam
225 2527 371 2574 abusus,
397 2530 589 2564 quentam
616 2528 695 2564 loco
722 2526 831 2563 modo
858 2527 1014 2563 indicato
1036 2526 1162 2563 maluit
1188 2521 1404 2561 comminisci
1430 2528 1466 2557 et
1494 2533 1560 2558 ne·

120 2599 208 2637 gare
238 2588 432 2637 antiquitus
466 2590 598 2626 cultam
626 2603 662 2626 u.
686 2586 750 2636 75,
777 2591 839 2637 76,
876 2601 985 2639 quam
1022 2594 1059 2624 et
1095 2588 1209 2636 ipsam
1243 2586 1342 2621 socio
1373 2581 1586 2631 Capitolia-

116 2650 263 2700 templo,
289 2652 382 2702 Aug.
404 2662 435 2689 c.
461 2650 498 2688 d.
526 2652 562 2698 4,
590 2653 651 2698 23,
679 2657 716 2688 et
742 2650 895 2688 alterum
921 2649 968 2687 ad
994 2650 1125 2687 circum
1151 2647 1360 2691 Maximum,
1387 2644 1467 2684 Liu.
1486 2646 1553 2694 36,
