1685 2954
610 89 710 120 Lm.
739 87 950 118 SEXTVS
1414 65 1498 110 28⁷

174 197 323 249 Fitque
351 192 414 234 sui
441 197 532 232 toto
559 195 729 243 pectore
754 190 876 243 plena
904 184 986 226 dei.

119 263 203 305 Vix
232 263 340 302 illam
368 259 502 301 subito
530 270 679 310 posses
704 266 972 312 cognoscere,
1000 257 1115 294 tanto

174 329 363 372 Sanctior
380 332 435 380 ,et
460 330 574 365 tanto
604 337 725 377 quam
753 322 887 375 modo,
916 319 1041 362 maior
1069 324 1169 362 erat.

120 398 252 438 Laeta
280 380 434 438 canam.
478 390 628 446 gaude,
659 391 853 431 defuncta
881 389 1084 430 laboribus
1111 390 1196 440 Ino,
1419 386 1498 424 535

174 465 310 515 Dixit,
345 466 389 501 et
415 457 511 499 huic
535 459 685 512 populo
715 470 910 511 prospera
936 468 1097 508 semper
1124 454 1238 494 ades.

117 533 281 573 Numen
309 528 389 568 eris
416 526 566 580 pelagi.
602 532 741 566 natum
758 537 934 578 -quoque
961 529 1112 576 pontus
1138 518 1323 562 habebit:

173 598 218 637 In
246 594 397 636 uestris
426 594 534 634 aliud
562 594 711 634 sumite
740 605 887 633 nomen
916 589 1047 645 aquis.

116 663 356 705 Leucothea
384 660 534 714 Graiis,
562 662 728 702 Matuta
755 659 960 701 uocabere
988 657 1150 699 nostris.

171 732 217 771 In
241 737 383 784 portus
408 736 505 770 nato
536 728 601 770 ius
631 729 707 769 erit
737 740 857 767 omne
884 732 976 767 tuo:
1422 724 1502 762 540

115 797 250 849 Quem
279 809 355 838 nos
382 797 616 848 Portunum,
645 808 723 835 sua
749 796 889 850 lingua
917 794 1164 834 Palaemona
1191 791 1314 833 dicet.

172 867 245 917 Ite,
275 877 430 918 precor,
461 863 614 904 nostris
643 876 802 916 aequus
829 869 1002 915 uterque
1030 859 1144 902 locis.

117 933 341 984 Annuerat,
371 931 573 985 promissa
601 931 717 971 fides.
752 943 927 984 posuere
957 929 1131 979 labores,

171 999 349 1040 Nomina
378 1005 594 1040 mutarunt.
638 1000 707 1039 hic
736 999 860 1051 deus,
897 998 964 1038 illa
995 996 1074 1037 dea
1103 1002 1181 1037 est.

118 1066 203 1108 Cur
236 1072 353 1108 uetet
381 1067 551 1107 ancillas
579 1067 799 1119 accedere,
836 1062 1062 1120 quaeritis?
1103 1064 1201 1116 odit,
1425 1064 1505 1103 545

173 1132 501 1186 Principiumque
529 1132 623 1186 odii,
652 1135 689 1174 si
718 1135 828 1174 sinat
855 1134 933 1185 illa,
966 1145 1123 1174 canam.

116 1200 213 1240 Vna
241 1201 509 1240 ministrarum
538 1202 658 1241 solita
687 1207 772 1253 est,
803 1201 994 1252 Cadmei,
1023 1207 1180 1240 tuarum

174 1268 312 1319 Saepe
339 1267 414 1306 sub
445 1269 658 1319 amplexus
687 1268 874 1322 coniugis
903 1267 961 1307 ire
990 1268 1061 1307 tui.
1122 1259 1124 1263 ’

121 1334 332 1386 Improbus
360 1335 469 1374 hanc
496 1334 698 1374 Athamas
727 1335 862 1374 furtim
893 1333 1047 1374 dilexit.
1087 1334 1138 1374 ab
1167 1333 1235 1373 illa

175 1399 385 1454 Comperit
413 1402 606 1454 agricolis
634 1400 791 1441 semina
820 1408 931 1442 tosta
961 1402 1056 1442 dari.
1426 1406 1506 1442 550

117 1468 213 1520 Ipsa
241 1468 405 1521 quidem
433 1468 588 1509 fecisse
615 1474 757 1522 negat,
787 1469 863 1509 sed
891 1470 1001 1510 fama
1024 1470 1200 1522 «recepit.

114 1588 202 1624 532.
230 1601 301 1638 que
326 1602 391 1626 suo
417 1596 513 1626 tecto
539 1603 576 1639 p.
597 1604 635 1639 p.
654 1591 725 1627 deo
743 1588 799 1629 Π.
838 1597 915 1628 toto
942 1603 1095 1641 corpore
1124 1596 1148 1629 t.
1249 1593 1337 1629 533.
1362 1594 1508 1643 Vixque

64 1638 115 1675 ill.
142 1641 202 1674 M.
258 1639 354 1674 illam
381 1651 502 1688 posses
529 1642 649 1677 subito
675 1638 732 1677 H.
786 1642 899 1690 possis
935 1646 1063 1678 ‹301220
1088 1647 1261 1690 quantem
1294 1645 1323 1680 G
1338 1656 1416 1681 aar.
1434 1657 1506 1682 scr.

66 1700 165 1736 pOSS.
186 1700 383 1737 agnoscere
400 1689 449 1726 A
464 1694 547 1727 tres.
586 1703 622 1739 p.
645 1699 858 1727 connectere
874 1691 893 1727 b
907 1705 1049 1740 ωηαῳν.
1151 1694 1238 1729 535.
1265 1706 1346 1731 can.
1368 1696 1508 1743 grande

66 1738 86 1774 b
103 1750 242 1786 vna-pr.
345 1740 432 1776 536.
460 1747 496 1775 et
523 1740 604 1776 hinc
624 1743 736 1777 Ema.
750 1753 806 1788 pr.
845 1743 982 1790 populo
1006 1743 1154 1778 dextera
1174 1740 1273 1779 1141
1287 1748 1374 1781 tres.
1413 1757 1508 1782 sem-

66 1800 134 1837 per
159 1789 262 1825 adest
291 1786 344 1825 11).
446 1790 532 1825 537.
559 1790 703 1826 Numen
731 1791 815 1826 ades
841 1792 960 1840 pelagi
978 1793 1061 1828 429
1073 1797 1133 1829 33.
1175 1806 1212 1842 p.
1242 1806 1371 1831 nomen
1397 1808 1459 1844 qu.
1487 1795 1508 1833 b

67 1851 141 1875 ma.
162 1850 220 1886 pr.
266 1847 464 1888 natumque
493 1852 637 1888 quoque
666 1843 715 1876 D.
764 1853 908 1889 quoque
935 1849 1060 1890 portus
1084 1855 1192 1890 yma.
1210 1856 1278 1880 sec.
1304 1850 1449 1893 septem.

116 1890 206 1926 538.
239 1888 280 1924 In
307 1891 436 1926 nostris
464 1887 742 1926 BFANPH
755 1889 997 1941 Ψσρτηαψν.
1013 1905 1037 1940 p
1063 1892 1244 1930 duodecim
1268 1895 1357 1941 fere.
1413 1909 1506 1934 sum.

66 1950 199 1975 numen
231 1937 397 1986 ‹D‘3Afi
499 1942 586 1977 539.
614 1943 688 1986 Ita,
714 1941 935 1988 Leucothea,
965 1944 1144 1979 BGP33
1174 1949 1251 1981 octo
1270 1950 1304 1981 et
1319 1945 1398 1983 edd.
1417 1949 1505 1984 Ven.

71 1990 148 2025 Vic.
188 1988 421 2026 Leuchothea
448 1992 495 2026 D.
548 1991 732 2027 Leucotoe
763 1989 814 2027 (D.
854 1992 1032 2041 Leutoipe
1058 1995 1187 2030 nostris
1213 2008 1262 2031 m.
1290 1995 1322 2032 b.
1365 1996 1508 2033 Leuco-

67 2038 176 2075 theae
201 2051 232 2076 e.
277 2040 463 2076 Leucotoa
489 2040 518 2086 f.
560 2041 769 2078 Leucothoe
793 2041 930 2090 reliqui.
982 2043 1027 2080 L.
1055 2045 1190 2093 graecis
1215 2046 1336 2083 Ema.
1354 2058 1411 2094 pr.
1461 2048 1505 2085 L.

69 2089 164 2137 grais
192 2092 356 2126 DEma.
373 2103 441 2127 sec.
463 2093 509 2127 G.
548 2098 688 2127 mututa
715 2095 766 2129 D.
805 2101 951 2131 matura,
969 2097 1092 2130 Ema.
1109 2106 1177 2131 sec.
1217 2103 1354 2133 mutata
1380 2096 1509 2144 bem

36 2165 41 2166 ν
67 2150 178 2175 rma.
195 2151 251 2187 pr.
273 2145 440 2188 quatuor.
482 2153 560 2176 uoc.
588 2143 696 2190 graiis
722 2141 752 2178 b.
857 2143 943 2179 540.
975 2145 1013 2180 ln
1041 2152 1148 2193 portu
1176 2147 1277 2182 Fem
1290 2159 1426 2195 ma.pr.
1467 2148 1508 2185 In

68 2190 183 2238 portis
202 2201 232 2226 s.
336 2191 424 2226 541.
451 2199 682 2240 portumnuin
704 2195 830 2229 BFs2
845 2195 996 2242 quinque
1009 2193 1096 2240 fere.
1134 2202 1339 2245 portumum
1356 2197 1387 2244 f.
1421 2210 1509 2247 por-

20 2258 25 2266 ·
69 2247 223 2275 tunnum
249 2252 267 2276 e
292 2245 325 2276 et
350 2245 434 2277 vett.
451 2241 505 2277 ed.
555 2254 619 2278 sua
646 2255 732 2290 gens
759 2244 972 2292 palaemona
997 2242 1058 2281 A.
1100 2246 1256 2294 polaem.
1284 2247 1316 2284 b.
1420 2250 1507 2286 542.

70 2288 161 2326 Este
186 2301 286 2338 pree.
312 2295 390 2328 octo
414 2293 600 2339 sca-ipti‘et
624 2297 710 2328 uett.
738 2293 792 2330 ed.
840 2294 894 2330 Ite
920 2295 1020 2343 prior
1044 2292 1086 2331 Δ
1101 2308 1183 2333 uar.
1202 2309 1270 2333 sor.
1316 2310 1415 2347 pree.
1443 2311 1506 2336 ue-

52 2339 150 2375 -stris
174 2339 237 2377 A.
338 2343 425 2377 543.
454 2343 664 2378 Annuerant
688 2348 774 2380 ores.
812 2356 929 2392 prom.
957 2345 1029 2381 fide
1055 2348 1116 2382 29.
1156 2347 1245 2382 fides
1271 2347 1359 2384 fides
1385 2348 1414 2395 f.
1453 2350 1507 2385 la·-

70 2388 193 2424 borem
220 2389 253 2425 b.
355 2392 442 2428 544.
470 2398 525 2428 est
551 2391 622 2428 abi.
638 2394 690 2429 N.
791 2395 878 2431 545.
907 2395 982 2431 Cur
1009 2403 1107 2432 uetat
1135 2396 1510 2436 BDEFGOEAM

71 2434 118 2472 N
121 2435 204 2474 PH
217 2437 304 2476 ΨΔ
317 2439 440 2490 bep
460 2441 734 2491 duodetriginta.
809 2445 962 2481 uaeritus
988 2445 1020 2483 b,
1139 2449 1224 2484 546.
1261 2449 1290 2484 si
1315 2450 1397 2487 sinit
1422 2453 1457 2485 D
1472 2452 1506 2486 G

76 2484 221 2524 ΦΝΠ
240 2490 420 2528 duodecim
430 2505 440 2536 3
466 2505 490 2541 p
506 2502 587 2529 nar.
606 2505 676 2530 scr.
722 2495 789 2530 sin.
816 2496 893 2543 ipsa
925 2493 1217 2534 (1222m32022.
1318 2498 1404 2535 547.
1431 2503 1504 2543 Itu,

73 2537 226 2585 cadmei,
249 2552 285 2577 m
301 2541 365 2578 sub
383 2553 475 2586 ras„
498 2546 556 2578 12.
597 2543 760 2580 cathmea
779 2546 815 2580 D
830 2546 876 2581 G.
916 2546 1077 2583 cadmeia
1098 2544 1136 2583 Σ
1150 2552 1234 2585 tres.
1273 2548 1446 2586 cliadmea
1471 2549 1503 2585 b.

73 2586 223 2624 cadmea
248 2593 386 2629 caeteri.
494 2594 580 2630 549.
614 2594 688 2630 ath.
715 2594 812 2630 furto
839 2594 901 2632 dil.
928 2597 1071 2633 DGN.
1177 2599 1265 2636 551.
1300 2600 1360 2636 lna
1387 2612 1448 2649 qu.
1476 2602 1509 2636 F
1555 2599 1558 2603 ’

72 2638 123 2673 M
131 2638 170 2673 N
177 2650 210 2676 r.
249 2641 394 2689 quidem
419 2654 459 2680 se
483 2644 592 2680 scisse
618 2656 699 2693 neg.
726 2647 770 2680 N
778 2657 862 2681 aar.
877 2657 950 2684 scr.
