1685 2954
97 114 267 144 LXXXIV
719 106 935 138 ANNALWM

102 219 270 265 apparet,
297 212 372 250 eius
399 208 518 246 uerbis
545 203 670 244 tradit.
715 207 823 251 Quae
848 208 1074 258 praecedunt
1099 205 1198 257 apud
1219 204 1394 243 Ouidium
1417 205 1465 244 de
1490 217 1548 244 re-

102 277 233 325 ligiosis
253 274 395 310 Numae
421 269 603 316 institutis,
630 269 705 318 peti
730 269 807 306 sine
833 269 944 306 dubio
964 282 987 306 a
1010 270 1128 307 multis
1154 273 1341 319 poterant:
1367 278 1412 303 ex
1433 268 1549 304 Cassii

104 338 279 375 Heminae
306 332 494 369 annalibus
520 329 655 379 aliquid
681 331 755 367 eius
781 330 877 367 modi
904 338 1160 367 commemorat
1181 330 1317 366 Plinius
1339 333 1415 363 nat.
1436 326 1473 364 h.
1489 330 1552 375 18,

106 403 129 434 2
155 402 190 444 §.
206 399 242 433 7.
293 395 431 430 Eorum
458 398 604 439 autem,
630 404 723 440 quae
748 391 795 429 de
820 391 925 428 ancili
951 399 1173 441 sequuntur,
1199 397 1383 428 auctorem
1411 389 1553 437 ignoro,

107 471 175 495 nec
200 469 222 492 a
250 467 457 506 quoquam,
493 454 561 489 nisi
598 465 619 489 a
646 453 842 490 Plutarcho
869 452 980 490 Num.
1007 457 1076 501 13,
1114 453 1240 489 similia
1275 451 1366 488 tradi
1401 451 1556 486 memini.

108 519 242 556 Valerii
269 516 420 552 Antiatis
455 515 603 551 annales
638 516 806 564 quoniam
844 514 889 550 ab
917 512 1050 551 Ouidio
1086 521 1123 551 et
1149 514 1306 550 Arnohio
1341 513 1423 549 lecti
1459 518 1557 558 sunt,

110 593 182 617 non
212 580 332 615 illicita
359 582 414 613 est
438 576 658 622 coniectura,
686 574 776 611 illius
803 586 882 611 esse
911 575 1152 612 narrationem
1180 573 1226 610 de
1252 575 1378 610 Matris
1402 574 1559 622 Magnae

112 654 133 678 e
159 641 316 688 Phrygia
343 638 539 684 arcessitu,
565 648 661 686 quae
686 642 785 672 extat
810 634 908 684 apud
935 634 1105 672 Ouidium
1133 637 1171 682 4,
1198 635 1432 681 255-348,
1460 634 1560 684 apud
1582 621 1587 628 ¹

112 704 310 739 Arnobium
337 712 380 737 ex
407 699 571 736 historiis
595 700 635 744 7,
663 708 695 732 c.
713 697 763 731 46
789 693 857 731 Or.
882 695 948 734 cfr.
969 700 1007 743 2,
1027 698 1090 733 73.
1142 697 1283 733 Scimus
1307 696 1401 732 enim
1429 707 1473 732 ex
1499 696 1561 732 Li-

116 766 175 801 uio
212 765 274 811 36,
304 764 351 798 36
384 761 565 797 Antiatem
603 758 649 794 de
685 768 729 792 ea
766 768 805 792 re
840 762 878 792 et
913 756 1007 792 ludis
1042 746 1191 794 scenicis
1227 757 1359 792 idcirco
1395 757 1562 793 institutis

115 826 320 874 scripsisse3
360 823 488 872 quibus
514 822 550 857 in
579 818 671 856 ludis
698 817 840 854 fabulas
868 818 914 853 ab
941 816 1077 853 Ouidio
1104 818 1332 865 interpositas
1359 825 1458 854 actas
1484 818 1562 867 ple-

117 898 247 936 rasque
274 896 397 921 omues
422 882 531 919 fuisse
557 887 594 917 et
618 881 696 929 ipse
724 893 758 916 u.
777 881 864 926 326,
893 884 930 914 et
956 878 1133 914 Arnobius
1154 879 1192 924 4,
1207 877 1280 924 353
1309 878 1345 922 5,
1361 879 1432 924 423
1458 879 1498 924 7,
1515 881 1563 914 33

120 954 283 984 testatur.
340 945 533 981 Historiam
561 942 606 978 de
634 941 807 977 sacrificio
833 940 951 976 Fauni
977 940 1179 988 interrupto
1209 942 1246 985 2,
1268 938 1481 975 359--372
1507 950 1566 976 re-

122 1012 231 1045 latam
258 1007 419 1043 inuenies
446 1004 543 1054 apud
568 998 802 1040 Plutarchum
828 1002 936 1038 Rom.
966 1004 1011 1036 21
1041 1007 1190 1036 auctore
1214 1001 1325 1037 Acilio
1352 1000 1567 1047 Glabrione,

121 1075 334 1120 peruetusto
372 1067 556 1103 historico.
620 1065 727 1108 Quae
762 1070 963 1114 sequuntur
999 1061 1098 1111 apud
1136 1060 1308 1098 Ouidium
1343 1062 1389 1098 ad
1424 1073 1568 1098 uersum

124 1143 237 1180 usque
266 1133 352 1176 380,
380 1135 416 1166 et
443 1140 538 1178 quae
564 1126 688 1163 similia
716 1124 894 1161 habentur
920 1123 1019 1173 apud
1046 1123 1199 1159 Paulum
1225 1124 1425 1161 Diaconum
1453 1136 1490 1173 p.
1505 1125 1570 1170 87,

125 1195 172 1228 18
186 1193 252 1238 M.,
278 1191 426 1226 Festum
455 1203 490 1239 p.
508 1190 570 1236 66,
594 1186 873 1232 10—17Vrs,‚
902 1185 1058 1222 indidem
1086 1184 1240 1222 fortasse
1264 1186 1462 1222 fluxerunt:
1490 1185 1570 1221 sue-

125 1261 210 1290 runt
237 1258 360 1298 certe,
395 1252 454 1300 qui
490 1250 559 1285 iam
587 1247 733 1284 Romuli
759 1253 880 1284 aetate
907 1248 974 1284 tria
1000 1247 1250 1296 Lupercorum
1277 1247 1418 1296 agmina
1448 1246 1571 1283 trade-

128 1321 222 1362 rent,
252 1314 352 1350 uelut
377 1313 498 1348 Aelius
525 1311 676 1346 Tubero
703 1309 801 1358 apud
826 1309 1034 1358 Dionysium
1063 1309 1145 1344 Hal.
1177 1312 1213 1355 1,
1233 1310 1295 1343 80.
1348 1307 1455 1357 Apud
1482 1306 1573 1344 Oui-

126 1377 225 1414 dium
251 1387 338 1412 sane
365 1374 442 1410 Iulii
468 1373 641 1422 Luperci,
668 1383 759 1420 quos
789 1370 964 1406 nominari
991 1369 1206 1419 oportebat,
1233 1369 1367 1406 nullam
1394 1370 1440 1406 ob
1467 1369 1574 1405 aliam

128 1450 274 1475 causam
302 1437 538 1481 omittuntur,
578 1444 686 1482 quam
723 1430 821 1480 quod
848 1431 939 1468 liber
963 1430 1195 1480 imperfectus
1224 1438 1302 1479 est,
1339 1431 1388 1467 uti
1423 1429 1575 1480 posthac

130 1499 326 1547 intelliges:
365 1509 438 1546 qua
465 1508 504 1532 re
532 1492 740 1532 excusanda
765 1493 836 1529 illic
863 1506 943 1529 cum
969 1493 1038 1528 alia
1074 1499 1179 1539 sunt,
1215 1498 1290 1528 tum
1327 1492 1475 1528 molesta
1508 1492 1576 1527 ite-

132 1561 223 1597 ratio
252 1559 351 1595 uerbi
375 1556 513 1594 dabant
540 1569 574 1592 u.
597 1556 672 1591 364
698 1561 735 1591 et
760 1555 847 1592 366.
898 1553 1050 1591 Codices
1086 1554 1239 1590 alterum
1272 1555 1375 1590 abiici
1401 1552 1576 1589 distichon

132 1633 204 1659 non
241 1620 444 1670 patiuntur.
502 1615 678 1666 Leuigaui
711 1621 832 1652 tamen
870 1616 1009 1652 interim
1045 1615 1396 1662 incommoditatem,
1431 1614 1502 1651 seci
1533 1626 1579 1651 ex

132 1681 325 1731 negligenti
354 1679 516 1716 oratione
542 1678 744 1726 figuratam,
772 1677 932 1726 grauiter
958 1676 1249 1726 inter-pungendo
1275 1682 1358 1726 post
1383 1677 1482 1725 prius
1507 1674 1579 1712 da·-

132 1743 234 1790 bant,
260 1744 376 1779 leuius
403 1745 486 1790 post
511 1739 685 1775 alterum:
711 1737 779 1775 cfr.
807 1739 843 1782 4,
861 1738 956 1776 549:
985 1740 1114 1775 Noctis
1137 1743 1218 1774 erat
1242 1737 1415 1774 medium:
1440 1758 1486 1765 --
1514 1749 1580 1774 su-

135 1804 257 1849 stulit3
292 1803 332 1851 5,
346 1802 444 1840 535:
475 1801 645 1837 Greuerat
661 1812 733 1835 —:
757 1801 924 1848 sumpsit.
979 1800 1087 1843 Quae
1114 1798 1269 1836 Ouidius
1294 1801 1331 1846 4,
1347 1801 1395 1836 63
1414 1811 1470 1848 sq.
1497 1810 1582 1848 per·

136 1867 320 1916 sequitur,
357 1862 465 1900 ualde
500 1861 720 1897 conueniunt
757 1873 839 1896 cum
867 1861 931 1909 iis,
968 1872 1063 1911 quae
1088 1861 1280 1910 Dionysius
1312 1860 1421 1898 affert
1450 1872 1472 1897 e
1498 1860 1583 1903 τοῖς

137 1920 401 1976 συγγράψασι
435 1919 509 1967 τὰς
529 1916 757 1970 Ῥωμαϊκὰς
791 1917 1077 1972 ἀρχαιολογίας
1111 1923 1172 1959 lib.
1204 1927 1240 1969 1,
1266 1935 1319 1960 cc.
1338 1925 1401 1970 31,
1428 1923 1492 1970 34,
1516 1923 1582 1969 46,

139 1996 175 2026 et
202 1988 403 2024 summatim
429 1985 562 2034 repetit
588 1997 620 2021 c.
638 1986 699 2020 88.
751 1984 892 2022 Eodem
918 1984 978 2020 illa
1005 1984 1136 2031 modo,
1171 1997 1244 2034 quo
1270 1983 1369 2033 apud
1396 1983 1583 2030 Ouidium,

139 2051 297 2087 extitisse
334 2047 433 2098 apud
469 2046 669 2083 Varronem
706 2045 813 2082 docet
846 2044 969 2094 Lydus
1004 2045 1051 2082 de
1085 2058 1204 2096 magg.
1231 2045 1255 2083 l.
1274 2050 1312 2093 1,
1337 2058 1368 2082 c.
1393 2046 1432 2093 5,
1458 2057 1496 2095 p.
1522 2046 1582 2081 18.

142 2110 402 2160 interposuisse
429 2114 577 2158 poetam
604 2107 777 2144 nonnulla
803 2119 847 2144 ex
875 2107 1036 2153 Catone,
1064 2108 1163 2143 cuius
1191 2105 1379 2154 Origiuu'm
1405 2103 1584 2142 secundus

141 2180 178 2208 et
204 2171 330 2207 tertius
358 2170 448 2206 liber
474 2168 696 2214 continebat,
721 2166 815 2204 unde
840 2180 999 2217 quaeque
1026 2170 1156 2204 ciuitas
1180 2171 1263 2203 orta
1288 2170 1379 2202 esset
1398 2167 1436 2202 in
1455 2165 1585 2210 Italia,

141 2245 186 2270 ex
205 2233 349 2281 Hygino
375 2231 423 2267 de
450 2231 596 2266 urbibus
623 2229 762 2277 ltaliae,
789 2241 835 2266 ex
861 2230 1032 2267 Cornelio
1054 2229 1208 2266 Sisenna
1234 2234 1271 2264 et
1295 2227 1483 2273 Sallustio,
1509 2226 1584 2263 uid.

142 2294 249 2331 Seru.
277 2293 323 2329 ad
352 2294 442 2330 Aen.
472 2295 509 2338 1,
536 2292 631 2338 242,
659 2290 756 2327 unde
781 2291 936 2340 plurima
961 2291 1130 2340 Virgilius
1155 2290 1242 2327 libb.
1269 2291 1294 2325 7
1319 2295 1356 2326 et
1384 2292 1427 2325 11
1457 2288 1586 2341 Aenei-

142 2354 209 2390 dos
235 2355 408 2402 sumpsit,
436 2358 604 2403 apparet.
657 2351 753 2388 Sunt
778 2352 979 2402 quaedam,
1014 2363 1109 2401 quae
1135 2363 1207 2387 non
1233 2349 1325 2386 adeo
1354 2350 1589 2386 conuenirent

144 2414 241 2465 apud
271 2413 442 2451 Ouidium
471 2421 508 2451 et
534 2414 644 2457 alios,
672 2413 738 2448 nisi
766 2425 810 2449 ex
835 2414 1015 2450 communi
1041 2412 1179 2462 origine
1204 2416 1468 2460 repeterentur,
1494 2422 1590 2460 quae

143 2483 266 2512 tamen
292 2476 491 2524 ignoratur.
544 2475 597 2512 Ita
624 2474 807 2511 historiam
828 2474 875 2512 de
897 2475 1096 2512 tibicinibus
1117 2474 1152 2509 T
1154 2472 1316 2509 iburtinis
1337 2473 1373 2516 6,
1388 2473 1591 2509 657--690

145 2538 305 2573 inuenies
331 2537 429 2585 apud
455 2535 688 2573 Plutarchum
715 2543 856 2586 quaest.
887 2537 996 2574 Rom.
1023 2549 1055 2571 c.
1073 2535 1144 2580 55,
1171 2545 1243 2569 non
1271 2533 1395 2583 utique
1427 2545 1471 2570 ex
1498 2531 1590 2570 Oui-

145 2598 217 2642 dio,
245 2605 284 2634 ut
310 2605 412 2647 puto.
456 2598 512 2633 De
539 2609 663 2646 regum
684 2598 905 2634 Albanorum
931 2602 1119 2634 stemmate
1144 2593 1242 2643 apud
1269 2593 1344 2631 Ou.
1366 2596 1405 2641 4,
1425 2593 1590 2640 37—54,

144 2657 357 2707 Dionysium
386 2663 421 2706 l,
442 2661 504 2707 70,
523 2661 585 2705 71,
613 2659 757 2694 Liuium
788 2662 822 2706 1,
846 2662 883 2707 3,
910 2657 1031 2695 Ouidii
1058 2662 1202 2692 metam.
1233 2656 1295 2704 14,
1316 2656 1508 2692 609-22
1532 2665 1590 2692 se·
