1685 2954
699 88 865 117 APRILIS
1406 92 1512 125 xmx

61 187 198 223 nullam
225 186 330 223 aliam
356 186 402 222 ob
429 195 573 221 causam
601 185 696 222 inter
711 186 977 225 Armilustrium
1004 194 1042 226 et
1068 188 1278 227 Saturnalia
1297 189 1512 242 Septimon-

61 248 150 285 tium
177 250 353 285 omittitur
385 252 422 282 et
453 253 537 294 post
564 247 677 284 totius
712 248 796 284 anni
830 248 974 285 demum
1002 250 1111 288 ferias
1137 251 1346 301 subiicitur,
1380 254 1512 293 additis

59 310 118 346 his
145 311 284 346 uerbis:
309 307 424 354 feriae
447 319 520 344 uon
545 308 692 357 populi,
718 308 781 345 sed
805 315 1059 348 montanorum
1082 311 1212 360 modo,
1238 318 1279 350 ut
1304 316 1513 364 Payanalia

58 373 107 408 iis
132 374 192 420 qui
216 374 300 408 sunt
326 369 506 417 aliquoius
530 371 629 418 pugi.
684 370 994 420 Hortulanorum,
1032 374 1108 410 siue
1141 375 1310 412 olitorum
1341 377 1512 415 uetustis-

59 433 149 469 sima
175 442 260 468 saue
281 429 432 467 Veneris
460 430 622 467 adoratio
651 438 741 476 erat,
770 432 844 469 uid.
871 434 1031 483 interpp.
1053 434 1100 470 ad
1123 435 1229 473 Paul.
1249 449 1278 473 s.
1299 450 1335 474 u.
1367 439 1513 489 Gomnm,

59 500 164 530 erant
188 499 306 529 tamen
333 492 385 528 illi
410 504 495 542 pars
522 495 650 542 exigua
677 494 830 543 populi,
858 505 948 541 nec,
975 501 1015 531 ut
1040 501 1157 544 puto,
1186 498 1328 546 urbani,
1353 499 1417 537 sed
1442 513 1511 551 pa-

58 556 142 605 gani
166 554 346 601 homines,
374 553 669 604 quandoquidem
700 567 826 591 eorum
851 555 966 592 feriae
991 558 1148 592 rusticae
1173 559 1382 606 appellatae
1407 568 1505 599 sunt.

57 617 154 653 Num
181 617 270 652 certi
297 616 448 652 alicuius
475 617 561 665 pagi
582 615 732 663 suerint,
760 617 821 666 qui
843 615 967 652 hortos
991 617 1167 666 plurimos
1187 619 1366 668 habuerit,
1393 621 1513 660 fateor

54 677 142 715 mihi
167 677 316 714 dubium
343 690 436 725 esse,
464 690 684 727 quamquam
706 679 806 715 Festi
832 679 945 714 uerba
967 679 1000 714 ei
1022 681 1216 729 suspicioni
1240 680 1379 718 fauent.
1417 682 1511 720 Vtut

57 745 137 787 est,
165 740 303 777 litteras
326 739 422 776 F.P
448 740 484 775 in
513 740 639 775 tabula
667 739 851 776 Mafleana
887 741 1107 788 interpretor
1132 741 1248 787 ferias
1271 754 1511 790 pa9mtorum.

53 801 96 838 Si
132 801 347 837 coniicerem
383 801 544 836 tabulam
572 801 819 849 Maffeanam,
856 814 951 851 qnae
987 808 1080 839 teste
1106 803 1284 852 Fogginio
1310 816 1350 852 p.
1366 805 1415 841 99
1442 805 1513 843 fuit

53 863 249 912 aliquando
274 864 312 898 in
338 862 478 910 palatio
499 865 723 900 Famesiano
749 863 798 900 ad
822 864 996 911 Campum
1024 864 1167 908 Florae,
1194 871 1376 913 repertam
1401 866 1511 903 etiam

53 937 133 962 esse
166 925 203 960 iu
240 936 284 960 ea
318 925 450 961 uicinia
483 930 520 961 et
558 925 644 960 olim
682 925 903 973 propositam
930 924 1041 961 fuisse
1076 926 1112 961 in
1146 938 1251 962 usum
1278 938 1507 975 paganorum

0 979 1 985 ¹
53 988 166 1024 Collis
200 986 459 1032 Hortulorum,
495 986 581 1034 quia
618 986 653 1021 in
692 986 788 1022 tituli
826 986 1017 1022 maximam
1055 992 1197 1036 partem
1233 988 1354 1024 amissi
1388 976 1508 1038 primo

54 1062 162 1086 uersu
188 1049 326 1097 syllaba
354 1046 482 1083 COL.
503 1073 512 1082 .
533 1073 543 1083 .
570 1052 689 1091 extet,
729 1058 801 1097 qua
836 1048 874 1083 in
911 1048 1059 1097 regione
1095 1049 1221 1098 templi
1258 1049 1391 1087 rudera
1425 1056 1511 1088 sunt

53 1116 200 1160 reperta
226 1115 262 1145 et
287 1109 402 1158 lapis,
437 1110 474 1144 in
501 1120 574 1158 quo
602 1109 748 1144 nomina
775 1108 1002 1146 aedituorum
1033 1112 1180 1147 Veneris
1206 1110 1392 1148 hortorum
1418 1112 1510 1149 Sal-

50 1171 293 1208 lustinum-um
318 1170 516 1218 leguntur,
552 1170 628 1206 uid.
657 1169 838 1218 Nardini,
875 1171 995 1207 Roma
1024 1177 1098 1208 ant.
1127 1171 1185 1208 ed.
1213 1178 1334 1221 quart.
1362 1173 1399 1209 di
1424 1174 1509 1210 Ant.

50 1234 187 1282 Nibby,
210 1236 248 1280 3,
277 1244 313 1281 p.
335 1233 384 1267 95
408 1244 488 1281 sq.;
516 1231 562 1267 ad
591 1231 625 1267 id
654 1232 763 1280 igitur
788 1233 981 1282 templum,
1008 1232 1163 1269 sortasse
1188 1234 1380 1282 aliquoties
1406 1236 1512 1272 resti-

50 1301 184 1342 tutum,
210 1294 429 1343 pertinuisse
450 1292 592 1330 Vinalia
619 1294 835 1342 posteriora,
864 1307 958 1344 quae
982 1295 1135 1331 Rustica
1162 1294 1291 1331 eodem
1318 1295 1427 1332 modo
1453 1296 1511 1333 di-

50 1362 193 1404 cantur,
220 1362 330 1404 atque
356 1354 456 1405 apud
483 1355 687 1392 Martialem
714 1355 751 1403 5,
779 1359 841 1401 22,
868 1358 893 1392 4
917 1358 1056 1394 rustica
1083 1356 1209 1404 Flora,
1236 1356 1436 1394 hariolarer
1461 1358 1508 1395 ad

49 1418 370 1467 archaeologorum
399 1417 639 1467 quorumdam
666 1429 817 1454 morem.
845 1440 894 1445 -—
919 1417 1009 1455 Post
1034 1418 1181 1456 Vinalia
1206 1419 1243 1454 in
1269 1419 1509 1469 Robigalibus

50 1492 134 1517 cum
160 1480 284 1516 tabula
304 1478 491 1516 Maffeana
511 1481 690 1517 consentit
709 1479 866 1517 Ouidius
894 1486 931 1516 et
957 1479 1110 1530 pulchre
1135 1480 1337 1517 illustratur
1357 1494 1379 1517 a
1396 1480 1510 1518 Prae-

48 1542 202 1578 nestina.
229 1561 281 1568 —-
314 1542 377 1577 llll
404 1541 491 1580 Kal.
520 1554 605 1578 num
633 1548 718 1579 nota
745 1542 813 1578 NP
842 1543 944 1579 binas
969 1543 1079 1579 serias
1108 1543 1144 1578 in
1171 1542 1293 1592 lapide
1319 1541 1507 1580 Maffeano

48 1602 207 1650 indicet,
235 1602 539 1652 quemadmodum
566 1604 607 1641 fit
632 1606 667 1641 in
695 1604 946 1652 Praenestino,
971 1604 1240 1641 dedicationem
1267 1605 1394 1653 templi
1418 1604 1509 1641 Flo·

49 1675 115 1700 rae
135 1671 172 1700 et
193 1664 327 1700 Vestae
352 1666 604 1714 migrationem
631 1666 667 1701 in
693 1667 883 1716 palatium,
912 1666 1009 1704 haud
1038 1666 1202 1704 dixerim.
1250 1665 1353 1701 Nihil
1380 1664 1426 1702 de
1455 1664 1509 1701 his

49 1724 148 1762 seriis
174 1725 285 1762 habet
309 1726 428 1762 Varro
455 1728 493 1774 6,
515 1728 579 1762 16.
627 1728 673 1763 At
691 1728 890 1764 Muellerus
916 1741 953 1766 u.
975 1729 1020 1765 cl.
1050 1735 1226 1778 utrasque
1253 1725 1401 1763 affuisse
1422 1724 1509 1763 olim

51 1785 225 1832 affirmat,
252 1797 273 1821 a
299 1786 451 1822 librariis
477 1800 558 1823 cum
587 1788 666 1823 aliis
693 1789 909 1837 quibusdam
938 1791 1067 1826 omissa
1094 1801 1188 1837 esse,
1217 1788 1303 1838 quia
1329 1800 1352 1823 a
1372 1788 1510 1825 Vestae

49 1859 153 1883 sacro
180 1846 250 1883 hoc
282 1854 406 1883 nostro
434 1848 479 1883 ad
507 1849 660 1884 alterum
688 1848 722 1884 V
749 1849 802 1885 Id.
831 1850 910 1886 Iun.
941 1851 1185 1886 aberrassent.
1238 1849 1295 1884 De
1322 1848 1390 1884 hac
1416 1861 1509 1898 quo-

49 1921 123 1959 que
159 1920 199 1945 re
231 1909 404 1945 maiorem
441 1911 476 1946 in
515 1909 663 1946 modum
698 1908 838 1946 dubito.
890 1910 1052 1946 Primum
1089 1912 1234 1947 minime
1269 1916 1411 1947 constat
1446 1916 1511 1947 aut

48 1971 268 2018 Varronem,
297 1978 359 2007 aut
386 1970 577 2018 Ouidium,
604 1977 668 2008 aut
694 1976 880 2007 auctorem
907 1970 1082 2008 fastorum
1105 1972 1373 2009 Maffeanorum
1398 1971 1508 2008 ferias

47 2032 234 2079 Florales,
268 2033 328 2068 uel
355 2033 482 2082 templi
509 2033 585 2069 eius
620 2032 889 2068 dedicationem
915 2032 984 2069 hoc
1009 2046 1136 2070 mense
1162 2034 1320 2071 nouisse.
1373 2033 1405 2069 F
1409 2035 1507 2071 eriae

47 2106 70 2131 a
89 2094 260 2131 Varrone
286 2100 478 2130 enarratae
503 2094 620 2130 solent
640 2083 780 2142 magnis
807 2093 934 2129 litteris
960 2095 996 2130 in
1024 2095 1149 2130 tabula
1173 2101 1294 2132 nostra
1315 2096 1509 2144 perscribi.

47 2155 168 2193 Verrii
193 2155 323 2191 lemma
350 2155 385 2190 in
412 2154 514 2191 fastis
534 2155 779 2190 Praenestinis
806 2160 927 2203 potest
955 2154 1085 2191 referri
1115 2155 1160 2191 ad
1188 2157 1363 2206 templum
1390 2168 1413 2193 a
1437 2157 1472 2192 T
1475 2157 1506 2193 i-

46 2217 148 2253 berio
176 2228 271 2252 anno
299 2216 344 2252 V.
366 2217 410 2252 C.
437 2219 512 2252 770
538 2217 756 2259 restitutum,
785 2216 860 2251 uid.
889 2216 1010 2252 Tacit.
1039 2228 1125 2252 ann.
1153 2221 1190 2264 2,
1207 2219 1269 2254 49.
1322 2218 1506 2261 Quoniam

46 2284 168 2314 tamen
197 2278 339 2327 pristini
364 2278 492 2327 templi
518 2278 698 2314 dedicatio
725 2278 770 2313 ab
799 2277 958 2323 Ouidio,
986 2279 1093 2314 etiam
1120 2279 1150 2314 si
1175 2280 1299 2327 nouit,
1326 2280 1365 2315 in
1392 2291 1507 2329 opere
1557 2305 1562 2312 -

45 2339 261 2389 imperfecto
289 2341 403 2377 omitti
429 2339 564 2389 potuit,
593 2351 710 2388 eaque
729 2338 775 2374 ad
797 2339 998 2375 Varronem
1027 2340 1113 2375 nihil
1140 2341 1312 2389 pertinet,
1338 2341 1375 2376 in
1402 2340 1505 2378 fastis

45 2400 150 2438 Maff.
180 2413 268 2437 uero
295 2407 420 2437 notata
448 2412 526 2436 esse
552 2405 696 2450 potest,
725 2400 815 2436 nihil
842 2400 995 2437 definio:
1031 2400 1140 2437 modo
1166 2400 1253 2437 illud
1280 2402 1317 2437 in
1344 2402 1506 2438 animum

45 2474 93 2500 ne
118 2462 317 2499 induxisset
344 2462 562 2498 clarissimus
588 2462 785 2498 Muellerus
801 2488 813 2509 ,
842 2461 976 2499 Vestae
1002 2474 1170 2509 sacrum,
1195 2463 1293 2511 quod
1321 2470 1421 2500 certe
1447 2465 1505 2500 in-

47 2522 189 2560 dicatur
213 2525 250 2560 in
277 2523 380 2560 fastis
410 2523 530 2571 Maff„
559 2537 580 2561 a
605 2524 774 2560 Varrone
801 2525 921 2560 notari
946 2523 1110 2573 potuisse
1137 2523 1196 2560 uel
1221 2523 1405 2563 debuisse.
1447 2524 1507 2561 De

48 2595 94 2621 eo
119 2597 221 2622 sacro
249 2592 417 2622 auctores
453 2599 559 2635 quos·
580 2586 750 2632 ascribit,
789 2583 947 2621 Ouidius
970 2591 1010 2620 et
1035 2584 1207 2632 Verrius,
1235 2585 1394 2634 docent,
1428 2585 1504 2623 Ve-

49 2650 128 2681 stae
161 2646 289 2683 aedem
325 2640 529 2685 dedicatam
565 2648 602 2684 in
640 2646 760 2684 domu‘
779 2647 931 2696 Augusti
964 2646 1134 2690 Quirinio
1173 2653 1210 2684 et
1244 2647 1374 2697 Valgio
1413 2658 1526 2684 coss.-

99 2718 158 2750 Ou.
177 2718 269 2751 Fasti.
289 2719 409 2759 Proleg.
1154 2708 1187 2744 D
