<?xml version="1.0" encoding="UTF-8"?>
<!DOCTYPE html PUBLIC "-//W3C//DTD XHTML 1.0 Transitional//EN"
    "http://www.w3.org/TR/xhtml1/DTD/xhtml1-transitional.dtd">
<html xmlns="http://www.w3.org/1999/xhtml" xml:lang="en" lang="en">
 <head>
  <title>
</title>
<meta http-equiv="Content-Type" content="text/html;charset=utf-8" />
  <meta name='ocr-system' content='tesseract 3.04.00' />
  <meta name='ocr-capabilities' content='ocr_page ocr_carea ocr_par ocr_line ocrx_word'/>
</head>
<body>
  <div class='ocr_page' id='page_1' title='image "./fastorumlibrisex00oviduoft_0154.png"; bbox 0 0 1685 2954; ppageno 0'>
   <div class='ocr_carea' id='block_1_1' title="bbox 133 83 1090 118">
    <p class='ocr_par' dir='ltr' id='par_1_1' title="bbox 133 83 1090 118">
     <span class='ocr_line' id='line_1_1' title="bbox 133 83 1090 118; baseline -0.003 0"><span class='ocrx_word' id='word_1_1' title='bbox 133 87 262 118; x_wconf 78' lang='lat' dir='ltr'>chvr</span> <span class='ocrx_word' id='word_1_2' title='bbox 618 85 676 113; x_wconf 67' lang='lat' dir='ltr'>Dr:</span> <span class='ocrx_word' id='word_1_3' title='bbox 705 83 826 114; x_wconf 82' lang='lat' dir='ltr'>Locls</span> <span class='ocrx_word' id='word_1_4' title='bbox 856 83 1090 115; x_wconf 80' lang='lat' dir='ltr'>RELIGIOSIS</span> 
     </span>
    </p>
   </div>
   <div class='ocr_carea' id='block_1_2' title="bbox 132 176 1589 2443">
    <p class='ocr_par' dir='ltr' id='par_1_2' title="bbox 132 176 1589 1401">
     <span class='ocr_line' id='line_1_2' title="bbox 133 176 1579 235; baseline -0.001 -10"><span class='ocrx_word' id='word_1_5' title='bbox 133 181 218 235; x_wconf 79' lang='grc' dir='ltr'><strong>τόν,</strong></span> <span class='ocrx_word' id='word_1_6' title='bbox 248 182 289 231; x_wconf 77' lang='grc' dir='ltr'>ἐς</span> <span class='ocrx_word' id='word_1_7' title='bbox 313 179 338 223; x_wconf 78' lang='grc' dir='ltr'>ὃ</span> <span class='ocrx_word' id='word_1_8' title='bbox 365 179 541 222; x_wconf 78' lang='grc' dir='ltr'><strong><em>εῗλκυσέν</em></strong></span> <span class='ocrx_word' id='word_1_9' title='bbox 563 194 605 220; x_wconf 82' lang='grc' dir='ltr'>τε</span> <span class='ocrx_word' id='word_1_10' title='bbox 626 181 693 220; x_wconf 80' lang='grc' dir='ltr'>καὶ</span> <span class='ocrx_word' id='word_1_11' title='bbox 721 181 911 233; x_wconf 73' lang='grc' dir='ltr'>ἐπέβαλεν</span> <span class='ocrx_word' id='word_1_12' title='bbox 939 183 1002 222; x_wconf 80' lang='grc' dir='ltr'>ἐπὶ</span> <span class='ocrx_word' id='word_1_13' title='bbox 1029 184 1101 223; x_wconf 78' lang='grc' dir='ltr'>τοῦ</span> <span class='ocrx_word' id='word_1_14' title='bbox 1124 176 1376 228; x_wconf 79' lang='grc' dir='ltr'><strong><em>Ἐτεοκλέους</em></strong></span> <span class='ocrx_word' id='word_1_15' title='bbox 1401 181 1474 234; x_wconf 76' lang='grc' dir='ltr'>τὴν</span> <span class='ocrx_word' id='word_1_16' title='bbox 1501 198 1579 223; x_wconf 84' lang='grc' dir='ltr'>πυ-</span> 
     </span>
     <span class='ocr_line' id='line_1_3' title="bbox 133 243 1581 298; baseline 0.001 -13"><span class='ocrx_word' id='word_1_17' title='bbox 133 243 223 298; x_wconf 81' lang='grc' dir='ltr'><em>ράν.</em></span> <span class='ocrx_word' id='word_1_18' title='bbox 277 246 389 283; x_wconf 85' lang='lat' dir='ltr'>Aliter</span> <span class='ocrx_word' id='word_1_19' title='bbox 417 251 539 282; x_wconf 90' lang='lat' dir='ltr'>tamen</span> <span class='ocrx_word' id='word_1_20' title='bbox 567 245 688 294; x_wconf 85' lang='lat' dir='ltr'>Soph.</span> <span class='ocrx_word' id='word_1_21' title='bbox 714 246 863 285; x_wconf 79' lang='lat' dir='ltr'>Ant.·u.</span> <span class='ocrx_word' id='word_1_22' title='bbox 881 248 956 284; x_wconf 89' lang='grc'>258</span> <span class='ocrx_word' id='word_1_23' title='bbox 982 247 1091 284; x_wconf 85' lang='lat' dir='ltr'>Dind.</span> <span class='ocrx_word' id='word_1_24' title='bbox 1142 244 1284 283; x_wconf 88' lang='lat' dir='ltr'>Deinde</span> <span class='ocrx_word' id='word_1_25' title='bbox 1319 258 1581 286; x_wconf 84' lang='lat' dir='ltr'>commemora-</span> 
     </span>
     <span class='ocr_line' id='line_1_4' title="bbox 133 304 1581 358; baseline -0.001 -11"><span class='ocrx_word' id='word_1_26' title='bbox 133 310 186 347; x_wconf 89' lang='lat' dir='ltr'>uit</span> <span class='ocrx_word' id='word_1_27' title='bbox 211 308 360 358; x_wconf 87' lang='lat' dir='ltr'>impium</span> <span class='ocrx_word' id='word_1_28' title='bbox 389 306 535 342; x_wconf 84' lang='lat' dir='ltr'>Tulliae</span> <span class='ocrx_word' id='word_1_29' title='bbox 561 304 700 343; x_wconf 80' lang='lat' dir='ltr'>facinus</span> <span class='ocrx_word' id='word_1_30' title='bbox 729 308 765 345; x_wconf 91' lang='lat' dir='ltr'>in</span> <span class='ocrx_word' id='word_1_31' title='bbox 792 308 972 346; x_wconf 84' lang='lat' dir='ltr'>cadauere</span> <span class='ocrx_word' id='word_1_32' title='bbox 998 316 1154 358; x_wconf 88' lang='lat' dir='ltr'>paterno</span> <span class='ocrx_word' id='word_1_33' title='bbox 1181 307 1449 357; x_wconf 76' lang='lat' dir='ltr'>proculcanda,</span> <span class='ocrx_word' id='word_1_34' title='bbox 1483 308 1581 358; x_wconf 90' lang='lat' dir='ltr'>quod</span> 
     </span>
     <span class='ocr_line' id='line_1_5' title="bbox 132 366 1581 415; baseline -0.001 -7"><span class='ocrx_word' id='word_1_35' title='bbox 132 371 218 408; x_wconf 87' lang='lat' dir='ltr'>item</span> <span class='ocrx_word' id='word_1_36' title='bbox 245 380 375 405; x_wconf 86' lang='lat' dir='ltr'>nomen</span> <span class='ocrx_word' id='word_1_37' title='bbox 403 367 483 403; x_wconf 90' lang='lat' dir='ltr'>loco</span> <span class='ocrx_word' id='word_1_38' title='bbox 510 366 648 404; x_wconf 82' lang='lat' dir='ltr'>indidit.</span> <span class='ocrx_word' id='word_1_39' title='bbox 692 368 723 405; x_wconf 85' lang='lat' dir='ltr'>ls</span> <span class='ocrx_word' id='word_1_40' title='bbox 749 369 848 406; x_wconf 88' lang='lat' dir='ltr'>locus</span> <span class='ocrx_word' id='word_1_41' title='bbox 876 370 1087 407; x_wconf 82' lang='lat' dir='ltr'>describitur</span> <span class='ocrx_word' id='word_1_42' title='bbox 1107 372 1152 407; x_wconf 85' lang='lat' dir='ltr'>ab</span> <span class='ocrx_word' id='word_1_43' title='bbox 1172 369 1305 407; x_wconf 85' lang='lat' dir='ltr'>Ouidio</span> <span class='ocrx_word' id='word_1_44' title='bbox 1321 369 1358 415; x_wconf 88' lang='grc'><strong>6,</strong></span> <span class='ocrx_word' id='word_1_45' title='bbox 1372 371 1581 407; x_wconf 71' lang='lat' dir='ltr'>ool-610.</span> 
     </span>
     <span class='ocr_line' id='line_1_6' title="bbox 132 428 1582 479; baseline -0.001 -11"><span class='ocrx_word' id='word_1_46' title='bbox 132 433 219 468; x_wconf 88' lang='lat' dir='ltr'>Fuit</span> <span class='ocrx_word' id='word_1_47' title='bbox 245 431 342 466; x_wconf 87' lang='lat' dir='ltr'>inter</span> <span class='ocrx_word' id='word_1_48' title='bbox 366 428 546 478; x_wconf 84' lang='lat' dir='ltr'>Esquilias</span> <span class='ocrx_word' id='word_1_49' title='bbox 574 435 610 464; x_wconf 89' lang='lat' dir='ltr'>et</span> <span class='ocrx_word' id='word_1_50' title='bbox 635 428 808 479; x_wconf 83' lang='lat' dir='ltr'>Cyprium</span> <span class='ocrx_word' id='word_1_51' title='bbox 834 432 965 478; x_wconf 90' lang='lat' dir='ltr'>uicum,</span> <span class='ocrx_word' id='word_1_52' title='bbox 993 431 1112 468; x_wconf 83' lang='lat' dir='ltr'>Varro</span> <span class='ocrx_word' id='word_1_53' title='bbox 1137 431 1183 467; x_wconf 90' lang='lat' dir='ltr'>de</span> <span class='ocrx_word' id='word_1_54' title='bbox 1209 431 1234 467; x_wconf 88' lang='lat' dir='ltr'>l.</span> <span class='ocrx_word' id='word_1_55' title='bbox 1262 431 1285 467; x_wconf 91' lang='lat' dir='ltr'>l.</span> <span class='ocrx_word' id='word_1_56' title='bbox 1314 431 1352 476; x_wconf 99' lang='lat'>5,</span> <span class='ocrx_word' id='word_1_57' title='bbox 1379 430 1471 466; x_wconf 82' lang='lat'>159:</span> <span class='ocrx_word' id='word_1_58' title='bbox 1499 430 1582 467; x_wconf 87' lang='lat' dir='ltr'>olim</span> 
     </span>
     <span class='ocr_line' id='line_1_7' title="bbox 132 489 1582 540; baseline -0.001 -11"><span class='ocrx_word' id='word_1_59' title='bbox 132 491 331 530; x_wconf 90' lang='lat' dir='ltr'>secundum</span> <span class='ocrx_word' id='word_1_60' title='bbox 358 489 536 540; x_wconf 89' lang='lat' dir='ltr'>quosdam</span> <span class='ocrx_word' id='word_1_61' title='bbox 563 489 677 526; x_wconf 90' lang='lat' dir='ltr'>dictus</span> <span class='ocrx_word' id='word_1_62' title='bbox 705 489 840 528; x_wconf 85' lang='lat' dir='ltr'>Orbius</span> <span class='ocrx_word' id='word_1_63' title='bbox 869 492 981 538; x_wconf 86' lang='lat' dir='ltr'>uicus,</span> <span class='ocrx_word' id='word_1_64' title='bbox 1010 491 1083 529; x_wconf 87' lang='lat' dir='ltr'>uid.</span> <span class='ocrx_word' id='word_1_65' title='bbox 1112 492 1236 530; x_wconf 85' lang='lat' dir='ltr'>Reisk.</span> <span class='ocrx_word' id='word_1_66' title='bbox 1258 492 1305 529; x_wconf 87' lang='lat' dir='ltr'>ad</span> <span class='ocrx_word' id='word_1_67' title='bbox 1331 492 1479 540; x_wconf 81' lang='lat' dir='ltr'>Dionys.</span> <span class='ocrx_word' id='word_1_68' title='bbox 1501 491 1582 528; x_wconf 85' lang='lat' dir='ltr'>Hal.</span> 
     </span>
     <span class='ocr_line' id='line_1_8' title="bbox 132 552 1584 604; baseline 0 -14"><span class='ocrx_word' id='word_1_69' title='bbox 132 556 170 600; x_wconf 84' lang='lat'>4,</span> <span class='ocrx_word' id='word_1_70' title='bbox 187 556 236 592; x_wconf 79' lang='grc'>39</span> <span class='ocrx_word' id='word_1_71' title='bbox 254 553 330 598; x_wconf 68' lang='lat' dir='ltr'>fin„</span> <span class='ocrx_word' id='word_1_72' title='bbox 357 553 458 588; x_wconf 89' lang='lat' dir='ltr'>Fest.</span> <span class='ocrx_word' id='word_1_73' title='bbox 487 564 524 600; x_wconf 88' lang='lat' dir='ltr'>p.</span> <span class='ocrx_word' id='word_1_74' title='bbox 543 553 630 598; x_wconf 88' lang='lat'>182,</span> <span class='ocrx_word' id='word_1_75' title='bbox 650 555 695 588; x_wconf 89' lang='lat'>21</span> <span class='ocrx_word' id='word_1_76' title='bbox 716 553 800 599; x_wconf 86' lang='lat' dir='ltr'>sin.,</span> <span class='ocrx_word' id='word_1_77' title='bbox 828 552 887 589; x_wconf 86' lang='lat' dir='ltr'>ubi</span> <span class='ocrx_word' id='word_1_78' title='bbox 914 553 1072 602; x_wconf 82' lang='lat' dir='ltr'>priorem</span> <span class='ocrx_word' id='word_1_79' title='bbox 1096 567 1242 604; x_wconf 89' lang='lat' dir='ltr'>quoque</span> <span class='ocrx_word' id='word_1_80' title='bbox 1269 560 1410 604; x_wconf 84' lang='lat' dir='ltr'>partem</span> <span class='ocrx_word' id='word_1_81' title='bbox 1437 553 1584 603; x_wconf 87' lang='lat' dir='ltr'>supple-</span> 
     </span>
     <span class='ocr_line' id='line_1_9' title="bbox 132 612 1586 666; baseline -0.001 -14"><span class='ocrx_word' id='word_1_82' title='bbox 132 615 246 652; x_wconf 89' lang='lat' dir='ltr'>menti</span> <span class='ocrx_word' id='word_1_83' title='bbox 275 613 457 653; x_wconf 88' lang='lat' dir='ltr'>Vrsiniani</span> <span class='ocrx_word' id='word_1_84' title='bbox 495 625 567 650; x_wconf 92' lang='lat' dir='ltr'>non</span> <span class='ocrx_word' id='word_1_85' title='bbox 604 612 714 649; x_wconf 87' lang='lat' dir='ltr'>credo</span> <span class='ocrx_word' id='word_1_86' title='bbox 741 614 982 663; x_wconf 81' lang='lat' dir='ltr'>aptissimam3</span> <span class='ocrx_word' id='word_1_87' title='bbox 1018 615 1115 664; x_wconf 85' lang='lat' dir='ltr'>quod</span> <span class='ocrx_word' id='word_1_88' title='bbox 1143 616 1228 665; x_wconf 87' lang='lat' dir='ltr'>quia</span> <span class='ocrx_word' id='word_1_89' title='bbox 1262 616 1376 666; x_wconf 87' lang='lat' dir='ltr'>quiuis</span> <span class='ocrx_word' id='word_1_90' title='bbox 1411 615 1586 663; x_wconf 82' lang='lat' dir='ltr'>intelliget</span> 
     </span>
     <span class='ocr_line' id='line_1_10' title="bbox 133 674 1584 726; baseline -0.002 -12"><span class='ocrx_word' id='word_1_91' title='bbox 133 683 171 714; x_wconf 89' lang='lat' dir='ltr'>et</span> <span class='ocrx_word' id='word_1_92' title='bbox 197 676 381 714; x_wconf 83' lang='lat' dir='ltr'>emendari</span> <span class='ocrx_word' id='word_1_93' title='bbox 408 681 530 725; x_wconf 88' lang='lat' dir='ltr'>potest</span> <span class='ocrx_word' id='word_1_94' title='bbox 557 675 695 725; x_wconf 82' lang='lat' dir='ltr'>aliquot</span> <span class='ocrx_word' id='word_1_95' title='bbox 720 674 859 722; x_wconf 89' lang='lat' dir='ltr'>modis,</span> <span class='ocrx_word' id='word_1_96' title='bbox 899 686 968 711; x_wconf 93' lang='lat' dir='ltr'>nec</span> <span class='ocrx_word' id='word_1_97' title='bbox 995 675 1041 711; x_wconf 87' lang='lat' dir='ltr'>ad</span> <span class='ocrx_word' id='word_1_98' title='bbox 1068 675 1161 713; x_wconf 84' lang='lat' dir='ltr'>hanc</span> <span class='ocrx_word' id='word_1_99' title='bbox 1188 689 1262 713; x_wconf 88' lang='lat' dir='ltr'>rem</span> <span class='ocrx_word' id='word_1_100' title='bbox 1290 678 1471 726; x_wconf 83' lang='lat' dir='ltr'>pertinet,</span> <span class='ocrx_word' id='word_1_101' title='bbox 1507 686 1584 712; x_wconf 86' lang='lat' dir='ltr'>ma-</span> 
     </span>
     <span class='ocr_line' id='line_1_11' title="bbox 132 736 1587 785; baseline -0.003 -10"><span class='ocrx_word' id='word_1_102' title='bbox 132 751 221 776; x_wconf 89' lang='lat' dir='ltr'>num</span> <span class='ocrx_word' id='word_1_103' title='bbox 247 738 433 774; x_wconf 86' lang='lat' dir='ltr'>abstineo:</span> <span class='ocrx_word' id='word_1_104' title='bbox 478 736 623 774; x_wconf 73' lang='lat' dir='ltr'>Virbius</span> <span class='ocrx_word' id='word_1_105' title='bbox 660 743 780 772; x_wconf 88' lang='lat' dir='ltr'>tamen</span> <span class='ocrx_word' id='word_1_106' title='bbox 816 736 916 772; x_wconf 91' lang='lat' dir='ltr'>uicus</span> <span class='ocrx_word' id='word_1_107' title='bbox 942 737 1148 785; x_wconf 73' lang='lat' dir='ltr'>appellatur</span> <span class='ocrx_word' id='word_1_108' title='bbox 1174 749 1195 774; x_wconf 88' lang='lat' dir='ltr'>a</span> <span class='ocrx_word' id='word_1_109' title='bbox 1222 738 1325 773; x_wconf 85' lang='lat' dir='ltr'>Liuio</span> <span class='ocrx_word' id='word_1_110' title='bbox 1355 740 1390 783; x_wconf 91' lang='lat'>1,</span> <span class='ocrx_word' id='word_1_111' title='bbox 1411 738 1483 782; x_wconf 87' lang='lat'>48,</span> <span class='ocrx_word' id='word_1_112' title='bbox 1519 747 1587 772; x_wconf 89' lang='lat' dir='ltr'>nec</span> 
     </span>
     <span class='ocr_line' id='line_1_12' title="bbox 133 795 1586 836; baseline -0.003 0"><span class='ocrx_word' id='word_1_113' title='bbox 133 799 245 836; x_wconf 89' lang='lat' dir='ltr'>credo</span> <span class='ocrx_word' id='word_1_114' title='bbox 280 798 549 835; x_wconf 88' lang='lat' dir='ltr'>emendandum</span> <span class='ocrx_word' id='word_1_115' title='bbox 579 797 729 834; x_wconf 78' lang='lat' dir='ltr'>Vrbius.</span> <span class='ocrx_word' id='word_1_116' title='bbox 781 796 867 833; x_wconf 92' lang='lat' dir='ltr'>Non</span> <span class='ocrx_word' id='word_1_117' title='bbox 902 797 980 832; x_wconf 88' lang='lat' dir='ltr'>sine</span> <span class='ocrx_word' id='word_1_118' title='bbox 1015 809 1125 834; x_wconf 87' lang='lat' dir='ltr'>causa</span> <span class='ocrx_word' id='word_1_119' title='bbox 1150 799 1269 835; x_wconf 85' lang='lat' dir='ltr'>Dianii</span> <span class='ocrx_word' id='word_1_120' title='bbox 1295 797 1496 834; x_wconf 85' lang='lat' dir='ltr'>meminisse</span> <span class='ocrx_word' id='word_1_121' title='bbox 1519 795 1586 832; x_wconf 91' lang='lat' dir='ltr'>Li-</span> 
     </span>
     <span class='ocr_line' id='line_1_13' title="bbox 133 858 1586 909; baseline -0.003 -11"><span class='ocrx_word' id='word_1_122' title='bbox 133 861 214 898; x_wconf 91' lang='lat' dir='ltr'>uius</span> <span class='ocrx_word' id='word_1_123' title='bbox 252 860 409 898; x_wconf 87' lang='lat' dir='ltr'>uidetur.</span> <span class='ocrx_word' id='word_1_124' title='bbox 461 860 607 895; x_wconf 86' lang='lat' dir='ltr'>Virbius</span> <span class='ocrx_word' id='word_1_125' title='bbox 639 871 711 895; x_wconf 89' lang='lat' dir='ltr'>non</span> <span class='ocrx_word' id='word_1_126' title='bbox 743 870 886 909; x_wconf 85' lang='lat' dir='ltr'>semper</span> <span class='ocrx_word' id='word_1_127' title='bbox 922 870 990 908; x_wconf 91' lang='lat' dir='ltr'>pro</span> <span class='ocrx_word' id='word_1_128' title='bbox 1018 859 1216 909; x_wconf 84' lang='lat' dir='ltr'>Hippolyto</span> <span class='ocrx_word' id='word_1_129' title='bbox 1252 860 1395 895; x_wconf 84' lang='lat' dir='ltr'>habitus</span> <span class='ocrx_word' id='word_1_130' title='bbox 1429 858 1586 893; x_wconf 83' lang='lat' dir='ltr'>fortasse</span> 
     </span>
     <span class='ocr_line' id='line_1_14' title="bbox 134 917 1586 970; baseline -0.004 -10"><span class='ocrx_word' id='word_1_131' title='bbox 134 929 190 960; x_wconf 90' lang='lat' dir='ltr'>est</span> <span class='ocrx_word' id='word_1_132' title='bbox 216 928 254 960; x_wconf 86' lang='lat' dir='ltr'>et</span> <span class='ocrx_word' id='word_1_133' title='bbox 279 927 384 958; x_wconf 87' lang='lat' dir='ltr'>uetus</span> <span class='ocrx_word' id='word_1_134' title='bbox 411 921 537 957; x_wconf 82' lang='lat' dir='ltr'>sabula</span> <span class='ocrx_word' id='word_1_135' title='bbox 564 920 610 957; x_wconf 89' lang='lat' dir='ltr'>de</span> <span class='ocrx_word' id='word_1_136' title='bbox 636 919 747 957; x_wconf 88' lang='lat' dir='ltr'>heroe</span> <span class='ocrx_word' id='word_1_137' title='bbox 773 920 900 957; x_wconf 87' lang='lat' dir='ltr'>Italico</span> <span class='ocrx_word' id='word_1_138' title='bbox 923 920 1025 969; x_wconf 89' lang='lat' dir='ltr'>equis</span> <span class='ocrx_word' id='word_1_139' title='bbox 1052 926 1168 957; x_wconf 88' lang='lat' dir='ltr'>tracto</span> <span class='ocrx_word' id='word_1_140' title='bbox 1195 920 1314 970; x_wconf 88' lang='lat' dir='ltr'>potuit</span> <span class='ocrx_word' id='word_1_141' title='bbox 1338 917 1526 956; x_wconf 82' lang='lat' dir='ltr'>transferri</span> <span class='ocrx_word' id='word_1_142' title='bbox 1550 918 1586 955; x_wconf 87' lang='lat' dir='ltr'>in</span> 
     </span>
     <span class='ocr_line' id='line_1_15' title="bbox 134 977 1588 1034; baseline -0.004 -13"><span class='ocrx_word' id='word_1_143' title='bbox 134 996 258 1034; x_wconf 85' lang='lat' dir='ltr'>regem</span> <span class='ocrx_word' id='word_1_144' title='bbox 285 995 307 1019; x_wconf 87' lang='lat' dir='ltr'>a</span> <span class='ocrx_word' id='word_1_145' title='bbox 332 981 436 1019; x_wconf 87' lang='lat' dir='ltr'>mulis</span> <span class='ocrx_word' id='word_1_146' title='bbox 463 982 661 1030; x_wconf 87' lang='lat' dir='ltr'>calcatum,</span> <span class='ocrx_word' id='word_1_147' title='bbox 689 993 763 1032; x_wconf 92' lang='lat' dir='ltr'>quo</span> <span class='ocrx_word' id='word_1_148' title='bbox 790 988 954 1031; x_wconf 89' lang='lat' dir='ltr'>tempore</span> <span class='ocrx_word' id='word_1_149' title='bbox 980 981 1068 1018; x_wconf 90' lang='lat' dir='ltr'>illud</span> <span class='ocrx_word' id='word_1_150' title='bbox 1095 981 1303 1032; x_wconf 83' lang='lat' dir='ltr'>peruulgari</span> <span class='ocrx_word' id='word_1_151' title='bbox 1330 980 1463 1030; x_wconf 88' lang='lat' dir='ltr'>coepit,</span> <span class='ocrx_word' id='word_1_152' title='bbox 1489 977 1588 1030; x_wconf 89' lang='lat' dir='ltr'>quod</span> 
     </span>
     <span class='ocr_line' id='line_1_16' title="bbox 134 1043 1589 1093; baseline -0.003 -12"><span class='ocrx_word' id='word_1_153' title='bbox 134 1044 308 1082; x_wconf 87' lang='lat' dir='ltr'>Ouidium</span> <span class='ocrx_word' id='word_1_154' title='bbox 336 1056 356 1080; x_wconf 83' lang='lat' dir='ltr'>a</span> <span class='ocrx_word' id='word_1_155' title='bbox 386 1044 575 1080; x_wconf 89' lang='lat' dir='ltr'>uetustiori</span> <span class='ocrx_word' id='word_1_156' title='bbox 601 1049 711 1092; x_wconf 89' lang='lat' dir='ltr'>poeta</span> <span class='ocrx_word' id='word_1_157' title='bbox 738 1044 933 1093; x_wconf 87' lang='lat' dir='ltr'>sumpsisse</span> <span class='ocrx_word' id='word_1_158' title='bbox 959 1050 1124 1093; x_wconf 82' lang='lat' dir='ltr'>apparet,</span> <span class='ocrx_word' id='word_1_159' title='bbox 1153 1056 1187 1078; x_wconf 90' lang='lat' dir='ltr'>u.</span> <span class='ocrx_word' id='word_1_160' title='bbox 1205 1043 1301 1090; x_wconf 90' lang='lat'>595,</span> <span class='ocrx_word' id='word_1_161' title='bbox 1333 1043 1488 1089; x_wconf 65' lang='lat' dir='ltr'>Reyiam</span> <span class='ocrx_word' id='word_1_162' title='bbox 1513 1051 1589 1078; x_wconf 79' lang='lat' dir='ltr'>rem</span> 
     </span>
     <span class='ocr_line' id='line_1_17' title="bbox 132 1102 1588 1142; baseline -0.002 0"><span class='ocrx_word' id='word_1_163' title='bbox 132 1104 250 1142; x_wconf 70' lang='lat' dir='ltr'>scelus</span> <span class='ocrx_word' id='word_1_164' title='bbox 277 1116 364 1141; x_wconf 82' lang='lat' dir='ltr'>esse.</span> <span class='ocrx_word' id='word_1_165' title='bbox 416 1105 562 1142; x_wconf 82' lang='lat' dir='ltr'>Scilicet</span> <span class='ocrx_word' id='word_1_166' title='bbox 585 1104 632 1141; x_wconf 92' lang='lat' dir='ltr'>de</span> <span class='ocrx_word' id='word_1_167' title='bbox 656 1103 814 1141; x_wconf 90' lang='lat' dir='ltr'>eiusdem</span> <span class='ocrx_word' id='word_1_168' title='bbox 834 1105 953 1142; x_wconf 89' lang='lat' dir='ltr'>Seruii</span> <span class='ocrx_word' id='word_1_169' title='bbox 971 1105 1082 1141; x_wconf 78' lang='lat' dir='ltr'>Tullii</span> <span class='ocrx_word' id='word_1_170' title='bbox 1104 1104 1281 1141; x_wconf 88' lang='lat' dir='ltr'>natalibus</span> <span class='ocrx_word' id='word_1_171' title='bbox 1308 1109 1476 1139; x_wconf 79' lang='lat' dir='ltr'>narratur</span> <span class='ocrx_word' id='word_1_172' title='bbox 1493 1102 1588 1139; x_wconf 84' lang='lat' dir='ltr'>Cae-</span> 
     </span>
     <span class='ocr_line' id='line_1_18' title="bbox 135 1165 1586 1213; baseline -0.001 -11"><span class='ocrx_word' id='word_1_173' title='bbox 135 1167 209 1203; x_wconf 90' lang='lat' dir='ltr'>culi</span> <span class='ocrx_word' id='word_1_174' title='bbox 235 1165 370 1202; x_wconf 83' lang='lat' dir='ltr'>sabella</span> <span class='ocrx_word' id='word_1_175' title='bbox 390 1165 627 1203; x_wconf 85' lang='lat' dir='ltr'>Praenestina</span> <span class='ocrx_word' id='word_1_176' title='bbox 653 1166 756 1202; x_wconf 90' lang='lat' dir='ltr'>simili</span> <span class='ocrx_word' id='word_1_177' title='bbox 782 1166 890 1204; x_wconf 89' lang='lat' dir='ltr'>modo</span> <span class='ocrx_word' id='word_1_178' title='bbox 917 1168 1106 1213; x_wconf 79' lang='lat' dir='ltr'>translata,</span> <span class='ocrx_word' id='word_1_179' title='bbox 1134 1166 1206 1202; x_wconf 87' lang='lat' dir='ltr'>uid.</span> <span class='ocrx_word' id='word_1_180' title='bbox 1230 1165 1339 1202; x_wconf 86' lang='lat' dir='ltr'>Seru.</span> <span class='ocrx_word' id='word_1_181' title='bbox 1367 1171 1403 1200; x_wconf 84' lang='lat' dir='ltr'>et</span> <span class='ocrx_word' id='word_1_182' title='bbox 1427 1165 1586 1213; x_wconf 84' lang='lat' dir='ltr'>interpp.</span> 
     </span>
     <span class='ocr_line' id='line_1_19' title="bbox 134 1224 1588 1277; baseline -0.002 -13"><span class='ocrx_word' id='word_1_183' title='bbox 134 1227 225 1264; x_wconf 84' lang='lat' dir='ltr'>Maii</span> <span class='ocrx_word' id='word_1_184' title='bbox 250 1226 296 1264; x_wconf 85' lang='lat' dir='ltr'>ad</span> <span class='ocrx_word' id='word_1_185' title='bbox 324 1228 414 1263; x_wconf 88' lang='lat' dir='ltr'>Aen.</span> <span class='ocrx_word' id='word_1_186' title='bbox 441 1229 480 1275; x_wconf 89' lang='grc'><strong>7,</strong></span> <span class='ocrx_word' id='word_1_187' title='bbox 499 1229 574 1265; x_wconf 88' lang='lat'>678</span> <span class='ocrx_word' id='word_1_188' title='bbox 601 1233 638 1263; x_wconf 91' lang='lat' dir='ltr'>et</span> <span class='ocrx_word' id='word_1_189' title='bbox 665 1228 751 1263; x_wconf 88' lang='lat'>681.</span> <span class='ocrx_word' id='word_1_190' title='bbox 805 1228 1013 1266; x_wconf 81' lang='lat' dir='ltr'>Sceleratus</span> <span class='ocrx_word' id='word_1_191' title='bbox 1039 1229 1147 1277; x_wconf 79' lang='lat' dir='ltr'>igitur</span> <span class='ocrx_word' id='word_1_192' title='bbox 1174 1228 1294 1274; x_wconf 86' lang='lat' dir='ltr'>uicus,</span> <span class='ocrx_word' id='word_1_193' title='bbox 1323 1227 1385 1276; x_wconf 90' lang='lat' dir='ltr'>qui</span> <span class='ocrx_word' id='word_1_194' title='bbox 1408 1224 1588 1275; x_wconf 83' lang='lat' dir='ltr'>superfuit</span> 
     </span>
     <span class='ocr_line' id='line_1_20' title="bbox 135 1288 1586 1337; baseline -0.001 -11"><span class='ocrx_word' id='word_1_195' title='bbox 135 1288 259 1326; x_wconf 90' lang='lat' dir='ltr'>Ouidii</span> <span class='ocrx_word' id='word_1_196' title='bbox 279 1293 316 1324; x_wconf 91' lang='lat' dir='ltr'>et</span> <span class='ocrx_word' id='word_1_197' title='bbox 334 1288 426 1324; x_wconf 92' lang='lat' dir='ltr'>Liuii</span> <span class='ocrx_word' id='word_1_198' title='bbox 451 1295 584 1336; x_wconf 87' lang='lat' dir='ltr'>aetate,</span> <span class='ocrx_word' id='word_1_199' title='bbox 612 1300 742 1324; x_wconf 87' lang='lat' dir='ltr'>nomen</span> <span class='ocrx_word' id='word_1_200' title='bbox 770 1288 923 1327; x_wconf 85' lang='lat' dir='ltr'>sortasse</span> <span class='ocrx_word' id='word_1_201' title='bbox 945 1290 1090 1327; x_wconf 84' lang='lat' dir='ltr'>aliunde</span> <span class='ocrx_word' id='word_1_202' title='bbox 1116 1289 1257 1336; x_wconf 86' lang='lat' dir='ltr'>habuit,</span> <span class='ocrx_word' id='word_1_203' title='bbox 1285 1299 1396 1337; x_wconf 82' lang='lat' dir='ltr'>quam</span> <span class='ocrx_word' id='word_1_204' title='bbox 1424 1289 1501 1337; x_wconf 87' lang='lat' dir='ltr'>ipse</span> <span class='ocrx_word' id='word_1_205' title='bbox 1527 1299 1586 1324; x_wconf 84' lang='lat' dir='ltr'>sa·</span> 
     </span>
     <span class='ocr_line' id='line_1_21' title="bbox 135 1350 699 1401; baseline -0.004 -14"><span class='ocrx_word' id='word_1_206' title='bbox 135 1350 346 1401; x_wconf 84' lang='lat' dir='ltr'>gacissimus</span> <span class='ocrx_word' id='word_1_207' title='bbox 373 1350 491 1386; x_wconf 86' lang='lat' dir='ltr'>Varro</span> <span class='ocrx_word' id='word_1_208' title='bbox 520 1350 699 1400; x_wconf 88' lang='lat' dir='ltr'>exposuit.</span> 
     </span>
    </p>

    <p class='ocr_par' dir='ltr' id='par_1_3' title="bbox 134 1409 1588 1830">
     <span class='ocr_line' id='line_1_22' title="bbox 236 1409 1588 1460; baseline -0.001 -12"><span class='ocrx_word' id='word_1_209' title='bbox 236 1412 356 1448; x_wconf 89' lang='lat' dir='ltr'>Casa</span> <span class='ocrx_word' id='word_1_210' title='bbox 382 1411 575 1448; x_wconf 89' lang='lat' dir='ltr'>Romuli</span> <span class='ocrx_word' id='word_1_211' title='bbox 602 1423 697 1460; x_wconf 87' lang='lat' dir='ltr'>quae</span> <span class='ocrx_word' id='word_1_212' title='bbox 723 1412 842 1449; x_wconf 88' lang='lat' dir='ltr'>obiter</span> <span class='ocrx_word' id='word_1_213' title='bbox 868 1417 1171 1449; x_wconf 85' lang='lat' dir='ltr'>commemoratur</span> <span class='ocrx_word' id='word_1_214' title='bbox 1194 1414 1230 1456; x_wconf 93' lang='lat' dir='ltr'>l,</span> <span class='ocrx_word' id='word_1_215' title='bbox 1257 1411 1344 1457; x_wconf 88' lang='lat'>199,</span> <span class='ocrx_word' id='word_1_216' title='bbox 1371 1409 1465 1446; x_wconf 86' lang='lat' dir='ltr'>inter</span> <span class='ocrx_word' id='word_1_217' title='bbox 1488 1409 1588 1447; x_wconf 90' lang='lat' dir='ltr'>locos</span> 
     </span>
     <span class='ocr_line' id='line_1_23' title="bbox 135 1472 1586 1523; baseline -0.001 -12"><span class='ocrx_word' id='word_1_218' title='bbox 135 1485 256 1511; x_wconf 81' lang='lat' dir='ltr'>sacros</span> <span class='ocrx_word' id='word_1_219' title='bbox 283 1473 344 1509; x_wconf 87' lang='lat' dir='ltr'>uix</span> <span class='ocrx_word' id='word_1_220' title='bbox 370 1480 469 1509; x_wconf 91' lang='lat' dir='ltr'>recte</span> <span class='ocrx_word' id='word_1_221' title='bbox 502 1472 671 1510; x_wconf 80' lang='lat' dir='ltr'>habetur.</span> <span class='ocrx_word' id='word_1_222' title='bbox 722 1473 844 1523; x_wconf 89' lang='lat' dir='ltr'>Ipsum</span> <span class='ocrx_word' id='word_1_223' title='bbox 881 1475 975 1511; x_wconf 85' lang='lat' dir='ltr'>enim</span> <span class='ocrx_word' id='word_1_224' title='bbox 1002 1475 1121 1511; x_wconf 86' lang='lat' dir='ltr'>locum</span> <span class='ocrx_word' id='word_1_225' title='bbox 1148 1484 1252 1508; x_wconf 89' lang='lat' dir='ltr'>suum</span> <span class='ocrx_word' id='word_1_226' title='bbox 1280 1474 1432 1508; x_wconf 86' lang='lat' dir='ltr'>mutauit</span> <span class='ocrx_word' id='word_1_227' title='bbox 1457 1483 1526 1508; x_wconf 91' lang='lat' dir='ltr'>nec</span> <span class='ocrx_word' id='word_1_228' title='bbox 1551 1472 1586 1509; x_wconf 92' lang='lat' dir='ltr'>in</span> 
     </span>
     <span class='ocr_line' id='line_1_24' title="bbox 136 1533 1587 1585; baseline -0.002 -13"><span class='ocrx_word' id='word_1_229' title='bbox 136 1535 211 1572; x_wconf 88' lang='lat' dir='ltr'>ullo</span> <span class='ocrx_word' id='word_1_230' title='bbox 246 1535 325 1585; x_wconf 82' lang='lat' dir='ltr'>ipsa</span> <span class='ocrx_word' id='word_1_231' title='bbox 359 1535 526 1584; x_wconf 87' lang='lat' dir='ltr'>perstitit.</span> <span class='ocrx_word' id='word_1_232' title='bbox 579 1534 641 1570; x_wconf 93' lang='lat' dir='ltr'>Bis</span> <span class='ocrx_word' id='word_1_233' title='bbox 668 1535 797 1572; x_wconf 84' lang='lat' dir='ltr'>arsisse</span> <span class='ocrx_word' id='word_1_234' title='bbox 826 1548 906 1573; x_wconf 86' lang='lat' dir='ltr'>eam</span> <span class='ocrx_word' id='word_1_235' title='bbox 937 1536 1062 1573; x_wconf 91' lang='lat' dir='ltr'>Ouidii</span> <span class='ocrx_word' id='word_1_236' title='bbox 1089 1540 1209 1571; x_wconf 83' lang='lat' dir='ltr'>aetate</span> <span class='ocrx_word' id='word_1_237' title='bbox 1236 1541 1493 1570; x_wconf 86' lang='lat' dir='ltr'>commemorat</span> <span class='ocrx_word' id='word_1_238' title='bbox 1517 1533 1587 1569; x_wconf 92' lang='lat' dir='ltr'>Dio</span> 
     </span>
     <span class='ocr_line' id='line_1_25' title="bbox 137 1595 1586 1647; baseline -0.001 -14"><span class='ocrx_word' id='word_1_239' title='bbox 137 1597 241 1634; x_wconf 84' lang='lat' dir='ltr'>Cass.</span> <span class='ocrx_word' id='word_1_240' title='bbox 267 1598 331 1644; x_wconf 87' lang='lat'>48,</span> <span class='ocrx_word' id='word_1_241' title='bbox 353 1598 427 1643; x_wconf 80' lang='lat'>433</span> <span class='ocrx_word' id='word_1_242' title='bbox 463 1596 523 1640; x_wconf 90' lang='lat'>54,</span> <span class='ocrx_word' id='word_1_243' title='bbox 542 1597 606 1644; x_wconf 88' lang='grc'>29,</span> <span class='ocrx_word' id='word_1_244' title='bbox 644 1595 786 1645; x_wconf 81' lang='lat' dir='ltr'>fuitque</span> <span class='ocrx_word' id='word_1_245' title='bbox 823 1598 1016 1647; x_wconf 84' lang='lat' dir='ltr'>aliquando</span> <span class='ocrx_word' id='word_1_246' title='bbox 1051 1598 1087 1633; x_wconf 93' lang='lat' dir='ltr'>in</span> <span class='ocrx_word' id='word_1_247' title='bbox 1116 1595 1299 1644; x_wconf 88' lang='lat' dir='ltr'>Capitolio</span> <span class='ocrx_word' id='word_1_248' title='bbox 1335 1601 1428 1631; x_wconf 86' lang='lat' dir='ltr'>teste</span> <span class='ocrx_word' id='word_1_249' title='bbox 1454 1595 1586 1631; x_wconf 90' lang='lat' dir='ltr'>Arellio</span> 
     </span>
     <span class='ocr_line' id='line_1_26' title="bbox 134 1655 1585 1709; baseline -0.002 -14"><span class='ocrx_word' id='word_1_250' title='bbox 134 1658 255 1695; x_wconf 86' lang='lat' dir='ltr'>Fusco</span> <span class='ocrx_word' id='word_1_251' title='bbox 282 1656 382 1707; x_wconf 85' lang='lat' dir='ltr'>apud</span> <span class='ocrx_word' id='word_1_252' title='bbox 409 1657 586 1694; x_wconf 89' lang='lat' dir='ltr'>Senecam</span> <span class='ocrx_word' id='word_1_253' title='bbox 613 1657 707 1695; x_wconf 87' lang='lat' dir='ltr'>rhet.</span> <span class='ocrx_word' id='word_1_254' title='bbox 734 1665 899 1696; x_wconf 87' lang='lat' dir='ltr'>controu.</span> <span class='ocrx_word' id='word_1_255' title='bbox 921 1660 960 1706; x_wconf 90' lang='lat'>9,</span> <span class='ocrx_word' id='word_1_256' title='bbox 987 1672 1024 1709; x_wconf 87' lang='lat' dir='ltr'>p.</span> <span class='ocrx_word' id='word_1_257' title='bbox 1047 1660 1119 1694; x_wconf 81' lang='lat'>137</span> <span class='ocrx_word' id='word_1_258' title='bbox 1145 1656 1205 1693; x_wconf 89' lang='lat' dir='ltr'>ed.</span> <span class='ocrx_word' id='word_1_259' title='bbox 1234 1656 1316 1705; x_wconf 80' lang='lat' dir='ltr'>ssip.</span> <span class='ocrx_word' id='word_1_260' title='bbox 1371 1655 1469 1693; x_wconf 88' lang='lat' dir='ltr'>Olim</span> <span class='ocrx_word' id='word_1_261' title='bbox 1497 1668 1585 1693; x_wconf 92' lang='lat' dir='ltr'>uero</span> 
     </span>
     <span class='ocr_line' id='line_1_27' title="bbox 136 1717 1586 1770; baseline -0.002 -14"><span class='ocrx_word' id='word_1_262' title='bbox 136 1720 174 1756; x_wconf 89' lang='lat' dir='ltr'>in</span> <span class='ocrx_word' id='word_1_263' title='bbox 198 1720 336 1770; x_wconf 86' lang='lat' dir='ltr'>palatio</span> <span class='ocrx_word' id='word_1_264' title='bbox 363 1718 475 1756; x_wconf 91' lang='lat' dir='ltr'>fuisse</span> <span class='ocrx_word' id='word_1_265' title='bbox 501 1718 547 1755; x_wconf 86' lang='lat' dir='ltr'>ad</span> <span class='ocrx_word' id='word_1_266' title='bbox 573 1731 676 1755; x_wconf 87' lang='lat' dir='ltr'>suam</span> <span class='ocrx_word' id='word_1_267' title='bbox 704 1732 818 1769; x_wconf 87' lang='lat' dir='ltr'>usque</span> <span class='ocrx_word' id='word_1_268' title='bbox 845 1727 1017 1768; x_wconf 86' lang='lat' dir='ltr'>aetatem,</span> <span class='ocrx_word' id='word_1_269' title='bbox 1044 1720 1089 1756; x_wconf 92' lang='lat' dir='ltr'>de</span> <span class='ocrx_word' id='word_1_270' title='bbox 1110 1731 1182 1769; x_wconf 86' lang='lat' dir='ltr'>qua</span> <span class='ocrx_word' id='word_1_271' title='bbox 1202 1718 1380 1754; x_wconf 86' lang='lat' dir='ltr'>Dodwell.</span> <span class='ocrx_word' id='word_1_272' title='bbox 1400 1717 1483 1754; x_wconf 91' lang='lat' dir='ltr'>diss.</span> <span class='ocrx_word' id='word_1_273' title='bbox 1507 1719 1530 1764; x_wconf 84' lang='lat'>§</span> <span class='ocrx_word' id='word_1_274' title='bbox 1547 1718 1586 1765; x_wconf 88' lang='grc'>9,</span> 
     </span>
     <span class='ocr_line' id='line_1_28' title="bbox 135 1778 1586 1830; baseline -0.003 -12"><span class='ocrx_word' id='word_1_275' title='bbox 135 1781 186 1818; x_wconf 86' lang='lat' dir='ltr'>ait</span> <span class='ocrx_word' id='word_1_276' title='bbox 210 1781 361 1828; x_wconf 85' lang='lat' dir='ltr'>Dionys.</span> <span class='ocrx_word' id='word_1_277' title='bbox 388 1780 473 1816; x_wconf 84' lang='lat' dir='ltr'>Hal.</span> <span class='ocrx_word' id='word_1_278' title='bbox 502 1784 538 1827; x_wconf 89' lang='lat'>1,</span> <span class='ocrx_word' id='word_1_279' title='bbox 557 1782 619 1825; x_wconf 90' lang='grc'>79,</span> <span class='ocrx_word' id='word_1_280' title='bbox 645 1793 684 1830; x_wconf 86' lang='lat' dir='ltr'>p.</span> <span class='ocrx_word' id='word_1_281' title='bbox 705 1782 780 1818; x_wconf 87' lang='lat'>205</span> <span class='ocrx_word' id='word_1_282' title='bbox 799 1782 865 1830; x_wconf 65' lang='lat' dir='ltr'>R„</span> <span class='ocrx_word' id='word_1_283' title='bbox 892 1782 958 1819; x_wconf 84' lang='lat' dir='ltr'>cfr.</span> <span class='ocrx_word' id='word_1_284' title='bbox 986 1782 1081 1818; x_wconf 87' lang='lat' dir='ltr'>Plut.</span> <span class='ocrx_word' id='word_1_285' title='bbox 1110 1781 1218 1816; x_wconf 91' lang='lat' dir='ltr'>Rom.</span> <span class='ocrx_word' id='word_1_286' title='bbox 1240 1792 1272 1816; x_wconf 86' lang='lat' dir='ltr'>c.</span> <span class='ocrx_word' id='word_1_287' title='bbox 1288 1781 1352 1826; x_wconf 88' lang='grc'><strong>20,</strong></span> <span class='ocrx_word' id='word_1_288' title='bbox 1378 1790 1416 1827; x_wconf 90' lang='lat' dir='ltr'>p.</span> <span class='ocrx_word' id='word_1_289' title='bbox 1431 1779 1480 1814; x_wconf 87' lang='lat'>49</span> <span class='ocrx_word' id='word_1_290' title='bbox 1497 1778 1586 1815; x_wconf 88' lang='lat' dir='ltr'>Sch.</span> 
     </span>
    </p>

    <p class='ocr_par' dir='ltr' id='par_1_4' title="bbox 135 1839 1587 2443">
     <span class='ocr_line' id='line_1_29' title="bbox 239 1839 1587 1891; baseline -0.002 -13"><span class='ocrx_word' id='word_1_291' title='bbox 239 1840 372 1878; x_wconf 86' lang='lat' dir='ltr'>Vada</span> <span class='ocrx_word' id='word_1_292' title='bbox 395 1841 595 1876; x_wconf 83' lang='lat' dir='ltr'>Tarenti</span> <span class='ocrx_word' id='word_1_293' title='bbox 621 1842 855 1879; x_wconf 88' lang='lat' dir='ltr'>nominantur</span> <span class='ocrx_word' id='word_1_294' title='bbox 883 1845 1023 1891; x_wconf 91' lang='lat' dir='ltr'>l,501.</span> <span class='ocrx_word' id='word_1_295' title='bbox 1070 1843 1236 1878; x_wconf 87' lang='lat' dir='ltr'>Heinsius</span> <span class='ocrx_word' id='word_1_296' title='bbox 1263 1839 1491 1877; x_wconf 89' lang='lat' dir='ltr'>scribendum</span> <span class='ocrx_word' id='word_1_297' title='bbox 1519 1851 1587 1889; x_wconf 92' lang='lat' dir='ltr'>pu-</span> 
     </span>
     <span class='ocr_line' id='line_1_30' title="bbox 135 1901 1587 1953; baseline -0.004 -11"><span class='ocrx_word' id='word_1_298' title='bbox 135 1905 230 1942; x_wconf 85' lang='lat' dir='ltr'>tauit</span> <span class='ocrx_word' id='word_1_299' title='bbox 256 1902 462 1939; x_wconf 89' lang='lat' dir='ltr'>Terenti</span> <span class='ocrx_word' id='word_1_300' title='bbox 490 1908 616 1939; x_wconf 87' lang='lat' dir='ltr'>contra</span> <span class='ocrx_word' id='word_1_301' title='bbox 642 1903 752 1940; x_wconf 88' lang='lat' dir='ltr'>libros</span> <span class='ocrx_word' id='word_1_302' title='bbox 779 1917 864 1941; x_wconf 91' lang='lat' dir='ltr'>suos</span> <span class='ocrx_word' id='word_1_303' title='bbox 886 1911 923 1941; x_wconf 91' lang='lat' dir='ltr'>et</span> <span class='ocrx_word' id='word_1_304' title='bbox 944 1910 1100 1951; x_wconf 90' lang='lat' dir='ltr'>nostros,</span> <span class='ocrx_word' id='word_1_305' title='bbox 1129 1908 1308 1953; x_wconf 85' lang='lat' dir='ltr'>quotquot</span> <span class='ocrx_word' id='word_1_306' title='bbox 1336 1901 1587 1938; x_wconf 87' lang='lat' dir='ltr'>auctoritatem</span> 
     </span>
     <span class='ocr_line' id='line_1_31' title="bbox 135 1962 1587 2016; baseline -0.002 -13"><span class='ocrx_word' id='word_1_307' title='bbox 135 1966 285 2003; x_wconf 85' lang='lat' dir='ltr'>habent.</span> <span class='ocrx_word' id='word_1_308' title='bbox 332 1965 408 2000; x_wconf 91' lang='lat' dir='ltr'>Hos</span> <span class='ocrx_word' id='word_1_309' title='bbox 435 1964 545 2013; x_wconf 84' lang='lat' dir='ltr'>igitur</span> <span class='ocrx_word' id='word_1_310' title='bbox 570 1976 719 2014; x_wconf 88' lang='lat' dir='ltr'>sequor,</span> <span class='ocrx_word' id='word_1_311' title='bbox 746 1977 818 2002; x_wconf 91' lang='lat' dir='ltr'>non</span> <span class='ocrx_word' id='word_1_312' title='bbox 845 1966 1160 2016; x_wconf 86' lang='lat' dir='ltr'>philosophemata</span> <span class='ocrx_word' id='word_1_313' title='bbox 1181 1964 1373 2013; x_wconf 85' lang='lat' dir='ltr'>Hartuugi.</span> <span class='ocrx_word' id='word_1_314' title='bbox 1411 1962 1587 2012; x_wconf 88' lang='lat' dir='ltr'>Reliquo-</span> 
     </span>
     <span class='ocr_line' id='line_1_32' title="bbox 135 2024 1585 2076; baseline -0.004 -11"><span class='ocrx_word' id='word_1_315' title='bbox 135 2041 216 2065; x_wconf 89' lang='lat' dir='ltr'>rum</span> <span class='ocrx_word' id='word_1_316' title='bbox 238 2027 471 2076; x_wconf 89' lang='lat' dir='ltr'>scriptorum,</span> <span class='ocrx_word' id='word_1_317' title='bbox 498 2038 589 2075; x_wconf 90' lang='lat' dir='ltr'>quos</span> <span class='ocrx_word' id='word_1_318' title='bbox 609 2032 719 2063; x_wconf 90' lang='lat' dir='ltr'>testes</span> <span class='ocrx_word' id='word_1_319' title='bbox 741 2026 903 2064; x_wconf 88' lang='lat' dir='ltr'>adhibuit</span> <span class='ocrx_word' id='word_1_320' title='bbox 922 2029 1102 2075; x_wconf 88' lang='lat' dir='ltr'>Heinsius,</span> <span class='ocrx_word' id='word_1_321' title='bbox 1130 2027 1347 2063; x_wconf 89' lang='lat' dir='ltr'>uetustiores</span> <span class='ocrx_word' id='word_1_322' title='bbox 1366 2031 1451 2061; x_wconf 90' lang='lat' dir='ltr'>sunt</span> <span class='ocrx_word' id='word_1_323' title='bbox 1467 2024 1585 2060; x_wconf 84' lang='lat' dir='ltr'>Varro</span> 
     </span>
     <span class='ocr_line' id='line_1_33' title="bbox 136 2084 1584 2139; baseline -0.005 -13"><span class='ocrx_word' id='word_1_324' title='bbox 136 2088 236 2139; x_wconf 84' lang='lat' dir='ltr'>apud</span> <span class='ocrx_word' id='word_1_325' title='bbox 263 2087 454 2125; x_wconf 86' lang='lat' dir='ltr'>Censorin.</span> <span class='ocrx_word' id='word_1_326' title='bbox 481 2089 592 2135; x_wconf 80' lang='lat' dir='ltr'>c.17‚</span> <span class='ocrx_word' id='word_1_327' title='bbox 621 2100 658 2137; x_wconf 87' lang='lat' dir='ltr'>p.</span> <span class='ocrx_word' id='word_1_328' title='bbox 677 2087 750 2136; x_wconf 89' lang='lat'>85,</span> <span class='ocrx_word' id='word_1_329' title='bbox 787 2089 846 2125; x_wconf 89' lang='lat' dir='ltr'>ubi</span> <span class='ocrx_word' id='word_1_330' title='bbox 881 2089 960 2126; x_wconf 92' lang='lat' dir='ltr'>libri</span> <span class='ocrx_word' id='word_1_331' title='bbox 992 2089 1114 2126; x_wconf 88' lang='lat' dir='ltr'>itidem</span> <span class='ocrx_word' id='word_1_332' title='bbox 1152 2089 1384 2137; x_wconf 73' lang='lat' dir='ltr'>discrepant,</span> <span class='ocrx_word' id='word_1_333' title='bbox 1419 2084 1584 2121; x_wconf 86' lang='lat' dir='ltr'>Valerius</span> 
     </span>
     <span class='ocr_line' id='line_1_34' title="bbox 135 2148 1584 2199; baseline -0.006 -10"><span class='ocrx_word' id='word_1_334' title='bbox 135 2151 235 2188; x_wconf 86' lang='lat' dir='ltr'>Max.</span> <span class='ocrx_word' id='word_1_335' title='bbox 262 2154 302 2197; x_wconf 89' lang='lat'>2,</span> <span class='ocrx_word' id='word_1_336' title='bbox 326 2150 366 2198; x_wconf 87' lang='lat'>4,</span> <span class='ocrx_word' id='word_1_337' title='bbox 392 2150 538 2185; x_wconf 77' lang='lat'>6—-12</span> <span class='ocrx_word' id='word_1_338' title='bbox 575 2148 634 2186; x_wconf 88' lang='lat' dir='ltr'>ed.</span> <span class='ocrx_word' id='word_1_339' title='bbox 661 2149 784 2199; x_wconf 67' lang='lat' dir='ltr'>Pigh„</span> <span class='ocrx_word' id='word_1_340' title='bbox 809 2150 870 2187; x_wconf 91' lang='lat' dir='ltr'>ubi</span> <span class='ocrx_word' id='word_1_341' title='bbox 895 2150 975 2199; x_wconf 83' lang='lat' dir='ltr'>ipsa</span> <span class='ocrx_word' id='word_1_342' title='bbox 1011 2150 1169 2186; x_wconf 83' lang='lat' dir='ltr'>narratio</span> <span class='ocrx_word' id='word_1_343' title='bbox 1207 2149 1406 2198; x_wconf 88' lang='lat' dir='ltr'>scripturae</span> <span class='ocrx_word' id='word_1_344' title='bbox 1436 2148 1584 2182; x_wconf 73' lang='lat' dir='ltr'>Tarent.</span> 
     </span>
     <span class='ocr_line' id='line_1_35' title="bbox 136 2207 1584 2262; baseline -0.005 -13"><span class='ocrx_word' id='word_1_345' title='bbox 136 2211 330 2262; x_wconf 83' lang='lat' dir='ltr'>suffragari</span> <span class='ocrx_word' id='word_1_346' title='bbox 356 2209 528 2255; x_wconf 87' lang='lat' dir='ltr'>uidetur,</span> <span class='ocrx_word' id='word_1_347' title='bbox 554 2210 685 2247; x_wconf 92' lang='lat' dir='ltr'>Festus</span> <span class='ocrx_word' id='word_1_348' title='bbox 712 2223 750 2261; x_wconf 91' lang='lat' dir='ltr'>p.</span> <span class='ocrx_word' id='word_1_349' title='bbox 769 2211 858 2259; x_wconf 82' lang='lat'>351,</span> <span class='ocrx_word' id='word_1_350' title='bbox 878 2213 903 2247; x_wconf 92' lang='lat'>8</span> <span class='ocrx_word' id='word_1_351' title='bbox 928 2210 1041 2259; x_wconf 63' lang='lat' dir='ltr'>dext„</span> <span class='ocrx_word' id='word_1_352' title='bbox 1077 2211 1137 2248; x_wconf 92' lang='lat' dir='ltr'>ubi</span> <span class='ocrx_word' id='word_1_353' title='bbox 1170 2211 1289 2260; x_wconf 91' lang='lat' dir='ltr'>ipsum</span> <span class='ocrx_word' id='word_1_354' title='bbox 1315 2219 1446 2244; x_wconf 89' lang='lat' dir='ltr'>nomen</span> <span class='ocrx_word' id='word_1_355' title='bbox 1472 2207 1584 2243; x_wconf 88' lang='lat' dir='ltr'>inter-</span> 
     </span>
     <span class='ocr_line' id='line_1_36' title="bbox 138 2270 1584 2323; baseline -0.003 -15"><span class='ocrx_word' id='word_1_356' title='bbox 138 2272 235 2310; x_wconf 89' lang='lat' dir='ltr'>cidit.</span> <span class='ocrx_word' id='word_1_357' title='bbox 289 2272 396 2323; x_wconf 86' lang='lat' dir='ltr'>Apud</span> <span class='ocrx_word' id='word_1_358' title='bbox 432 2272 589 2309; x_wconf 87' lang='lat' dir='ltr'>Statium</span> <span class='ocrx_word' id='word_1_359' title='bbox 615 2273 652 2317; x_wconf 86' lang='lat'>4,</span> <span class='ocrx_word' id='word_1_360' title='bbox 683 2276 720 2321; x_wconf 85' lang='lat' dir='ltr'>l,</span> <span class='ocrx_word' id='word_1_361' title='bbox 745 2275 794 2309; x_wconf 88' lang='grc'>38</span> <span class='ocrx_word' id='word_1_362' title='bbox 827 2274 990 2322; x_wconf 73' lang='lat' dir='ltr'>parentis</span> <span class='ocrx_word' id='word_1_363' title='bbox 1024 2272 1158 2310; x_wconf 86' lang='lat' dir='ltr'>habere</span> <span class='ocrx_word' id='word_1_364' title='bbox 1190 2271 1307 2309; x_wconf 86' lang='lat' dir='ltr'>editos</span> <span class='ocrx_word' id='word_1_365' title='bbox 1340 2270 1449 2306; x_wconf 89' lang='lat' dir='ltr'>libros</span> <span class='ocrx_word' id='word_1_366' title='bbox 1481 2273 1584 2305; x_wconf 89' lang='lat' dir='ltr'>notat</span> 
     </span>
     <span class='ocr_line' id='line_1_37' title="bbox 137 2327 1583 2383; baseline -0.003 -13"><span class='ocrx_word' id='word_1_367' title='bbox 137 2333 372 2371; x_wconf 84' lang='lat' dir='ltr'>Marklandus</span> <span class='ocrx_word' id='word_1_368' title='bbox 397 2346 435 2383; x_wconf 91' lang='lat' dir='ltr'>p.</span> <span class='ocrx_word' id='word_1_369' title='bbox 457 2335 531 2370; x_wconf 90' lang='lat'>190</span> <span class='ocrx_word' id='word_1_370' title='bbox 556 2339 593 2370; x_wconf 93' lang='lat' dir='ltr'>et</span> <span class='ocrx_word' id='word_1_371' title='bbox 619 2333 780 2372; x_wconf 87' lang='lat' dir='ltr'>indicare</span> <span class='ocrx_word' id='word_1_372' title='bbox 816 2334 961 2372; x_wconf 89' lang='lat' dir='ltr'>uidetur</span> <span class='ocrx_word' id='word_1_373' title='bbox 988 2335 1180 2382; x_wconf 84' lang='lat' dir='ltr'>Heinsius3</span> <span class='ocrx_word' id='word_1_374' title='bbox 1218 2333 1334 2370; x_wconf 88' lang='lat' dir='ltr'>altero</span> <span class='ocrx_word' id='word_1_375' title='bbox 1367 2332 1404 2367; x_wconf 90' lang='lat' dir='ltr'>in</span> <span class='ocrx_word' id='word_1_376' title='bbox 1439 2327 1525 2367; x_wconf 68' lang='lat' dir='ltr'>loco&#39;</span> <span class='ocrx_word' id='word_1_377' title='bbox 1547 2333 1583 2375; x_wconf 87' lang='lat'>1,</span> 
     </span>
     <span class='ocr_line' id='line_1_38' title="bbox 138 2395 1583 2443; baseline -0.002 -12"><span class='ocrx_word' id='word_1_378' title='bbox 138 2396 177 2443; x_wconf 87' lang='lat'>4,</span> <span class='ocrx_word' id='word_1_379' title='bbox 206 2398 253 2433; x_wconf 92' lang='lat'>18</span> <span class='ocrx_word' id='word_1_380' title='bbox 279 2395 325 2433; x_wconf 92' lang='lat' dir='ltr'>de</span> <span class='ocrx_word' id='word_1_381' title='bbox 352 2395 458 2432; x_wconf 86' lang='lat' dir='ltr'>codd.</span> <span class='ocrx_word' id='word_1_382' title='bbox 488 2395 574 2432; x_wconf 85' lang='lat' dir='ltr'>nihil</span> <span class='ocrx_word' id='word_1_383' title='bbox 601 2402 767 2433; x_wconf 87' lang='lat' dir='ltr'>constare</span> <span class='ocrx_word' id='word_1_384' title='bbox 793 2408 888 2434; x_wconf 86' lang='lat' dir='ltr'>reor.</span> <span class='ocrx_word' id='word_1_385' title='bbox 942 2396 999 2433; x_wconf 95' lang='lat' dir='ltr'>De</span> <span class='ocrx_word' id='word_1_386' title='bbox 1025 2397 1199 2433; x_wconf 85' lang='lat' dir='ltr'>Martialis</span> <span class='ocrx_word' id='word_1_387' title='bbox 1234 2395 1395 2432; x_wconf 89' lang='lat' dir='ltr'>uersibus</span> <span class='ocrx_word' id='word_1_388' title='bbox 1430 2398 1583 2442; x_wconf 87' lang='lat' dir='ltr'>expecto</span> 
     </span>
    </p>
   </div>
   <div class='ocr_carea' id='block_1_3' title="bbox 1652 0 1685 2388">
    <p class='ocr_par' dir='ltr' id='par_1_5' title="bbox 1652 0 1685 2388">
     <span class='ocr_line' id='line_1_39' title="bbox 1652 0 1685 2388; baseline 0 0"><span class='ocrx_word' id='word_1_389' title='bbox 1652 0 1685 2388; x_wconf 95' lang='lat' dir='ltr'> </span> 
     </span>
    </p>
   </div>
   <div class='ocr_carea' id='block_1_4' title="bbox 138 2453 1646 2508">
    <p class='ocr_par' dir='ltr' id='par_1_6' title="bbox 138 2453 1646 2508">
     <span class='ocr_line' id='line_1_40' title="bbox 138 2453 1646 2508; baseline -0.002 -16"><span class='ocrx_word' id='word_1_390' title='bbox 138 2456 206 2492; x_wconf 90' lang='lat' dir='ltr'>uiri</span> <span class='ocrx_word' id='word_1_391' title='bbox 231 2456 425 2493; x_wconf 88' lang='lat' dir='ltr'>doctissimi</span> <span class='ocrx_word' id='word_1_392' title='bbox 443 2457 691 2506; x_wconf 82' lang='lat' dir='ltr'>Gottingensis</span> <span class='ocrx_word' id='word_1_393' title='bbox 715 2457 1017 2508; x_wconf 83' lang='lat' dir='ltr'>disputationem:</span> <span class='ocrx_word' id='word_1_394' title='bbox 1044 2459 1207 2506; x_wconf 86' lang='lat' dir='ltr'>mirarer,</span> <span class='ocrx_word' id='word_1_395' title='bbox 1233 2458 1265 2494; x_wconf 89' lang='lat' dir='ltr'>si</span> <span class='ocrx_word' id='word_1_396' title='bbox 1291 2459 1472 2493; x_wconf 88' lang='lat' dir='ltr'>constaret</span> <span class='ocrx_word' id='word_1_397' title='bbox 1495 2453 1582 2490; x_wconf 85' lang='lat' dir='ltr'>scri-</span> <span class='ocrx_word' id='word_1_398' title='bbox 1640 2455 1646 2459; x_wconf 76' lang='grc'><strong>’</strong></span> 
     </span>
    </p>
   </div>
   <div class='ocr_carea' id='block_1_5' title="bbox 137 2518 1584 2694">
    <p class='ocr_par' dir='ltr' id='par_1_7' title="bbox 137 2518 1584 2694">
     <span class='ocr_line' id='line_1_41' title="bbox 137 2518 1583 2570; baseline 0 -16"><span class='ocrx_word' id='word_1_399' title='bbox 137 2523 259 2567; x_wconf 85' lang='lat' dir='ltr'>ptura.</span> <span class='ocrx_word' id='word_1_400' title='bbox 311 2518 457 2570; x_wconf 85' lang='lat' dir='ltr'>Interim</span> <span class='ocrx_word' id='word_1_401' title='bbox 483 2530 565 2555; x_wconf 90' lang='lat' dir='ltr'>cum</span> <span class='ocrx_word' id='word_1_402' title='bbox 591 2519 699 2557; x_wconf 87' lang='lat' dir='ltr'>etiam</span> <span class='ocrx_word' id='word_1_403' title='bbox 725 2520 889 2558; x_wconf 87' lang='lat' dir='ltr'>Zosimus</span> <span class='ocrx_word' id='word_1_404' title='bbox 909 2523 948 2567; x_wconf 90' lang='lat'>2,</span> <span class='ocrx_word' id='word_1_405' title='bbox 966 2523 1094 2568; x_wconf 84' lang='grc'><strong>1-3,</strong></span> <span class='ocrx_word' id='word_1_406' title='bbox 1120 2520 1277 2570; x_wconf 85' lang='lat' dir='ltr'>inprimis</span> <span class='ocrx_word' id='word_1_407' title='bbox 1305 2530 1342 2568; x_wconf 92' lang='lat' dir='ltr'>p.</span> <span class='ocrx_word' id='word_1_408' title='bbox 1361 2518 1435 2552; x_wconf 88' lang='grc'>120</span> <span class='ocrx_word' id='word_1_409' title='bbox 1452 2521 1489 2552; x_wconf 91' lang='lat' dir='ltr'>et</span> <span class='ocrx_word' id='word_1_410' title='bbox 1510 2518 1583 2554; x_wconf 79' lang='lat'>123</span> 
     </span>
     <span class='ocr_line' id='line_1_42' title="bbox 139 2577 1583 2632; baseline -0.002 -16"><span class='ocrx_word' id='word_1_411' title='bbox 139 2577 274 2616; x_wconf 85' lang='lat' dir='ltr'>Cellar.</span> <span class='ocrx_word' id='word_1_412' title='bbox 299 2584 336 2616; x_wconf 91' lang='lat' dir='ltr'>et</span> <span class='ocrx_word' id='word_1_413' title='bbox 355 2578 490 2616; x_wconf 85' lang='lat' dir='ltr'>Paulus</span> <span class='ocrx_word' id='word_1_414' title='bbox 507 2580 692 2619; x_wconf 88' lang='lat' dir='ltr'>Diaconus</span> <span class='ocrx_word' id='word_1_415' title='bbox 712 2594 749 2632; x_wconf 90' lang='lat' dir='ltr'>p.</span> <span class='ocrx_word' id='word_1_416' title='bbox 765 2583 854 2630; x_wconf 83' lang='grc'><strong>350,</strong></span> <span class='ocrx_word' id='word_1_417' title='bbox 874 2583 899 2617; x_wconf 80' lang='grc'><strong>6</strong></span> <span class='ocrx_word' id='word_1_418' title='bbox 925 2581 1122 2629; x_wconf 77' lang='lat' dir='ltr'>discedant,</span> <span class='ocrx_word' id='word_1_419' title='bbox 1151 2581 1218 2616; x_wconf 84' lang='lat' dir='ltr'>hac</span> <span class='ocrx_word' id='word_1_420' title='bbox 1244 2592 1301 2617; x_wconf 91' lang='lat' dir='ltr'>me</span> <span class='ocrx_word' id='word_1_421' title='bbox 1328 2579 1498 2628; x_wconf 87' lang='lat' dir='ltr'>opinione</span> <span class='ocrx_word' id='word_1_422' title='bbox 1523 2589 1583 2614; x_wconf 87' lang='lat' dir='ltr'>so-</span> 
     </span>
     <span class='ocr_line' id='line_1_43' title="bbox 139 2639 1584 2694; baseline 0 -17"><span class='ocrx_word' id='word_1_423' title='bbox 139 2640 258 2690; x_wconf 85' lang='lat' dir='ltr'>labor,</span> <span class='ocrx_word' id='word_1_424' title='bbox 282 2641 379 2691; x_wconf 86' lang='lat' dir='ltr'>ipsos</span> <span class='ocrx_word' id='word_1_425' title='bbox 408 2647 548 2680; x_wconf 83' lang='lat' dir='ltr'>ueteres</span> <span class='ocrx_word' id='word_1_426' title='bbox 574 2643 792 2683; x_wconf 86' lang='lat' dir='ltr'>dissensisse.</span> <span class='ocrx_word' id='word_1_427' title='bbox 843 2643 946 2693; x_wconf 91' lang='lat' dir='ltr'>Nec,</span> <span class='ocrx_word' id='word_1_428' title='bbox 976 2650 1016 2681; x_wconf 90' lang='lat' dir='ltr'>ut</span> <span class='ocrx_word' id='word_1_429' title='bbox 1040 2649 1151 2694; x_wconf 90' lang='lat' dir='ltr'>puto,</span> <span class='ocrx_word' id='word_1_430' title='bbox 1177 2641 1313 2679; x_wconf 85' lang='lat' dir='ltr'>Paulus</span> <span class='ocrx_word' id='word_1_431' title='bbox 1340 2642 1407 2679; x_wconf 89' lang='lat' dir='ltr'>iste</span> <span class='ocrx_word' id='word_1_432' title='bbox 1434 2639 1584 2690; x_wconf 82' lang='lat' dir='ltr'>eiusque</span> 
     </span>
    </p>
   </div>
  </div>
 </body>
</html>
