1685 2954
120 125 241 157 CXXX
627 119 683 148 DE
713 117 897 147 AEDmvs
927 117 1072 147 SACRIS

120 225 261 275 cepisse
286 220 460 260 Ouidium
489 217 692 255 existimem
717 217 759 266 5,
769 219 860 256 729.
911 217 1089 254 Dedicata
1113 227 1158 254 ea
1184 213 1294 253 aedes
1319 219 1378 252 est
1401 225 1499 253 anno
1522 214 1571 254 V.

120 287 166 324 C.
190 285 266 323 558
292 282 433 319 decimo
459 291 572 329 anno,
599 286 793 330 postquam
819 285 907 317 uota
932 284 990 317 est
1015 284 1109 316 teste
1131 277 1238 315 Liuio
1265 276 1328 323 34,
1347 275 1410 313 53.
1461 277 1574 314 (Iom-

120 352 343 385 memoratur
370 346 594 392 postremum
619 353 642 378 a
661 340 768 378 Liuio
792 343 859 387 43,
880 343 940 378 13.
993 339 1090 377 Nam
1115 350 1139 377 a
1163 339 1285 377 Dione
1310 337 1392 374 loco
1417 336 1574 376 indicato

124 404 240 456 Τύχη
268 404 416 455 quidem
441 393 468 451 ἦ
495 397 675 451 δημοσία
700 397 928 450 καλουμένη
956 401 1180 449 nominatur,
1217 399 1283 438 sed
1317 409 1437 449 neque
1472 399 1577 436 tertia

122 471 183 507 illa
209 465 407 517 appellatio
433 461 593 510 additur,
617 468 656 500 et
683 462 803 501 debile
825 468 1080 512 argumentum
1105 467 1295 512 peteretur
1322 473 1367 498 ex
1392 472 1452 507 eo,
1477 459 1578 510 quod

123 529 277 568 editiora
302 527 383 564 loca
407 523 559 562 fulmine
581 525 695 573 magis
720 523 916 571 feriuntur,
943 529 1071 560 contra
1093 534 1181 561 uero
1209 522 1297 560 illud
1319 521 1578 559 ualidissimum

124 597 206 639 est,
234 590 301 627 nisi
326 590 398 625 iam
423 584 566 636 pridem
592 586 628 622 in
655 585 876 623 obliuionem
904 585 1067 623 cessisset
1089 597 1135 622 ea
1160 584 1292 633 aedes,
1321 590 1445 621 notam
1472 581 1579 620 dedi-

125 651 278 691 cationis
302 649 431 688 adesse
456 646 624 684 debuisse
649 647 686 684 in
710 646 813 683 fastis
831 645 1036 685 Maffeanis.
1078 646 1218 684 Locum
1243 653 1384 693 tamen,
1411 646 1474 681 ubi
1499 644 1580 681 sue·

126 715 196 761 rit,
222 725 293 749 non
320 710 416 748 male
442 720 487 746 ex
513 720 557 745 eo
585 707 774 757 indagauit
799 706 993 755 Sachsius,
1027 707 1126 758 quod
1142 720 1175 745 fa
1199 706 1397 745 Plutarcho
1436 713 1580 757 quaest.

126 776 199 813 Ro.
227 787 260 811 c.
280 775 364 820 106,
393 770 440 808 de
465 769 551 806 sort.
572 769 644 806 Ro.
671 781 704 806 c.
722 771 770 805 10
795 769 832 806 in
859 769 1042 818 Capitolio
1067 769 1186 819 posita
1212 769 1353 806 dicitur.
1406 768 1447 805 Id
1475 767 1581 804 intel-

126 836 311 886 ligendum
339 833 481 870 uidetur
502 830 722 881 Capitolium
742 836 845 868 uetus
865 842 983 880 prope
1007 832 1184 880 templum
1205 831 1354 878 Florae,
1380 828 1456 867 uid.
1473 828 1582 865 Varr.

127 899 152 935 l.
178 898 206 935 l.
232 896 272 945 5,
292 895 386 942 158,
418 894 456 930 in
481 899 644 930 extrema
671 898 709 929 et
733 892 970 929 remotissima
996 892 1127 928 montis
1155 891 1351 936 Quirinalis
1377 900 1469 937 ora,
1506 887 1582 927 uid.

126 957 245 996 Nard.
271 961 310 1004 2,
336 969 374 1005 p.
391 954 440 991 85
468 967 523 1004 sq.
577 953 666 990 Siue
697 954 806 1003 igitur
840 959 962 1000 extra,
999 954 1076 990 siue
1108 954 1205 991 intra
1236 951 1462 1003 pomoerium
1498 949 1584 999 fuit,

128 1025 299 1058 accurate
326 1017 395 1053 hoc
419 1014 619 1065 respondet
644 1015 764 1052 uerbis
790 1015 908 1052 Verrii
934 1014 1077 1064 Flacci,
1114 1017 1245 1066 quibus
1271 1015 1423 1052 alteram
1450 1013 1585 1049 Fortu-

130 1092 200 1117 nae
227 1078 400 1116 Publicae
426 1076 578 1124 aedem,
605 1087 730 1112 mense
757 1075 868 1126 Aprili
897 1075 1124 1124 dedicatam,
1150 1077 1198 1113 ab
1223 1077 1284 1113 illa
1309 1074 1518 1119 uetustiori,
1545 1079 1585 1110 ut

129 1148 245 1192 puto,
292 1138 501 1188 distinguit:
548 1136 832 1174 FORTVNAE
849 1165 859 1175 .
878 1136 1125 1175 PVBLICAE
1145 1165 1155 1175 .
1176 1136 1386 1174 ClTERlO
1411 1164 1420 1173 .
1440 1162 1450 1172 .
1477 1163 1486 1173 .
1510 1134 1584 1172 IN.

130 1201 316 1240 COLLE.
367 1201 425 1237 De
450 1200 617 1237 Fortuna
643 1200 809 1237 citeriore
835 1206 872 1237 et
898 1200 1000 1236 breui
1026 1211 1121 1249 quae
1146 1198 1424 1250 philosophatur
1448 1197 1585 1246 Foggi-

131 1266 225 1309 nius,
251 1264 333 1312 lege
359 1260 459 1311 apud
485 1262 618 1311 ipsum.
659 1261 773 1298 Collis
795 1261 941 1298 citerior
958 1260 1155 1304 Quirinalis
1181 1266 1236 1298 est
1263 1260 1412 1297 decliuis
1437 1260 1472 1296 in
1497 1258 1585 1295 ual-

131 1326 201 1363 lem
228 1325 384 1372 Quisrini,
411 1333 507 1373 quae
532 1321 662 1359 dicitur
687 1333 709 1359 a
734 1321 908 1360 quenale
933 1325 970 1366 2,
992 1324 1077 1358 133.
1129 1322 1184 1358 lta
1209 1323 1304 1358 enim
1332 1333 1379 1358 ex
1404 1320 1586 1356 membra-

132 1389 188 1425 nis
214 1384 467 1424 llfeldensibus
493 1384 718 1434 potissimum
745 1383 841 1420 edidi
867 1382 967 1433 apud
994 1382 1182 1420 Ouidium.
1234 1384 1351 1420 Istaec
1376 1394 1466 1418 uero
1492 1381 1588 1417 For-

132 1455 245 1487 tunae
271 1446 447 1484 Publicae
471 1444 583 1482 aedes
609 1456 631 1481 a
657 1456 731 1494 quo
757 1450 795 1480 et
820 1444 967 1494 quando
993 1443 1162 1481 dedicata
1187 1444 1246 1493 sit,
1273 1456 1319 1481 ex
1345 1450 1424 1481 toto
1450 1455 1510 1480 me
1533 1443 1588 1479 la-

133 1517 201 1560 tet,
228 1522 296 1547 nec
322 1519 474 1558 usquam
499 1512 649 1557 praeter
673 1516 786 1556 supra
812 1505 1009 1544 indicatum
1027 1506 1152 1544 Dionis
1175 1506 1294 1544 locum
1313 1504 1587 1543 commemorari

133 1584 215 1611 eam
241 1571 418 1609 existimo.
1030 1561 1036 1571 ¹

235 1632 409 1670 A-edem
437 1629 569 1667 Iouis
596 1627 838 1677 Victoris,
873 1640 982 1679 quam
1009 1629 1062 1666 ld.
1091 1630 1205 1679 April.
1240 1628 1443 1666 dedicatam
1478 1626 1588 1664 tradit

135 1694 305 1742 Ouidius,
332 1699 455 1730 uotam
483 1702 563 1728 esse
588 1702 612 1727 a
638 1690 688 1734 Q.
713 1690 829 1727 Fabio
855 1691 1014 1728 Maximo
1040 1691 1215 1727 Rulliano
1242 1702 1339 1727 anno
1365 1689 1411 1726 V.
1439 1689 1485 1725 C.
1511 1688 1589 1725 458

134 1762 260 1794 narrat
285 1755 410 1792 Liuius
438 1755 500 1801 10,
520 1754 590 1800 293
625 1759 884 1790 commemorat
910 1754 963 1789 bis
990 1753 1060 1789 Dio
1087 1752 1233 1788 Cassius
1259 1763 1355 1787 auno
1381 1751 1428 1789 V.
1448 1751 1493 1787 C.
1512 1751 1588 1787 712

134 1824 172 1855 et
191 1819 265 1853 807
283 1817 345 1853 lib.
365 1817 431 1863 47,
445 1815 496 1850 40
515 1820 553 1850 et
571 1815 635 1861 60,
649 1814 711 1850 35.
750 1813 808 1851 De
833 1816 981 1864 regione
1007 1814 1148 1851 decima
1172 1813 1216 1851 P.
1235 1813 1374 1850 Victori
1400 1811 1488 1848 fides
1516 1823 1590 1849 non

135 1884 191 1916 est
216 1876 398 1915 habenda.

232 1940 410 1975 Atrium
437 1936 727 1982 Libertatis,
764 1935 863 1985 quod
889 1937 1016 1974 iisdem
1044 1937 1165 1974 Idibus
1194 1937 1306 1986 April.
1334 1935 1588 1985 inauguratum

134 2001 330 2037 memoriae
355 1998 517 2049 prodidit
543 1998 656 2042 Naso,
684 1998 875 2046 nescitum,
903 2006 1040 2048 quanto
1053 1999 1241 2046 «temporis
1266 1999 1382 2047 spatio
1413 2003 1498 2034 ante
1525 2009 1590 2033 an·

135 2074 221 2099 num
249 2061 325 2097 542
359 2066 563 2098 extructum
598 2059 721 2096 suerit.
775 2060 884 2095 Tunc
921 2061 1014 2095 euim
1053 2061 1206 2108 primum
1240 2064 1544 2109 commemoratur
1567 2068 1591 2093 a

135 2123 241 2160 Liuio
276 2122 342 2170 25,
371 2124 421 2169 73
467 2128 595 2171 postea
629 2121 868 2157 instauratum
903 2120 997 2156 idem
1039 2120 1149 2155 tradit
1182 2122 1245 2164 34,
1272 2121 1322 2155 44
1358 2119 1411 2155 his
1447 2119 1590 2155 uerbis:

136 2184 285 2221 Avi-ium
311 2182 514 2221 Libertatis
548 2187 582 2219 et
613 2182 705 2219 uilla
729 2181 872 2231 publica
899 2180 943 2218 ab
968 2180 1095 2218 iisdem·
1120 2180 1256 2227 refecta
1284 2178 1589 2229 amplificareque.

136 2245 250 2293 Alibi,
278 2247 340 2290 43,
358 2246 420 2293 16,
448 2246 518 2282 ita:
554 2256 717 2281 censores
748 2244 925 2294 extemplo
957 2245 996 2280 in
1021 2244 1168 2279 Atrium
1194 2241 1395 2279 Libertatis
1427 2240 1590 2278 escende-

135 2311 237 2353 runt,
264 2311 299 2343 et
324 2306 372 2343 ibi
398 2308 556 2355 signatis
580 2305 725 2343 tabellis
749 2304 900 2354 publicis
917 2304 1110 2353 clausoque
1133 2301 1314 2340 tabulario
1335 2310 1406 2340 etc.
1443 2302 1591 2340 Postre—

135 2378 196 2403 mo
223 2367 288 2413 45,
312 2369 378 2404 15:
412 2373 453 2405 ut
485 2379 532 2404 ex
565 2371 722 2417 quatuor
753 2365 905 2404 urbanis
933 2366 1097 2404 tribubus
1127 2376 1239 2401 atnam
1271 2364 1396 2414 palam
1422 2366 1457 2400 in
1483 2364 1592 2400 Atrio

138 2426 340 2465 Libertatis
365 2431 584 2466 sortirentur
604 2429 822 2475 (censores),
847 2430 885 2464 in
913 2439 1021 2476 quam
1048 2439 1168 2464 omnes
1194 2427 1254 2475 qui
1279 2427 1487 2462 senatuum
1511 2436 1592 2462 ser-

135 2490 276 2526 uissent
303 2491 524 2527 conficerent.
577 2490 634 2526 Ex
662 2489 715 2526 his
751 2489 837 2526 locis
874 2489 1009 2539 liquido
1045 2495 1199 2539 apparet
1233 2487 1268 2524 id
1295 2488 1433 2524 Atrium
1468 2487 1591 2524 censui

140 2549 323 2588 censendo
350 2557 387 2587 et
414 2552 621 2589 censoribus
653 2551 857 2589 inser-ulisse
888 2551 1016 2588 eodem
1052 2551 1130 2588 fere
1164 2549 1295 2596 modo,
1332 2561 1405 2599 quo
1432 2548 1479 2585 de
1504 2548 1591 2584 uilla
1660 2575 1665 2578 .

138 2611 283 2660 publica
309 2611 345 2648 id
373 2620 499 2649 notum
526 2620 580 2650 est
606 2625 651 2650 ex
676 2613 781 2650 Liuio
809 2615 847 2661 4,
865 2616 914 2650 22
933 2613 1014 2650 coll.
1043 2613 1208 2649 Varrone
1235 2611 1282 2648 de
1307 2622 1348 2647 re
1374 2616 1463 2646 rust.
1487 2612 1526 2657 3,
1550 2612 1590 2646 2.

138 2672 267 2723 ltaque
291 2674 389 2723 quod
416 2680 515 2712 certo
538 2686 610 2711 non
636 2681 795 2723 constat,
820 2686 888 2713 nec
914 2681 1034 2711 tamen
1062 2673 1300 2724 improbabile
1324 2677 1396 2720 est,
1421 2671 1492 2709 hoc
1516 2675 1590 2719 est,
