1685 2954
667 121 866 153 PVBLICIS
1315 123 1495 157 CLxxvu

49 234 194 262 censeo.
245 221 297 261 Et
322 235 358 261 u.
382 222 458 260 670
481 233 536 271 sq.
566 219 637 258 liba
663 220 896 270 diuiduntur,
933 234 1006 261 non
1032 224 1110 263 sine
1135 223 1348 263 Callimachi
1372 227 1493 265 imita·

48 286 148 322 tione
179 285 226 323 fr.
254 285 350 322 4542
384 277 457 320 ’Ἐκ
483 277 522 320 τ’
551 277 702 331 ἄρτους
728 278 930 332 ‹ramby-§hv
963 281 1052 331 ἅλις
1076 282 1300 336 κατέθηκεν
1325 282 1490 328 ἑλοῦσα.

46 345 204 384 Putandi
231 347 291 384 illa
316 345 457 394 argutia
483 357 520 381 u.
541 345 612 381 531
629 357 684 394 sq.
712 357 785 382 nou
812 351 868 382 est
893 346 992 395 quod
1019 348 1217 386 illustretur
1239 348 1326 387 locis
1351 350 1491 388 Horatii

49 414 87 444 et
107 408 280 445 Martialis
305 418 433 456 parum
460 405 612 443 idoneis.
652 407 813 444 Accessit
836 407 921 443 illuc
947 407 1108 446 ludicrae
1133 411 1282 448 actionis
1307 411 1491 462 quoddam

48 481 165 518 genus
191 481 212 507 e
236 467 384 505 theatris
411 467 629 516 repetitum:
654 479 736 503 eum
762 468 796 504 in
818 467 964 505 modum
985 469 1081 507 unde
1102 472 1214 508 multa
1234 473 1349 510 relata
1371 474 1493 525 suspi-

47 531 153 578 ceris,
179 530 248 566 fuit
272 529 400 577 mimus
427 528 573 565 Laberii
598 529 713 566 Anna
733 531 910 575 Perenna,
934 543 1042 580 quem
1069 532 1188 582 ipsum
1214 532 1385 571 Ouidium
1412 535 1493 573 imi-

46 597 161 628 tatum
189 601 270 627 esse
296 591 502 628 coniectare
528 590 669 628 licebit:
697 591 835 640 aliquot
860 603 905 628 ex
932 604 977 629 eo
1004 594 1118 631 uerba
1144 596 1323 645 excerpsit
1349 597 1491 635 Gellius

46 653 83 697 7,
113 654 178 689 16:
211 651 423 700 yubernium
456 650 597 689 dixerat
632 651 923 702 quem‘Ouidius
954 654 1214 693 moderatorem
1243 669 1281 693 u.
1303 656 1378 693 593
1406 657 1490 696 loco

43 712 268 763 perdifficili,
303 712 480 760 necdum,
514 712 657 760 fateor,
691 722 900 763 persanato.
961 716 1035 753 Sed
1069 718 1223 755 maxime
1255 718 1490 756 memorabile

42 773 91 811 ad
117 785 183 822 ea,
209 786 304 825 quae
330 774 376 811 de
401 774 471 812 dea
497 774 649 824 posthac
675 775 828 813 dicenda
854 784 982 822 erunt,
1007 778 1095 815 illud
1123 785 1196 827 est,
1223 777 1321 827 quod
1348 777 1396 816 de
1422 780 1492 816 ob-

41 837 181 874 scaenis
206 834 390 874 cantilenis
418 836 573 874 Ouidius
600 849 636 873 u.
653 837 743 885 675,
759 838 849 885 695,
876 846 913 876 et
939 839 986 876 de
1011 839 1198 889 impudicis
1223 839 1346 885 rebus,
1371 840 1491 889 uirgi—

41 910 109 936 neo
143 910 292 947 emtore,
325 899 353 935 si
381 899 560 948 scriptura
594 904 759 945 constat,
796 898 971 936 Martialis
997 899 1021 936 Ι.
1049 900 1125 938 iud.
1152 900 1315 937 tradunt.
1366 899 1490 940 Nemo

41 971 151 997 sanus
177 960 276 1010 apud
302 959 474 998 OuIdium
502 964 626 998 coeunt
652 972 690 996 u.
707 961 781 995 676
817 959 853 995 in
889 959 982 996 hanc
1013 967 1155 1009 partem
1189 961 1390 1011 intelliget:
1427 976 1489 1002 ca-

41 1021 259 1072 cemphaton
285 1022 505 1072 imprudenti
531 1020 663 1058 excidit
688 1026 728 1056 ut
743 1019 783 1067 5,
800 1021 875 1056 617
897 1027 934 1058 et
955 1021 1056 1059 alias.
1102 1022 1209 1059 Certa
1230 1024 1367 1073 probra
1391 1026 1488 1064 acci·

41 1085 103 1134 pio
129 1090 170 1120 ut
196 1089 309 1121 certos
333 1083 495 1120 hinnitus
521 1089 608 1119 met.
634 1085 674 1129 2,
696 1082 785 1129 668,
813 1087 947 1120 certum
972 1083 1134 1131 furorem
1159 1083 1267 1122 Pont.
1294 1088 1334 1134 2,
1356 1090 1393 1135 1,
1418 1091 1489 1127 ll:

40 1151 164 1194 potest
197 1151 317 1181 tamen
352 1146 460 1181 etiam
493 1144 609 1181 aliter.
661 1143 887 1180 Liberalibus
915 1148 952 1193 3,
977 1147 1051 1181 713
1078 1158 1160 1195 sqq.
1188 1146 1318 1183 iterum
1344 1149 1490 1188 reticuit

41 1204 195 1242 Ouidius
220 1217 361 1242 sacrum
389 1206 572 1255 publicum
598 1205 749 1255 eiusque
775 1207 973 1254 rationem,
1009 1206 1057 1244 de
1083 1219 1156 1257 qua
1182 1219 1250 1245 nec
1275 1209 1359 1246 alibi
1384 1212 1489 1260 quie-

40 1278 148 1316 quam
178 1266 262 1315 legi.
315 1267 465 1304 Seruius
493 1266 538 1303 ad
566 1267 636 1305 ecl.
665 1268 704 1315 5,
728 1269 798 1304 29:
824 1270 905 1305 Hoc
930 1273 1052 1317 aperte
1076 1269 1127 1306 ad
1157 1270 1350 1308 Gaesarem
1373 1274 1490 1322 perti-

39 1331 120 1374 net,
147 1340 250 1377 quem
275 1333 419 1366 constat
444 1331 602 1379 primum
626 1342 736 1366 sacra
760 1328 885 1367 Liberi
908 1332 1028 1380 patris
1052 1331 1286 1369 transtulisse
1311 1335 1485 1383 Romam,

40 1390 162 1427 nescio
189 1397 365 1440 quantum
390 1390 475 1427 fidei
503 1398 697 1428 mereatur.
737 1392 846 1440 Toga
872 1392 986 1429 libera
1011 1404 1056 1432 eo
1081 1392 1140 1430 die
1165 1394 1258 1430 sumi
1283 1392 1387 1432 solita
1412 1409 1487 1434 non

40 1452 170 1488 attinet
196 1451 243 1488 ad
268 1464 411 1488 sacrum
436 1453 640 1502 publicum,
669 1453 729 1489 uix
755 1453 848 1490 adeo
876 1453 988 1501 illud,
1014 1453 1114 1503 quod
1139 1454 1186 1492 de
1212 1455 1339 1493 auibus
1364 1457 1488 1496 Liberi

41 1513 289 1550 sacerdotibus
315 1527 396 1550 cum
423 1515 503 1551 libis
532 1522 569 1552 et
595 1514 718 1551 foculo
745 1527 812 1564 per
838 1515 1012 1565 oppidum
1038 1515 1247 1554 sedentibus
1274 1518 1391 1556 Varro
1419 1520 1487 1556 ha·-

42 1574 106 1611 bet
131 1574 155 1611 l.
182 1576 207 1612 l.
235 1577 273 1623 6,
302 1577 364 1623 14,
392 1589 465 1625 quo
493 1576 705 1614 referendus
733 1584 786 1614 est
811 1578 1063 1614 Tertullianus
1091 1579 1239 1629 apolog.
1266 1592 1297 1617 c.
1317 1581 1386 1617 42:
1413 1594 1488 1620 non

42 1637 81 1673 in
98 1635 236 1685 publico
253 1636 484 1675 Liberalibus
504 1638 698 1683 ᾶὶεοιιιιιῖιο,
726 1645 761 1676 et
787 1639 884 1676 unde
903 1639 1137 1689 explicandus
1163 1647 1275 1690 poeta
1301 1653 1337 1680 u.
1351 1644 1487 1679 761-

42 1699 131 1735 767.
180 1697 397 1746 Peculiaris,
426 1700 491 1736 nisi
515 1700 646 1747 fallor,
673 1700 848 1738 Romanis
874 1703 1081 1751 superstitio
1108 1702 1226 1739 dulcia
1249 1706 1486 1742 consecrandi

42 1758 200 1806 Libero,
226 1771 320 1808 quae
346 1760 487 1796 inimica
513 1768 598 1797 sunt
624 1762 735 1808 uino,
771 1761 845 1797 uid.
873 1762 1037 1800 Macrob.
1064 1770 1131 1800 sat.
1157 1766 1197 1811 7,
1224 1766 1263 1812 7,
1290 1765 1354 1803 sed
1385 1768 1487 1804 cuius

43 1820 232 1869 uestigium
260 1827 360 1857 extat
384 1822 419 1857 in
446 1823 554 1858 sacris
580 1822 709 1858 Bonae
735 1822 847 1869 deae,
882 1835 963 1859 cum
989 1836 1054 1860 uas
1081 1826 1259 1862 uinarium
1285 1827 1488 1866 mellarium

42 1889 287 1932 nuncupatur,
314 1882 426 1919 Macr.
458 1886 492 1928 1,
518 1887 578 1930 12,
605 1896 643 1932 p.
661 1886 746 1920 172.
798 1884 898 1919 Festi
924 1885 1055 1923 lemma
1081 1898 1118 1934 p.
1134 1889 1222 1933 318,
1241 1891 1291 1924 23
1317 1889 1385 1926 sin.
1411 1902 1487 1929 non

41 1950 210 1994 spectare
231 1944 276 1981 ad
294 1943 490 1991 Liberalia,
519 1946 571 1981 uti
590 1945 776 1994 Scaligero
798 1945 929 1993 uisum,
957 1953 1055 1983 recte
1081 1955 1266 1986 assecutus
1293 1957 1349 1988 est
1365 1951 1486 1990 Muel-

41 2005 152 2043 lerus.
203 2006 261 2043 De
289 2005 514 2043 Liberalibus
549 2008 688 2043 rusticis
715 2007 833 2043 Seruii
860 2007 980 2044 locum
1006 2021 1115 2059 supra
1141 2010 1362 2061 indicabam3
1394 2014 1486 2052 alte-

45 2080 126 2104 rum
148 2068 337 2117 Augustini
364 2080 443 2104 cum
471 2068 637 2105 uberiore
662 2068 707 2105 de
733 2068 786 2105 his
813 2070 921 2105 sacris
940 2069 1182 2120 disputatione
1207 2072 1368 2111 inuenies
1391 2075 1488 2113 infra

24 2127 134 2165 ‘libro
167 2128 216 2166 de
249 2128 325 2166 deis
359 2130 513 2167 selectis.
568 2130 675 2173 Quae
703 2130 855 2167 Ouidius
888 2132 971 2168 inde
1000 2144 1020 2168 a
1048 2145 1157 2169 uersu
1183 2136 1258 2171 727
1289 2141 1414 2173 narrat
1439 2136 1487 2175 de

40 2191 137 2227 omni
163 2191 232 2227 ritu
260 2190 520 2228 sacrificiorum
547 2202 569 2227 a
595 2191 730 2229 Libero
757 2199 975 2241 commento,
1003 2195 1054 2230 uti
1080 2195 1239 2244 loquitur
1265 2208 1301 2234 u.
1327 2197 1402 2235 785
1430 2199 1486 2247 (et

39 2251 238 2289 secundum
266 2265 347 2290 eum
376 2253 411 2288 T
414 2254 535 2290 ertull.
564 2253 647 2290 adu.
675 2254 899 2291 Marcionem
926 2258 949 2290 2
976 2268 1014 2305 p.
1034 2258 1107 2292 149
1133 2257 1227 2294 Par:
1263 2258 1357 2307 quod
1381 2262 1486 2310 prius

39 2311 258 2351 donaicilium
289 2314 428 2352 homini
453 2321 692 2353 commentata
718 2317 768 2362 (l.
798 2318 1020 2363 commenta>
1048 2321 1146 2364 est),
1186 2330 1231 2356 ea
1261 2320 1340 2369 ipse
1373 2327 1485 2371 poeta

38 2373 122 2412 milii
150 2385 374 2413 commentus
402 2389 480 2414 esse
507 2377 650 2419 uidetur
675 2390 720 2414 ex
747 2377 817 2414 ritu
846 2378 908 2414 illo
936 2379 1062 2428 positis
1087 2379 1215 2417 foculis
1241 2381 1482 2431 sacrificandi,

38 2446 85 2472 ex
108 2436 397 2475 suffimentorum
424 2440 563 2489 patria,
596 2452 640 2476 ex
672 2452 803 2489 graeco
830 2434 1043 2488 θριάμβου
1077 2442 1304 2491 significatu,
1335 2443 1383 2481 de
1409 2457 1483 2495 quo

15 2495 123 2534 -nide
147 2498 299 2537 Riitheri
325 2502 596 2538 annotationem
623 2500 670 2537 ad
697 2501 790 2549 Lyd.
808 2501 854 2538 de
872 2515 987 2539 mens·
1014 2516 1052 2552 p.
1071 2505 1116 2541 4.
1143 2515 1226 2542 eum
1252 2506 1348 2542 enim
1375 2518 1482 2555 grae-

39 2568 122 2594 cum
147 2560 384 2609 significatum
419 2575 500 2600 cum
537 2575 687 2600 romano
713 2563 763 2599 ita
790 2563 1098 2612 conciliauerunt,
1133 2567 1163 2603 si
1189 2566 1275 2617 quid
1302 2568 1482 2617 suspicor,

39 2625 172 2668 poetae
200 2621 333 2661 Ouidio
364 2624 477 2675 paulo
515 2614 752 2672 uetustiores,
787 2631 827 2662 ut
861 2620 1100 2676 fflriumpbari
1132 2627 1297 2666 dicerent
1332 2641 1428 2680 quae
1459 2642 1483 2666 a

38 2679 240 2720 furentibus
272 2686 414 2724 bacchis
449 2693 763 2739 expugnarentur:
801 2687 935 2727 bouem
966 2688 999 2725 si
1028 2687 1258 2741 lacerarunt,
1292 2690 1330 2729 id
1364 2703 1482 2742 genus

89 2752 150 2789 Οιι.
166 2755 261 2789 Fasti.
276 2757 397 2797 Pmleg.
1124 2750 1164 2789 Μ
