1685 2954
621 73 791 109 QVANDO
822 73 992 103 sempr!
1457 73 1530 105 CXI

79 176 126 216 ad
151 182 303 227 tropaea
328 174 506 225 Pompeii,
531 173 601 210 Dio
627 174 690 220 41,
708 174 770 217 24,
797 172 862 210 sed
890 175 1028 224 templa
1053 172 1228 224 spoliauit
1252 172 1389 224 ubique
1412 180 1529 212 terra·

77 250 159 276 rum
188 239 357 288 plurima,
382 236 452 273 Dio
477 236 542 282 41,
561 236 633 282 393
660 236 726 282 42,
747 236 810 282 34,
829 234 901 282 483
929 236 993 283 43,
1013 237 1076 283 47,
1095 237 1145 273 49
1154 249 1165 282 3
1192 234 1347 286 Appian.
1376 235 1413 272 b.
1434 249 1467 274 c.
1487 240 1528 286 2,

78 301 154 348 413
193 300 296 337 Suet.
324 299 431 335 Caes.
457 296 522 334 54.
581 294 638 333 Ad
663 307 798 333 annum
824 297 934 345 igitur
958 297 1033 334 705
1059 309 1174 347 usque
1198 297 1290 334 mitti
1314 296 1351 334 hi
1376 298 1456 335 libri
1482 298 1530 336 ad

79 362 275 400 Caesarem
301 363 474 410 poterant
498 369 632 407 magna
665 370 748 395 cum
784 358 962 405 utilitate,
997 359 1028 394 si
1062 358 1186 408 legere
1208 358 1317 397 modo
1343 359 1531 409 uoluisset,

78 430 120 461 ut
145 423 232 474 quid
257 421 462 473 pontificem
489 420 661 468 deceret,
699 419 876 457 disceret:
913 418 1147 456 metuendum
1182 421 1318 458 scilicet
1351 428 1450 470 erat,
1482 434 1531 460 ne

78 498 161 522 eum
187 484 249 535 qui
273 495 315 520 se
344 483 485 520 iuberet
517 493 708 531 assurgere
744 481 895 518 uetustis
923 482 1133 518 ceremoniis
1160 489 1200 518 ut
1231 483 1329 520 illum
1357 484 1401 522 C.
1432 486 1531 523 Tre·

78 547 236 594 batium,
272 544 376 582 Suet.
403 557 436 584 c.
453 546 518 593 78,
545 545 663 580 minus
694 542 862 580 familiari
897 544 999 580 uultu
1033 544 1241 593 respiceret.
1296 546 1417 584 Varro
1443 558 1532 585 uero

78 606 335 646 mittendorum
361 606 561 654 librorum,
596 606 675 643 siue
700 606 824 656 scripti
856 607 927 643 iam
952 605 1123 654 fuerunt,
1160 607 1238 643 siue
1261 607 1420 644 scribere
1444 614 1533 646 tune

81 669 218 719 coepit,
243 681 316 705 non
344 674 429 706 ante
454 668 642 705 consilium
662 670 796 718 capere
818 668 950 717 potuit,
977 679 1088 717 quam
1106 680 1188 704 cum
1206 669 1365 705 Caesare
1390 669 1425 705 in
1449 682 1533 718 gra-

77 731 164 768 tiam
191 730 370 778 rediisset,
397 729 497 780 quod
523 729 660 766 sactum
687 741 766 767 esse
793 729 937 766 uidetur
962 730 1029 766 sub
1056 729 1165 766 finem
1192 731 1276 766 anni
1301 732 1392 777 707,
1419 732 1531 781 siqui-

78 792 162 830 dem
188 797 362 830 euentum
389 791 596 828 habuerunt
621 803 717 841 quae
743 791 873 828 Cicero
898 802 985 840 epp.
1012 793 1051 839 9,
1071 793 1096 827 6
1115 798 1152 829 et
1175 794 1200 828 7
1224 792 1351 840 suasit,
1378 805 1532 842 quarum

77 855 319 904 posteriorem
345 853 574 890 manifestum
596 859 652 890 est
677 853 778 903 loqui
804 864 876 888 non
904 851 951 888 de
970 851 1136 890 Caesaris
1160 853 1319 890 aduentu
1347 861 1429 903 post
1456 856 1533 892 bel-

77 917 152 953 lum
178 915 412 964 Africanum,
444 914 508 953 sed
543 926 588 952 ex
612 915 744 952 Ponto.
803 913 985 950 Nimirum
1019 927 1092 951 non
1125 921 1181 951 est
1214 926 1362 952 necesse
1394 915 1532 956 editum

77 977 149 1014 hoc
174 990 306 1027 corpus
331 977 442 1015 fuisse
467 981 553 1013 ante
579 976 734 1013 adaucta
759 988 780 1013 a
811 975 970 1012 Caesare
995 975 1224 1012 sacerdotum
1252 977 1404 1026 collegia
1431 990 1530 1016 anno

77 1038 125 1076 V.
148 1039 193 1076 C.
212 1040 308 1087 707,
343 1045 436 1075 teste
462 1038 580 1076 Dione
607 1039 731 1075 Cassio
758 1040 822 1084 42,
849 1039 894 1073 51
910 1064 922 1085 ,
950 1037 1034 1087 quia
1061 1045 1230 1087 quartum
1256 1039 1373 1088 legisti
1397 1040 1533 1078 tibrum

76 1101 188 1138 fuisse
222 1101 270 1137 de
303 1100 480 1148 XVuiris,
515 1101 612 1149 iique
644 1098 789 1136 dicendi
823 1098 959 1135 suerint
991 1098 1167 1148 XVIuiri,
1203 1100 1287 1137 uide
1320 1102 1447 1139 Muell.
1484 1102 1532 1140 ad

76 1163 184 1201 Varr.
211 1161 258 1198 de
284 1161 310 1198 l.
336 1162 361 1198 1.
388 1163 425 1207 7,
445 1163 517 1197 88:
553 1162 631 1210 ipse
655 1160 726 1196 Dio
759 1166 864 1196 uetus
901 1172 1033 1197 nomen
1066 1169 1250 1198 seruatum
1287 1162 1422 1200 indicat
1449 1176 1532 1202 cum

75 1225 196 1261 scribit
221 1225 286 1272 44,
314 1223 383 1260 15:
422 1218 557 1273 ἱερέων
585 1220 665 1259 τῶν
692 1218 972 1258 πεντεκαίδεκα
998 1217 1271 1270 καλουμένων.
1323 1225 1532 1263 Fatendum

77 1287 198 1336 potius
223 1292 301 1333 est,
330 1286 377 1322 ab
404 1297 448 1322 ea
473 1298 537 1333 re,
565 1296 638 1335 qua
664 1284 818 1334 primum
845 1283 1054 1333 pontificem
1080 1297 1175 1322 max.
1203 1285 1342 1322 Caesar
1366 1299 1406 1324 se
1432 1287 1533 1324 exhi-

75 1348 176 1392 buit,
214 1347 420 1384 confirmari
451 1348 615 1397 potuisse
650 1346 686 1382 in
724 1347 912 1396 proposito
946 1346 1162 1384 Varronem.
1224 1347 1324 1384 Num
1359 1348 1446 1398 quid
1483 1349 1532 1387 de

76 1409 245 1447 editionis
272 1416 437 1459 tempore
463 1409 583 1458 colligi
608 1409 721 1458 possit
747 1420 793 1444 ex
811 1420 871 1456 eo,
898 1407 997 1458 quod
1024 1407 1129 1445 ludos
1154 1409 1272 1446 nullos
1290 1410 1409 1447 Varro
1430 1423 1530 1449 com-

75 1472 291 1509 memorauit
315 1478 463 1521 praeter
482 1472 645 1507 scenicos
667 1476 707 1507 et
733 1469 925 1519 circenses,
953 1483 1035 1507 cum
1061 1471 1215 1508 sciamus
1241 1472 1277 1508 in
1303 1472 1531 1523 amphithea-

75 1540 133 1571 tro
163 1534 299 1583 primos
338 1532 453 1569 factos
488 1545 566 1570 esse
599 1533 646 1569 ab
679 1533 758 1581 ipso
785 1532 944 1570 Caesare
972 1544 1069 1569 anno
1097 1535 1194 1580 708,
1225 1533 1297 1570 Dio
1323 1537 1388 1583 43,
1415 1539 1464 1572 22
1493 1542 1532 1574 et

75 1595 251 1645 interpp„
283 1596 362 1644 ipse
389 1595 525 1632 nescio.
577 1594 670 1631 Illud
698 1606 869 1643 quoque,
906 1593 1005 1645 quod
1037 1594 1136 1645 apud
1162 1594 1270 1632 Seru.
1298 1595 1345 1632 ad
1370 1599 1462 1634 Aen.
1489 1600 1531 1647 8,

76 1658 151 1693 698
175 1658 325 1705 legitur:
367 1659 487 1695 Varro
511 1656 723 1706 indignatur
747 1656 1022 1696 Alexandrinos
1048 1657 1133 1694 deos
1156 1660 1300 1695 Romae
1325 1657 1413 1706 coli,
1448 1661 1530 1709 pri-

75 1730 175 1754 mum
202 1719 446 1767 perincertum
473 1725 550 1766 est,
585 1731 673 1755 num
699 1717 747 1755 ad
774 1718 840 1755 lios
873 1718 984 1754 libros
1011 1719 1216 1768 pertineat,
1250 1719 1381 1758 deinde
1407 1728 1532 1770 potest

76 1779 206 1816 referri
223 1779 271 1815 ad
290 1779 500 1829 gliscentem
521 1791 601 1816 eam
621 1780 898 1828 peruersitatem
917 1779 1012 1816 inter
1030 1792 1143 1817 annos
1163 1781 1253 1829 695,
1281 1793 1354 1830 quo
1374 1782 1531 1830 prImum

76 1841 230 1891 expulsa
253 1848 340 1877 sunt
367 1841 436 1877 ista
462 1840 609 1876 numIna
635 1845 728 1876 teste
749 1841 784 1876 T
787 1840 908 1877 ertull.
927 1840 1013 1877 adu.
1037 1848 1136 1890 gent.
1164 1854 1197 1878 c.
1215 1844 1254 1890 6,
1281 1848 1319 1878 et
1339 1844 1429 1891 706,
1456 1856 1530 1893 quo

75 1904 206 1940 iterum
233 1908 326 1939 teste
353 1902 472 1938 Dione
498 1903 562 1949 42,
584 1903 650 1948 26,
677 1907 714 1938 et
739 1903 828 1949 711,
855 1915 929 1952 quo
955 1902 1106 1939 reducta
1132 1914 1211 1940 esse
1236 1903 1344 1940 docet
1368 1904 1439 1941 Dio
1464 1907 1531 1953 47,

76 1965 138 2002 15.
178 1964 276 2001 Satis
307 1964 416 2012 igitur
441 1969 519 2000 esto
546 1963 612 1998 hos
639 1963 747 1999 libros
773 1975 898 2000 rerum
926 1963 1129 2000 diuinarum
1156 1965 1310 2014 scriptos
1338 1978 1418 2003 esse
1443 1973 1531 2004 ante

74 2026 184 2063 libros
209 2025 257 2062 de
283 2025 308 2062 l.
334 2025 376 2072 l.,
412 2024 511 2074 quod
545 2030 648 2074 patet
684 2037 730 2061 ex
756 2026 794 2072 6,
818 2028 864 2061 13
890 2030 928 2062 et
956 2027 1027 2073 18,
1054 2032 1091 2062 et
1117 2027 1260 2062 biennio
1287 2033 1373 2064 ante
1397 2028 1531 2065 acade-

72 2087 183 2123 micas
209 2087 394 2123 Ciceronis
422 2087 651 2136 quaestiones
677 2086 865 2136 prodiisse.
919 2087 972 2123 lbi
998 2088 1093 2124 enim
1120 2091 1157 2136 1,
1178 2092 1203 2124 2
1219 2087 1282 2126 fin.
1308 2090 1344 2124 in
1371 2089 1531 2139 antiqui-

72 2155 189 2186 tatum
214 2149 408 2198 prooemiis
431 2147 682 2197 philosophiae
707 2160 748 2185 se
774 2159 924 2197 operam
951 2148 1093 2185 dedisse
1117 2149 1195 2198 ipse
1221 2149 1340 2186 Varro
1367 2150 1433 2197 ait,
1459 2150 1531 2188 hoc

73 2211 189 2255 estin
222 2209 320 2246 libris
353 2209 592 2257 singularibus
628 2210 770 2259 utrique
803 2211 948 2260 corpori
981 2211 1219 2260 praepositis:
1257 2210 1391 2248 deinde
1415 2224 1529 2263 supra

74 2273 98 2317 §
117 2274 143 2306 2
169 2271 280 2320 paulo
306 2270 465 2317 diutius,
497 2283 606 2319 quam
639 2272 919 2321 consueuerint,
955 2284 1081 2308 musae
1108 2272 1281 2309 Varronis
1308 2273 1448 2310 siluisse
1474 2273 1530 2310 di-

74 2338 227 2379 cuntur,
259 2332 371 2383 idque
397 2333 570 2382 quamdiu
595 2331 727 2381 fuerit,
762 2332 871 2370 docet
906 2334 1059 2384 epistola
1087 2333 1272 2371 Ciceronis
1297 2334 1344 2372 ad
1370 2336 1530 2373 Atticum

77 2396 138 2442 13,
165 2398 227 2432 12.
564 2417 582 2423 -

172 2455 395 2504 Fragmenta
429 2454 529 2505 apud
566 2455 805 2504 Augustinum
839 2456 996 2494 indicata
1032 2469 1106 2494 non
1142 2462 1198 2494 est
1230 2456 1529 2496 dissimulandum

77 2513 353 2554 dubitationibus
379 2517 477 2554 haud
504 2529 588 2553 raro
614 2529 694 2554 esse
718 2518 887 2555 obnoxia.
933 2518 1046 2556 Velut
1069 2518 1172 2566 illud,
1199 2518 1297 2568 quod
1323 2531 1421 2555 nono
1447 2517 1529 2555 loco

78 2579 304 2627 transcripsi,
339 2580 418 2628 ipse
451 2579 671 2627 Augustinus
703 2580 744 2627 6,
769 2581 817 2627 4,
854 2581 914 2616 ubi
948 2580 996 2617 de
1027 2580 1145 2630 primo
1174 2580 1399 2630 potissimum
1435 2580 1529 2615 libro

76 2636 248 2676 Varronis
272 2639 471 2690 disceptat,
498 2639 586 2677 alibi
610 2641 768 2690 positum
794 2642 904 2679 fuisse
931 2650 1074 2691 narrat,
1099 2648 1136 2680 et
1161 2641 1260 2692 quod
1286 2642 1431 2679 tertium
1457 2640 1526 2693 de‘.
