1685 2954
713 108 910 140 morinus
1440 114 1541 146 cen

93 214 163 247 sat.
184 212 220 257 1,
235 210 275 257 7,
301 214 338 247 et
363 210 563 246 Pastum-to
586 206 636 244 ita
662 216 836 258 acceptae
861 214 960 256 sunt,
987 210 1038 247 uti
1063 209 1151 260 legis
1176 208 1275 261 apud
1299 209 1477 252 Ouidium
1499 218 1540 264 1,

92 272 335 318 633-636,
371 269 440 306 cfr.
467 267 674 306 Charisium
701 270 765 306 lib.
785 273 810 306 2
836 282 874 319 p.
897 272 985 318 190,
1009 273 1078 309 191
1103 272 1162 320 P„
1198 272 1422 312 Macrobium
1448 276 1473 313 l.
1497 277 1539 325 i.,

92 333 194 369 cuius
220 332 373 378 uerba:>
391 331 486 367 sicut
511 329 718 368 Antenorta
742 335 777 368 et
802 333 1003 369 Postuerta
1028 333 1237 372 diuinitatis
1262 336 1395 374 scilicet
1419 338 1540 387 aptis-

91 396 207 432 simae
235 394 379 432 comites
405 390 504 441 apud
529 395 724 430 Romanos
759 391 927 431 coluntur
956 393 1119 432 fortassis
1154 408 1200 434 ne
1234 397 1280 434 ad
1306 398 1539 436 Carmentam

90 456 240 506 quidem
270 459 454 504 spectant:
490 459 651 490 ueterem
680 454 874 503 imaginem
907 455 943 491 in
970 455 1111 493 schedis
1138 457 1253 507 Pighii
1279 459 1422 497 ineditis
1449 461 1536 498 bibl.

88 517 213 555 Berol.
239 516 289 552 ita
324 515 468 551 inuenio
494 514 734 565 descriptam:
771 516 864 553 tales
889 517 1052 555 uidemus
1076 521 1219 556 Romae
1243 532 1354 569 prope
1377 521 1538 559 thermas

88 579 274 627 Agrippae
299 581 385 613 ante
410 575 532 613 aedem
560 579 607 613 D.
636 578 791 614 Mariae
822 579 859 614 in
885 581 1109 616 Monterona
1143 580 1180 617 in
1215 592 1307 618 arca
1341 582 1538 632 sepulcrali

85 650 288 677 mmmrea
320 638 487 688 scalptas
521 639 559 674 in
594 637 757 676 historia>
781 638 906 676 iudicii
937 640 1111 690 Paridis,
1147 641 1208 679 ubi
1231 645 1357 680 Iouem
1382 644 1538 683 mediam

84 702 178 738 inter
202 700 311 738 hasce
337 699 433 737 ditas
457 700 672 736 Carmentass
696 712 759 737 sea
790 702 1004 739 Carmentae
1030 705 1174 740 comites
1197 702 1374 741 sedentem
1399 718 1538 744 cernere

83 762 184 807 licet,
220 774 296 800 non
321 774 423 799 secus
450 774 494 799 ac
527 763 565 798 in
601 761 714 808 fastis
739 763 856 801 Eidus
880 765 1021 814 primas
1046 765 1130 802 Ioui
1153 764 1383 814 peculiariter
1406 776 1536 803 sacras

83 827 176 862 inter
201 829 354 872 utraque
385 824 635 861 Garnieutalia
669 837 783 874 aequa
811 825 949 863 dierum
975 825 1153 862 distantia
1179 826 1374 863 consistere
1400 839 1536 876 cogno-

82 888 227 924 scimus.
279 888 381 923 Nam
407 885 545 930 altera,
574 898 665 935 quae
690 888 865 924 Porrima
890 885 946 922 uel
970 889 1114 935 Prosa,
1148 891 1230 924 tota
1254 892 1399 937 praeter
1423 894 1534 939 caput

83 948 205 998 pallae
229 948 395 985 inuoluta
421 947 551 984 dextro
580 948 697 985 cubito
730 947 924 995 incumbit,
960 952 1071 996 caput
1095 947 1161 985 sub
1188 954 1305 987 inanito
1330 962 1442 988 nnana
1466 964 1536 988 su·-

81 1015 258 1054 statinus,
285 1009 495 1046 meditantis
517 1014 632 1058 qesta,
659 1012 784 1046 Iouem
807 1011 927 1058 ipsum
951 1009 1110 1054 intuens3
1136 1009 1256 1048 altera
1276 1023 1363 1049 uero
1382 1025 1408 1049 a
1428 1017 1530 1063 tergo

83 1073 187 1109 Iouis
212 1083 341 1107 auerso
368 1072 483 1119 capite
514 1083 607 1119 yona
633 1070 761 1107 dextro
793 1074 871 1107 stat
904 1073 1038 1108 innixa
1063 1070 1199 1117 cubito,
1235 1084 1310 1110 non
1340 1078 1382 1111 ut
1413 1075 1533 1114 altera

83 1134 228 1170 ontnino
253 1131 432 1175 inuoluta,
458 1131 521 1168 sed
544 1130 732 1168 seminuda
751 1153 818 1168 —-.
857 1133 886 1167 A
910 1132 1072 1169 Varrone
1099 1145 1188 1170 uero
1214 1133 1329 1171 istanc
1353 1136 1534 1188 interpre-

82 1194 257 1230 tationem
284 1191 330 1229 ad
359 1192 476 1228 cultus
503 1193 629 1241 ciuilis,
657 1193 704 1230 de
731 1206 803 1243 quo
830 1206 942 1243 supra
969 1206 1006 1243 p.
1027 1205 1180 1232 cnxxn
1205 1195 1292 1245 dixi,
1321 1198 1535 1236 cerimonias

80 1253 390 1292 accommodatam
419 1260 457 1290 et
481 1253 639 1293 Prorsae
665 1255 880 1292 Postuertae
906 1255 1171 1305 appellationes
1204 1257 1313 1306 longe
1339 1258 1444 1296 aliter
1469 1273 1531 1297 ac·-

79 1323 202 1366 ceptas
238 1315 340 1352 uides
372 1315 419 1352 fr.
443 1318 467 1352 6
494 1322 531 1353 et
556 1317 751 1367 superioris
785 1317 864 1354 libri
885 1317 922 1355 5.
977 1317 1140 1355 Similem
1173 1319 1350 1356 rationem
1385 1321 1531 1360 diuersa

79 1377 292 1415 conciliandi
319 1378 399 1414 iniit
419 1378 633 1415 Clausenius
658 1393 697 1429 p.
714 1379 802 1416 885.
843 1379 998 1416 Videtur
1017 1391 1106 1416 sane
1132 1393 1291 1426 carmen,
1318 1382 1416 1431 quod
1442 1396 1530 1432 pro-

78 1446 161 1491 pter
187 1439 411 1489 prodigiosos
437 1447 564 1489 partus
598 1441 696 1477 iussu
729 1440 939 1491 pontificum
975 1448 1039 1478 aut
1073 1441 1361 1480 decemuirorum
1388 1446 1531 1484 canitur

78 1513 114 1539 a.
141 1502 188 1539 V.
211 1502 254 1539 C.
281 1502 355 1537 545
383 1508 420 1538 et
445 1502 534 1548 552,
562 1501 643 1540 Liu.
674 1505 736 1547 27,
763 1505 833 1550 373
860 1505 922 1547 31,
944 1506 1006 1550 12,
1034 1509 1252 1541 uetustatem
1279 1506 1529 1545 Varronianae

79 1563 279 1600 sententiae
315 1562 460 1600 docere.
520 1564 614 1600 Cum
649 1571 769 1601 tamen
805 1563 967 1600 fabulam
1001 1564 1048 1601 de
1084 1566 1339 1605 uaticinatione
1373 1570 1529 1608 maxime

81 1636 163 1660 cum
189 1624 352 1661 Euandri
389 1626 496 1662 rebus
533 1626 640 1674 gestis
678 1625 771 1662 tradi
803 1638 957 1676 eamque
984 1628 1227 1665 narrationem
1254 1628 1301 1666 ad
1328 1632 1529 1670 uetustissi-

80 1697 176 1722 mam
204 1692 241 1722 et
266 1686 491 1736 exploratam
519 1687 672 1724 numinis
699 1689 881 1725 notionem
910 1702 980 1725 non
1009 1689 1188 1739 quadrare
1214 1697 1252 1727 et
1271 1690 1458 1732 Porrimae
1483 1707 1528 1732 ac

79 1747 295 1784 Postuertae
320 1748 652 1797 interpretationem
678 1756 837 1786 mutasse
858 1756 1013 1797 constet,
1041 1751 1167 1799 quaeri
1191 1758 1325 1800 potest,
1352 1766 1438 1792 num
1466 1769 1527 1793 ca-

80 1809 189 1846 nendi
225 1808 444 1857 significatus
478 1811 645 1858 proprius
676 1810 713 1846 in
751 1811 866 1846 ueteri
902 1812 1048 1847 numine
1084 1823 1163 1848 esse
1199 1812 1375 1852 debuerit.
1427 1817 1528 1856 Noui

79 1871 215 1908 Parcas
242 1871 300 1907 uel
327 1872 405 1908 sine
431 1871 582 1907 nominis
608 1869 824 1908 adminiculo
851 1883 963 1921 saepe
989 1878 1159 1909 canentes
1191 1873 1312 1911 induci
1339 1887 1360 1913 a
1385 1881 1524 1927 poetis2

79 1944 175 1982 quae
209 1939 330 1969 tamen
365 1933 394 1969 si
420 1933 586 1969 Varrone
621 1939 712 1969 teste
749 1945 770 1969 a
803 1939 910 1983 partu
950 1932 1068 1970 dictae
1103 1941 1139 1970 et
1164 1933 1273 1972 Nona
1307 1949 1351 1975 ac
1375 1939 1527 1981 Decima

80 1994 285 2031 nominibus
311 1993 473 2041 fuerunt,
501 2006 523 2030 a
545 1994 644 2030 Fatis
660 1994 872 2030 Scribundis
900 2001 982 2045 post
1011 1996 1165 2044 primam
1193 2009 1214 2033 a
1240 2003 1434 2050 puerperio
1461 2005 1527 2043 he..

81 2055 297 2092 bdomadem
324 2056 460 2105 placari
485 2055 599 2092 solitis
628 2062 720 2092 teste
736 2056 899 2097 [J'ertull.
917 2055 963 2092 de
984 2057 1104 2093 anima
1130 2070 1160 2095 c.
1179 2062 1228 2096 38
1247 2060 1414 2101 diuersae
1440 2065 1524 2105 olim

23 2141 31 2148 ,
78 2116 158 2153 iure
184 2116 369 2166 pontificio
396 2118 507 2154 fuisse
534 2116 714 2154 uidentur.
764 2117 957 2167 Singulare
983 2119 1103 2156 nescio
1130 2120 1216 2170 quid
1236 2122 1433 2163 Carmenta
1459 2127 1526 2166 ha-

79 2179 153 2224 bet,
181 2191 278 2229 quae
304 2180 410 2216 simul
435 2179 721 2228 parturientibus
747 2179 947 2229 opitulatur
973 2187 1009 2217 et
1034 2180 1081 2217 de
1108 2194 1164 2229 eo,
1192 2183 1288 2232 quod
1312 2193 1420 2234 partu
1447 2190 1526 2227 edi-

77 2247 150 2289 tur,
180 2242 407 2281 uaticinatur.
449 2241 607 2277 Nimium
628 2247 683 2278 est
709 2240 818 2277 officii
844 2242 878 2278 in
905 2242 1051 2279 numine
1073 2255 1116 2280 ex
1135 2244 1342 2283 minusculis
1368 2249 1451 2299 illis,
1477 2253 1524 2291 de

78 2303 207 2352 quibus
233 2304 372 2339 iocatur
397 2303 618 2352 Augustinus
645 2315 677 2339 c.
704 2302 742 2339 d.
769 2305 807 2351 7,
826 2307 861 2339 4.
914 2303 1093 2341 Putabam
1125 2318 1192 2355 per
1219 2306 1429 2349 duumuiros
1460 2321 1525 2353 aut

78 2363 303 2401 decemuiros
331 2372 482 2415 propter
508 2365 670 2414 prodigia
704 2376 873 2414 graecum
907 2378 1042 2403 numen
1077 2364 1191 2404 latino
1227 2371 1373 2409 nomine
1407 2375 1526 2414 intro-

80 2423 246 2471 ductum,
274 2426 473 2463 cuiusmodi
501 2415 611 2475 supra
639 2427 824 2463 Clausenii
850 2434 886 2463 et
913 2440 1011 2464 meas
1037 2430 1261 2469 coniecturas
1289 2437 1413 2483 posui:
1452 2436 1525 2475 Et.

82 2483 279 2533 λειθυῖαν,
300 2500 394 2538 quae
412 2483 585 2524 Εὐλίνου
607 2488 820 2537 cognomine
848 2502 913 2538 pro
931 2487 1187 2542 Πεπρωμίνῃ
1206 2497 1459 2536 commendata
1477 2501 1524 2538 ab

82 2545 200 2585 Oleue
225 2557 311 2587 uate
337 2555 429 2586 teste
456 2550 636 2586 Pausania
662 2553 700 2598 8,
728 2554 774 2586 21
804 2551 870 2586 sub
897 2551 961 2588 fin.
997 2553 1216 2591 interuenire
1248 2559 1409 2606 potuerit
1444 2574 1525 2599 car-

83 2608 235 2647 minibus
259 2611 493 2660 Sibyllarum.
522 2608 695 2649 Εὔλινον
722 2612 842 2649 nescio
870 2624 914 2649 an
941 2614 1100 2671 Romani
1132 2616 1361 2667 interpretari
1391 2628 1525 2671 potue-

83 2669 155 2706 rint
180 2671 412 2719 comentem,
438 2674 475 2712 h.
502 2686 536 2713 e.
565 2686 659 2725 quae
684 2674 805 2712 lanam
831 2680 895 2712 aut
920 2674 1032 2714 linum
1058 2676 1105 2715 de
1131 2679 1211 2717 colo
1238 2686 1387 2733 careret,
1412 2684 1525 2734 siqui-

1120 2738 1207 2778 02
