1685 2954
1614 0 1668 102 l

170 113 253 159 302
730 129 1048 160 PASTORVM
1662 109 1668 194 i

1664 195 1669 227 l

1664 230 1669 266 i

225 229 409 281 Tempus
435 228 543 269 idem
562 229 703 271 Stator
731 230 848 272 aedis
877 231 1016 285 habet,
1045 245 1166 286 quam
1185 233 1384 278 Romulus
1403 238 1497 281 olim
1525 245 1606 282 785

281 296 394 336 Ante
422 295 595 336 Palatini
623 298 802 339 condidit
830 312 900 340 ora
927 299 1024 354 iugi.

225 430 307 469 Tot
333 435 491 472 restant
518 431 571 471 de
599 443 743 471 mense
771 431 873 485 dies,
902 439 1003 486 quot
1030 432 1191 474 nomina
1214 434 1367 489 Parcis,

280 496 386 538 Cum
415 497 511 539 data
539 504 635 539 sunt
663 499 830 541 trabeae
860 502 1021 554 templa,
1052 497 1230 555 Quirine,
1259 509 1368 545 tuae.

222 630 406 682 Tempus
433 632 558 672 Iuleis
585 645 678 673 cras
707 638 776 672 est
803 633 941 672 natale
969 633 1170 685 kalendis,
1205 626 1207 633 ’

277 696 479 750 Pierides,
516 698 675 753 coeptis
712 697 851 738 addite
880 711 1040 739 summa
1068 701 1183 740 meis.
1216 688 1229 700 ’
1526 710 1606 746 790

220 763 379 817 Dicite,
407 765 613 819 Pierides,
649 763 742 818 quis
770 778 847 806 uos
878 764 1107 807 adiunxerit
1137 766 1221 820 isti,

276 832 356 873 Cui
383 832 496 873 dedit
521 831 675 873 invitas
701 833 814 877 uicta
842 845 1020 875 nouerca
1048 846 1205 875 manus.

218 899 293 941 Sic
322 913 414 955 ego.
456 901 519 941 sic
548 899 652 941 Clio.
695 901 794 940 clari
822 902 1071 941 monimenta
1098 901 1273 954 Philippi

272 968 452 1021 Aspicis.
489 967 599 1008 unde
626 968 751 1008 trahit
777 969 935 1010 Marcia
964 976 1085 1010 easta
1111 981 1260 1023 genus,

215 1035 392 1087 Mareia,
422 1034 609 1077 sacrifico
639 1035 862 1077 deductum
889 1049 1039 1077 nomen
1076 1038 1126 1078 ab
1153 1037 1287 1084 Anco.
1522 1043 1600 1080 795

270 1104 317 1143 In
344 1116 425 1156 qua
452 1116 525 1156 par
552 1103 684 1144 facies
711 1103 925 1144 nobilitate
952 1117 1042 1157 sua,

215 1170 296 1211 Par
323 1169 457 1210 animo
486 1183 648 1224 quoque
676 1170 805 1211 forma.
833 1184 908 1212 suo
936 1170 1170 1225 respondet.
1207 1171 1248 1212 in
1275 1171 1343 1212 illa

270 1238 328 1278 Et
355 1250 491 1292 genus
519 1244 562 1278 et
588 1238 720 1279 facies
743 1239 1031 1293 ingeniumque
1059 1239 1189 1280 simul.

210 1305 306 1347 Nec
334 1306 442 1359 quod
469 1305 685 1346 laudamus
711 1306 894 1360 formam,
923 1313 1008 1347 tam
1035 1313 1153 1358 turpe
1180 1306 1358 1358 putaris:

263 1373 499 1414 Laudamus
525 1385 700 1428 magnas
729 1374 809 1415 hae
839 1387 1001 1428 quoque
1029 1379 1150 1426 parte
1178 1373 1292 1414 deas.
1517 1378 1598 1414 800

204 1485 294 1524 785.
321 1486 431 1522 Tunc
456 1484 550 1522 idem
574 1487 618 1522 B.
658 1488 734 1532 Ita,
761 1492 875 1522 stator
892 1486 989 1521 aedis
1009 1485 1136 1532 habet,
1161 1486 1289 1522 „⁸428
1300 1488 1347 1522 33
1367 1484 1454 1529 ‹11103
1479 1497 1596 1534 ptiar.

155 1548 226 1573 scr.
266 1536 316 1572 id.
342 1536 485 1572 statoris
511 1535 621 1572 habet
646 1539 873 1585 DEma.pr·.
891 1533 972 1573 GE
978 1535 1017 1571 Z
1024 1548 1046 1584 9
1057 1548 1087 1572 r.
1135 1536 1185 1572 id.
1213 1536 1356 1572 statoris
1384 1535 1487 1571 adest
1513 1535 1597 1572 duo.

156 1586 207 1623 id.
235 1593 394 1623 staturus
421 1587 489 1623 erit
516 1587 575 1622 14.
628 1587 771 1622 statoris
805 1595 883 1623 erat
918 1599 1023 1623 titius.
1082 1587 1227 1622 statoris
1254 1587 1323 1622 erit
1353 1587 1481 1622 caeteri
1507 1590 1541 1621 et
1566 1589 1600 1623 Ε

156 1649 316 1674 masec.
352 1640 436 1682 Ita,
464 1648 592 1686 quam,
618 1639 668 1673 28
685 1641 754 1684 333
780 1649 900 1686 φηςιν.
920 1649 991 1674 scr.
1040 1648 1148 1686 quern
1183 1634 1234 1673 Ψ.
1284 1648 1379 1685 quae
1405 1634 1436 1682 f.
1488 1648 1598 1685 quae,

156 1689 241 1737 quia
268 1687 353 1725 bini.
391 1701 463 1738 quo
489 1699 596 1723 urtits.
635 1687 731 1736 quod
759 1689 899 1724 caeteri.
944 1700 1034 1723 rom.
1064 1688 1158 1722 idem
1190 1687 1219 1723 G
1236 1698 1318 1723 ufar.
1336 1698 1406 1723 scr.
1509 1689 1596 1723 786.

156 1738 311 1775 concidit
336 1736 398 1776 A.
438 1749 502 1775 ora
528 1738 606 1786 rogi
635 1740 678 1776 Τ.
779 1741 866 1775 787.
900 1750 996 1773 nom.
1029 1739 1139 1786 partis
1169 1735 1222 1773 Φ.
1270 1737 1406 1786 parthis
1432 1734 1538 1785 ΝΣ;
1565 1735 1602 1773 P

153 1786 298 1826 Heaear.
314 1801 384 1826 scr.
486 1790 573 1826 788.
609 1787 764 1824 Condita
791 1795 873 1824 sunt
903 1785 988 1823 <DE
1005 1792 1090 1824 tres.
1133 1788 1225 1823 Cum
1254 1788 1338 1824 data
1365 1788 1513 1824 tarbeae
1545 1785 1597 1825 Ψ.

153 1840 241 1876 data
266 1842 337 1877 sint
366 1841 446 1876 BG
466 1838 549 1875 duo.
597 1845 680 1875 sunt
706 1840 811 1875 turbe
837 1841 960 1875 Ema.
976 1849 1033 1887 pr.
1051 1850 1071 1874 s
1087 1843 1171 1875 tres.
1221 1845 1305 1874 sunt
1331 1839 1480 1874 umbrae
1511 1837 1594 1875 duo.

154 1891 250 1927 trab.
273 1903 385 1941 regna
410 1893 517 1926 unus.
559 1889 679 1926 Gloss.
700 1893 753 1926 E:
779 1890 843 1925 tibi
864 1890 1041 1925 trabeato.
1142 1890 1230 1926 789.
1257 1888 1395 1937 hyuleis
1412 1891 1593 1938 Ema.pr.

154 1941 230 1990 cal.
251 1953 280 1978 e.
382 1942 470 1979 790.
497 1940 670 1987 Pyerides
696 1942 741 1977 E.
782 1941 894 1990 ceptis
922 1941 1012 1976 DE.
1115 1941 1202 1976 791.
1231 1939 1368 1988 Discite
1385 1938 1446 1976 A.
1489 1951 1594 1987 pyer.

153 1995 200 2030 E.
240 1993 330 2040 pier.
360 1992 419 2046 qui
448 2003 512 2026 uos
544 1988 689 2027 GOEN.
731 1991 815 2039 quid
844 2003 907 2026 uos
931 1989 1019 2036 Af.
1058 1992 1132 2034 Ita,
1160 1989 1363 2037 adduxerit,
1392 1990 1595 2026 BGDFG

155 2040 253 2081 ‘DA
261 2041 314 2080 M
322 2040 366 2078 N
378 2040 420 2079 'P‘
427 2039 464 2077 Σ
473 2040 581 2089 T9m
590 2054 662 2077 ma.
674 2053 729 2091 pr.
743 2043 788 2077 33
800 2042 849 2077 44
865 2040 1028 2077 tredecim
1047 2045 1081 2076 et
1099 2044 1185 2077 vett.
1204 2039 1258 2077 ed.
1306 2040 1510 2076 adiunxerit
1534 2043 1594 2089 7²3

152 2098 327 2142 quatuor-5
352 2095 396 2129 N
408 2104 489 2129 nar.
506 2104 577 2128 scr.
616 2092 829 2128 adiunxerat
854 2091 1006 2128 Pedius.
1048 2090 1201 2127 adixeris
1226 2103 1256 2127 s.
1303 2091 1482 2127 addixerit
1508 2102 1594 2127 cae-

153 2146 234 2181 teri.
273 2145 318 2180 ad
345 2144 394 2180 illi
419 2156 461 2192 p;
493 2143 700 2180 Cuma-scr.
741 2142 824 2179 add.
853 2143 931 2178 istic
963 2140 1186 2189 ²Pqnatu0r.
1228 2141 1274 2178 ad
1301 2141 1392 2178 istuc
1418 2138 1457 2176 Σ
1466 2138 1530 2178 Tr
1543 2143 1592 2176 33

152 2196 205 2230 44
222 2207 306 2240 sex5
331 2197 461 2231 Puar.
477 2205 546 2230 scr.
589 2193 659 2229 adi.
681 2194 753 2229 istis
779 2205 803 2242 p
821 2205 901 2229 nar.
916 2205 986 2229 scr.
1028 2192 1111 2229 add.
1134 2192 1220 2228 illuc
1245 2196 1332 2229 uett.
1350 2191 1404 2229 ed.
1506 2193 1593 2229 792.

152 2245 247 2282 Cum
272 2258 303 2282 s.
342 2245 425 2281 ded.
449 2245 600 2280 inuictas
627 2242 1143 2292 EGMAeyma.sec.mpr
1168 2242 1401 2291 undeuiyinti.
1503 2243 1590 2278 793.

150 2308 311 2333 monum.
339 2292 554 2333 Ηεῑηεὶαηὶὶὶ
662 2296 749 2333 794.
777 2307 832 2343 sq.
860 2294 992 2330 Martia
1018 2292 1099 2330 libri,
1123 2295 1301 2343 exceptis,
1334 2306 1422 2343 quos
1446 2305 1531 2341 seq„
1558 2294 1592 2328 Ε

153 2344 340 2384 ‹12221133
358 2346 443 2384 aiio.
555 2345 643 2383 795.
680 2345 784 2381 Antia
808 2357 929 2393 ρῖιαν.
943 2356 1012 2380 εον.
1064 2356 1156 2380 sacr.
1179 2356 1308 2380 nomen
1336 2344 1528 2380 deductum
1555 2353 1587 2378 r.

154 2397 278 2434 Gloss.
299 2401 351 2435 E:
378 2398 456 2432 Hec
482 2395 550 2432 suit
578 2408 667 2432 uxor
693 2396 837 2431 maximi
870 2396 904 2430 iu
939 2396 1039 2430 cuius
1074 2394 1183 2430 domo
1217 2394 1371 2431 educata
1405 2393 1472 2429 fuit
1499 2404 1589 2428 uxor

148 2448 276 2485 ouidii.
377 2449 465 2486 796.
492 2459 564 2496 qua
591 2459 675 2497 pars
705 2444 799 2483 (DT.
840 2457 907 2496 par
932 2445 1026 2482 facie
1044 2445 1232 2481 nobilitate
1262 2442 1482 2481 mum-‚son
1523 2454 1588 2478 no-

148 2498 287 2535 bilitate
313 2499 382 2536 fuit
407 2499 506 2535 MN
521 2502 611 2535 octo.
650 2497 760 2534 nobil.
787 2499 841 2533 sui
868 2496 898 2532 b.
942 2508 1008 2532 sua
1034 2502 1089 2532 est
1115 2492 1193 2531 ΕΡ
1205 2493 1301 2543 Ψες
1318 2496 1438 2539 2)333
1457 2497 1549 2530 octo.

199 2551 286 2588 797.
313 2551 382 2586 Hic
400 2553 434 2585 et
452 2560 524 2597 seq.
543 2559 671 2585 uersus
697 2550 733 2584 ὶη
761 2547 780 2584 b
808 2548 930 2585 omissi
956 2549 994 2583 in
1021 2545 1145 2583 ordine
1168 2545 1229 2582 sed
1245 2557 1316 2582 ηια.
1332 2556 1389 2593 pr.
1416 2546 1455 2580 in
1481 2554 1585 2580 mar-

149 2601 230 2647 yirw
255 2600 425 2650 suppleti:
451 2598 493 2634 de
521 2595 562 2635 Φ
586 2600 700 2635 sciens
723 2598 824 2645 fallit
853 2601 980 2635 Burm.
1025 2596 1115 2633 Pars
1143 2593 1183 2631 Φ
1202 2608 1274 2631 ma.
1291 2606 1347 2645 pr.
1399 2593 1597 2643 responde

153 2649 553 2698 BDFMmea.pr.
573 2653 606 2686 ct
623 2649 772 2698 aliquot.
873 2650 961 2687 798.
994 2647 1043 2684 Et
1070 2658 1158 2696 gens
1184 2656 1290 2682 intus.
1392 2646 1478 2682 799.
1505 2644 1586 2681 Nec
