1685 2954
83 89 172 119 LXX
608 86 782 115 OVIDIVS
812 86 1000 118 cnomvu

83 186 197 240 phino
230 190 270 234 2,
294 187 369 234 79,
403 196 510 234 quem
545 195 587 222 re
620 196 709 223 uera
742 185 907 223 occidere
941 192 1063 223 monet
1097 185 1257 223 Idelerus
1285 183 1371 222 Kal.
1398 185 1524 236 Febr„

85 249 220 299 quique
252 260 350 294 non,
387 252 426 282 ut
459 245 488 282 is
513 257 596 283 cum
621 247 698 284 aliis
723 248 889 297 putauit,
924 248 969 284 ab
997 246 1130 285 Ouidio
1156 247 1205 284 Ill
1230 246 1327 283 Non.
1354 246 1524 297 refertur,

85 309 151 348 sed
176 308 372 347 secundum
401 306 569 344 Clodium
595 307 688 357 prid.
715 308 830 356 Non.,
859 309 1023 358 sequenti
1050 315 1157 345 nocte
1182 315 1265 358 post
1292 308 1423 344 Leonis
1451 320 1526 345 ma-

85 372 237 410 tutinum
264 380 446 416 occasum,
474 381 581 418 quem
609 369 654 406 ad
682 370 729 406 ΙΙΙ
755 371 852 407 Non.
879 370 1061 420 pertinere
1086 376 1324 406 monstratum
1352 377 1417 406 est.

184 432 397 479 Sequuntur
423 430 516 477 loci,
551 431 679 480 quibus
707 431 854 468 Clodius
880 432 926 467 ab
953 430 1087 468 Ouidio
1114 438 1177 468 aut
1203 438 1323 478 recte,
1356 438 1419 467 aut
1445 441 1530 481 per-

83 505 209 545 peram
235 491 420 528 discedere
447 491 604 539 uidetur,
629 491 693 528 sed
721 504 792 528 non
819 492 980 529 discedit.

183 551 344 590 Idelerus
369 565 406 602 p.
426 554 499 588 160
524 552 652 589 docet:
682 552 895 590 Rem-acmen
913 554 983 590 wir
1003 553 1069 591 den
1085 555 1245 592 Antores
1269 554 1327 592 als
1347 553 1404 590 dte
1421 555 1532 590 Mitte

85 614 148 653 des
164 615 374 664 Scorpione,
399 625 440 650 so
467 613 550 663 lteyt
574 614 636 651 der
660 616 684 650 6
710 615 797 650 Mai
822 615 860 649 in
886 613 947 650 der
975 617 1085 652 Mitto
1110 615 1288 652 zwischen
1314 615 1380 652 den
1409 617 1531 662 Tagen

84 678 200 714 seinws
233 674 382 714 wahren
414 674 490 711 und
524 674 751 712 scheinbaren
778 673 1065 724 Friihaufyanys
1098 676 1163 724 fiir
1188 680 1295 714 Rom.
1348 677 1429 712 Hoc
1461 681 1531 723 est,

85 736 125 785 5,
149 738 248 774 417:
379 738 549 786 Scorpios
572 757 623 763 —
649 747 673 772 a
697 735 816 771 „tedia
840 740 944 784 postte
969 737 1150 774 notandus
1175 740 1243 775 orit

84 805 186 835 recte
211 798 365 836 reddere
391 806 679 835 astronomorum
706 797 879 844 calculos,
904 797 934 833 si
960 803 1079 834 ortum
1105 799 1321 835 matutinum
1345 798 1452 835 liceat
1473 798 1530 835 in-

85 860 258 910 telligere.
312 861 369 896 De
395 872 525 896 occasu
553 866 672 896 tamen
699 859 875 895 matutino
901 859 979 909 ipse
1006 860 1136 908 accipit
1163 866 1200 896 et
1230 859 1360 896 erroris
1385 860 1532 896 insimu-

84 921 137 958 lat
158 928 331 972 poetam,
368 923 454 971 quia
479 922 645 958 nimirum
673 920 874 957 Columella
902 933 1048 970 quoque
1075 920 1172 970 prid.
1198 921 1297 958 Non.
1325 921 1413 957 Mai.
1440 921 1534 958 occi-

85 982 186 1031 dere,
219 995 291 1020 non
325 983 409 1020 oriri
435 983 628 1033 Scorpium
664 988 826 1019 annotet.
888 982 999 1027 Quod
1035 995 1055 1020 e
1092 989 1264 1033 corrupto
1300 983 1370 1019 iam
1405 981 1534 1019 Clodio

84 1043 230 1095 fluxisse
266 1050 381 1093 putu,
415 1045 477 1093 qui
511 1044 620 1093 paulo
655 1050 740 1080 ante
767 1056 892 1080 uerum
920 1044 1017 1080 solus
1050 1044 1231 1088 seruauit,
1267 1043 1331 1080 IV.
1354 1042 1474 1080 Nom:
1511 1035 1532 1080 ὅ

88 1102 283 1154 σκορπίος
310 1100 438 1142 ἕωθεν
465 1101 630 1153 ἀνίσχει.
683 1106 763 1142 Hoc
789 1105 962 1141 Eudoxus
989 1104 1161 1152 tradidit,
1188 1116 1297 1153 quem
1324 1110 1535 1154 corruptum

86 1166 216 1204 eodem
251 1167 355 1214 loco,
390 1173 488 1203 certe
523 1167 650 1204 eodem
685 1166 873 1203 interstitio
901 1178 923 1202 a
950 1166 1015 1202 Vll
1041 1165 1127 1201 Kal.
1155 1165 1242 1202 Mai.
1271 1165 1389 1202 Clodii
1426 1166 1474 1202 ibi
1498 1172 1535 1203 et

86 1227 196 1279 ipsius
223 1228 385 1277 corrupti
408 1229 585 1265 Geminus
610 1226 736 1264 laudat
762 1240 801 1277 p.
819 1229 867 1266 69
888 1227 935 1264 D.
979 1228 1115 1263 Tribus
1141 1227 1228 1263 locis
1255 1227 1452 1264 astronomi
1472 1239 1535 1264 ue-

87 1295 182 1326 teres
209 1288 426 1326 emendandi
452 1295 547 1333 sunt,
571 1301 726 1338 quorum
753 1301 825 1325 uno
844 1288 1009 1336 Clodius,
1035 1289 1149 1325 altero
1171 1287 1339 1335 Ouidius,
1365 1288 1431 1324 nisi
1450 1287 1537 1324 data

86 1362 201 1400 opera
234 1350 331 1387 mala
364 1350 662 1400 interpretatione
696 1356 870 1398 uexetur,
905 1361 982 1387 rem
1016 1356 1219 1387 seruarunt.
1273 1349 1380 1400 Apud
1406 1349 1536 1387 Ptole-

86 1424 231 1451 maeum
255 1411 370 1448 maior
396 1412 503 1448 etiam
530 1411 705 1448 confusio.

188 1474 371 1518 Quoniam
392 1473 595 1510 Columella
612 1472 779 1510 Clodium
804 1479 948 1509 secutus
968 1479 1037 1520 est,
1065 1472 1185 1509 licebit
1210 1485 1334 1509 rursus
1362 1472 1461 1509 hunc
1486 1483 1533 1509 ex

87 1536 148 1573 illo
175 1542 212 1572 et
239 1535 371 1573 Ouidio
400 1533 594 1571 emendare
620 1534 734 1571 Nonis
761 1534 914 1571 Martiis.
975 1534 1071 1570 Nam
1098 1532 1197 1584 quod
1223 1537 1263 1581 3,
1288 1535 1363 1572 449
1392 1533 1440 1572 de
1463 1533 1535 1572 Pe·

87 1609 176 1648 gaso
203 1603 277 1634 est:
329 1599 480 1644 Iamque
505 1595 564 1632 ubi
583 1595 784 1633 caeruleum
809 1595 998 1633 uallabunt
1022 1595 1144 1633 sidera
1171 1595 1322 1644 caelum,

390 1659 553 1707 Suspice,
584 1658 764 1706 Gorgonei
791 1657 882 1695 colla
906 1657 1044 1694 uidebis
1068 1659 1161 1706 equi,

88 1725 187 1758 recte
212 1719 305 1757 tradi
331 1719 489 1757 affirmat
516 1719 674 1755 ldelerus
700 1732 738 1768 p.
759 1722 844 1765 149,
873 1718 901 1755 si
928 1718 973 1754 de
1000 1724 1082 1754 ortu
1113 1719 1304 1766 matutino,
1332 1730 1440 1768 quem
1464 1719 1538 1756 Co-

87 1781 234 1818 lumella
260 1780 392 1827 habet,
430 1780 543 1828 accipi
568 1780 694 1829 possit.
747 1782 883 1816 Auctor
911 1791 999 1816 uero
1026 1780 1117 1826 sim,
1152 1786 1193 1815 ut
1229 1779 1454 1817 confidenter
1486 1781 1539 1816 ita

88 1841 300 1891 accipiatur,
327 1840 502 1891 siquidem
522 1840 692 1876 Vediouis
718 1840 849 1877 festum
868 1848 1083 1877 nocturnum
1107 1847 1199 1887 erat,
1229 1849 1267 1877 ut
1287 1842 1446 1877 omnium
1471 1854 1538 1878 no-

89 1902 247 1940 centium
273 1902 439 1949 deorum,
467 1901 565 1950 quod
591 1901 685 1937 infra
711 1900 1031 1939 demonstrabitur.
1083 1905 1233 1951 Iamque
1258 1902 1366 1952 igitur
1391 1908 1445 1939 est
1470 1903 1539 1939 sub

90 1964 169 2001 eius
205 1963 319 1999 noctis
354 1963 476 1999 finem.
536 1964 584 1998 At
618 1962 766 2000 Clodius
800 1976 1018 2015 perperam:
1055 1959 1210 2001 Δύεται
1247 1957 1267 2001 ὃ
1299 1959 1424 2008 ἵππος
1458 1958 1538 2001 ἀπὸ

89 2022 206 2074 πρωΐ,
233 2024 339 2060 etiam
366 2031 491 2060 contra
509 2024 773 2072 Ptolemaeum,
800 2026 862 2074 qui
888 2026 1077 2075 aliquoties
1103 2026 1203 2062 initio
1232 2026 1364 2062 mensis
1390 2033 1426 2062 et
1452 2038 1539 2075 pro-

88 2085 204 2136 pridie
230 2085 356 2123 Nonas
381 2086 508 2133 Mart„
535 2085 573 2123 h.
600 2098 634 2123 e.
663 2088 712 2122 10
737 2086 968 2124 Pliamenoth
992 2094 1112 2124 ortum
1138 2086 1272 2123 indicat
1297 2086 1409 2135 Equi.

190 2147 305 2184 Nonis
332 2147 470 2183 Martiis
496 2147 604 2184 etiam
632 2147 885 2196 corrigendum
912 2154 967 2183 est
992 2148 1093 2197 quod
1119 2147 1268 2184 Clodius
1294 2146 1423 2184 habet:
1450 2142 1538 2184 δύε-

89 2220 158 2247 ται
185 2206 229 2244 δὲ
256 2206 322 2246 καὶ
349 2202 369 2245 ὃ
398 2204 571 2259 ςέφανος
598 2201 772 2256 ὅρθροςε
809 2209 964 2258 primum
990 2209 1075 2258 quia
1107 2209 1275 2259 superior
1309 2214 1433 2244 nostra
1458 2220 1539 2245 cor-

89 2269 201 2306 rectio
229 2269 264 2305 in
292 2270 439 2307 exordio
467 2270 625 2308 eiusdem
651 2270 826 2307 lemmatis
853 2270 888 2307 id
918 2270 1070 2319 flagitat,
1098 2271 1168 2320 legi
1199 2266 1392 2307 Φαίνεται
1420 2261 1441 2306 ὅ
1465 2264 1538 2304 ‘ln-

91 2342 167 2374 πος
193 2326 273 2367 ἀπὸ
303 2331 419 2380 πρωΐ.
458 2329 643 2382 φαίνεται
666 2329 711 2368 δὲ
730 2329 796 2368 καὶ
824 2325 844 2368 ὃ
873 2328 1046 2381 ςέφανος
1072 2326 1233 2384 ἑσπέρᾳ.
1274 2330 1431 2379 Deinde,
1456 2329 1540 2381 quia

92 2392 245 2430 Ouidius
272 2393 321 2429 ita
348 2393 492 2430 demum
520 2400 619 2430 recte
647 2399 730 2442 post
756 2393 899 2442 Equum
928 2393 1014 2430 dixit
1041 2396 1078 2440 3,
1106 2394 1202 2430 459:

374 2457 548 2491 Protinus
574 2457 726 2504 aspicies
752 2456 907 2492 «cernenti
934 2459 1033 2492 nocte
1062 2455 1254 2501 Coronam,

91 2515 162 2552 hoc
196 2522 250 2552 est
285 2517 426 2566 uesperi
461 2517 621 2554 eiusdem
655 2516 738 2553 diei.
791 2516 980 2553 Postremo
1008 2517 1092 2565 quia
1118 2516 1348 2553 Ptolemaeus
1374 2528 1412 2565 p.
1431 2518 1482 2552 82
1506 2514 1540 2551 D

92 2577 201 2614 biduo
230 2585 335 2621 ante,
367 2576 431 2613 sed
456 2578 631 2614 Geminus
659 2591 696 2627 p.
717 2580 766 2615 68
791 2579 822 2616 Ε
850 2578 934 2628 ipsis
961 2577 1077 2614 Nonis
1103 2577 1256 2624 Martiis,
1281 2577 1340 2613 die
1369 2577 1540 2625 uigesimo

93 2639 209 2695 primo
237 2640 284 2676 ab
311 2641 473 2688 ingressu
499 2639 582 2676 solis
610 2640 645 2676 in
664 2640 801 2688 Pisces,
828 2640 890 2689 qui
907 2638 1104 2678 secundum
1124 2638 1295 2677 Ouidium
1318 2644 1356 2676 et
1373 2637 1542 2678 clodium
