1685 2954
665 83 916 116 mscnmmn
1379 89 1521 120 xxxin

63 182 293 234 admonebat,
319 181 664 222 advninktrabamr:
702 182 804 221 Festi
831 186 946 224 uerba
971 193 1071 236 sunt,
1097 199 1136 239 p.
1152 186 1177 225 5
1203 186 1263 227 ed.
1289 187 1399 238 Vrs.;
1425 189 1522 230 adde

60 246 207 297 nuptias
232 245 407 284 celebrari
432 257 505 283 non
532 244 687 292 licuisse,
714 242 789 282 Ou.
810 249 850 294 2,
869 247 946 285 557
965 260 1036 299 sq.;
1061 251 1100 299 6,
1118 251 1193 288 219
1210 263 1266 301 sq.
1309 250 1339 292 [i
1364 252 1521 303 religiosi

60 307 161 355 dies,
197 309 258 359 qui
291 307 359 344 atri
393 307 502 344 etiam
538 307 607 346 uix
631 306 705 344 ullo
731 305 936 346 discrimine
962 309 1047 346 dicti
1081 317 1186 358 sunt,
1220 312 1370 350 suerunt
1394 325 1521 353 mense
1574 339 1576 341 >

60 369 260 408 Februario
279 368 355 405 dies
378 367 525 414 ferales,
554 374 648 406 teste
667 367 802 406 Ouidio
824 370 905 407 loco
932 370 1023 419 ind„
1041 384 1166 410 mense
1189 372 1291 411 Iunio
1317 386 1399 412 curn
1424 375 1521 414 circa

60 431 225 471 Vestalia
251 442 366 480 penus
393 430 529 468 Vestae
555 436 722 481 pateret,
749 430 849 468 Fest.
877 444 917 481 p.
933 433 983 468 60
1002 432 1101 481 Vrs.,
1133 433 1341 474 Lemuralia
1368 444 1406 475 et
1433 450 1517 476 cum

58 493 212 532 mundus
226 492 359 542 patuit,
381 491 526 541 triginta
539 504 604 530 sex
623 491 850 542 postriduani
863 492 1127 541 Kalendarum,
1146 495 1350 544 Nonarum,
1372 499 1518 549 Iduum,

59 554 221 592 Alliensis
241 559 279 591 et
304 555 377 601 alii,
400 554 501 592 Fest.
516 567 554 605 p.
569 555 619 591 88
637 554 720 591 Vrs.
754 552 927 591 Nesastos
950 556 1099 606 proprie
1125 556 1220 607 dico,
1247 559 1379 611 quibus
1401 563 1518 600 multa

56 615 202 667 quidem
229 616 299 653 alia
324 616 470 666 publice
495 622 534 654 et
558 616 729 667 priuatim
747 616 814 665 vagi
841 623 1029 666 poterant,
1055 618 1110 656 ius
1135 626 1257 658 tamen
1284 634 1358 659 non
1385 623 1518 663 redde-

56 678 184 726 batur,
214 678 352 728 populo
378 679 414 715 in
442 678 518 715 aliis
553 678 662 715 rebus
695 684 889 728 occupato.
944 679 1058 717 Tales
1091 688 1197 719 erant
1230 683 1314 720 olim
1347 685 1518 724 ludorum

53 738 331 776 honorariorum
357 739 434 777 dies
460 752 610 788 omues,
647 747 748 788 tum,
782 747 821 776 ut
849 741 1001 791 opinor,
1037 743 1161 781 messis
1190 750 1228 781 et
1254 745 1519 785 uindemiarum

52 801 168 838 feriae
194 801 279 839 inde
305 814 328 839 a
352 802 530 841 Kalendis
556 803 653 840 Iuliis
688 809 727 840 et
761 802 846 853 ipsis
872 803 1050 841 Kalendis
1078 804 1311 844 Octobribus.
1365 796 1517 847 Vtrum-

53 875 128 914 que
153 876 268 913 geuus
297 863 437 902 dierum
473 866 594 902 littera
621 864 659 901 N
684 871 850 902 notatum
876 872 932 902 est
963 866 999 903 in
1025 866 1149 903 fastis:
1184 874 1341 919 utroque
1375 878 1427 908 ex
1454 883 1519 922 ge-

53 938 142 963 nere
168 926 301 963 multos
327 927 488 964 aboleuit
515 929 724 976 Augustus,
762 927 814 962 uti
840 927 965 963 tabula
990 935 1115 965 nostra
1140 930 1260 966 docet.
1313 930 1518 982 Religiosos

55 1000 119 1026 eos
145 987 246 1025 fastis
273 988 418 1035 exemit,
446 989 509 1038 qui
534 999 638 1025 sacra
662 989 784 1038 aliqua
809 994 846 1024 et
867 995 1015 1029 uetusta
1041 991 1234 1028 cerimonia
1260 992 1416 1043 insignes
1443 1007 1517 1033 non

53 1057 187 1088 essent.
240 1051 333 1086 Hinc
359 1056 427 1096 est,
454 1049 554 1100 quod
581 1062 701 1100 neque
726 1050 778 1088 IX
803 1050 865 1086 ΚΡ
885 1051 1009 1101 Sept„
1046 1052 1094 1088 111
1121 1052 1222 1093 Non.
1247 1053 1348 1102 Oct.,
1384 1056 1436 1093 VI
1461 1056 1516 1094 Id.

53 1112 167 1157 Nou„
194 1112 324 1161 quibus
349 1111 477 1148 diebus
504 1112 660 1149 mundus
687 1113 806 1162 patuit
831 1113 1031 1150 secundum
1050 1115 1199 1152 Festum
1222 1129 1260 1166 p.
1279 1120 1354 1153 142
1374 1117 1518 1167 MuelL,

51 1185 172 1224 neque
194 1173 263 1210 XV
275 1172 341 1210 Kl’
360 1175 471 1223 Aug„
498 1175 561 1224 qui
585 1174 655 1211 fuit
680 1174 757 1212 dies
779 1175 959 1223 Alliensis,
985 1189 1106 1227 neque
1131 1178 1183 1214 IV
1200 1178 1299 1217 Non.
1320 1180 1429 1229 Aug„
1455 1181 1518 1230 qui

49 1236 119 1274 suit
145 1235 345 1273 Cannensis
355 1261 367 1280 ,
401 1235 499 1272 Gell.
529 1235 569 1284 5,
597 1239 670 1285 17,
709 1249 828 1287 neque
858 1237 954 1287 prid.
981 1238 1082 1276 Non.
1110 1238 1210 1287 Oct.,
1249 1240 1295 1277 de
1321 1254 1394 1291 quo
1433 1242 1517 1281 uide

49 1298 149 1336 Plut.
176 1298 322 1335 Lucull.
345 1309 376 1334 c.
399 1299 449 1333 27
475 1298 556 1346 fin.,
583 1310 702 1349 neque
728 1298 782 1335 ld.
804 1299 932 1347 Mart„
959 1299 1006 1337 de
1032 1301 1163 1350 quibus
1189 1300 1260 1337 Dio
1277 1303 1342 1350 47,
1362 1305 1424 1351 18,
1453 1316 1518 1341 ne-

50 1373 124 1412 que
148 1360 201 1397 IX
222 1360 284 1397 Kl'
313 1359 398 1408 1u1.,
429 1359 475 1397 de
502 1372 575 1410 quo
602 1359 714 1398 Ouid.
742 1363 780 1409 6,
804 1362 904 1409 765,
932 1375 1023 1411 quos
1051 1363 1126 1399 dies
1153 1360 1345 1400 maximam
1372 1370 1516 1415 partem

51 1429 152 1460 atros
179 1421 288 1458 fuisse
315 1428 416 1459 certo
443 1429 609 1470 constat,
636 1435 704 1459 nec
730 1423 797 1473 ipsi
823 1425 970 1474 triginta
996 1437 1061 1461 sex
1086 1425 1337 1476 postriduani,
1364 1427 1430 1463 nisi
1457 1426 1519 1465 ubi

50 1483 158 1520 aliam
185 1483 232 1520 ob
260 1495 406 1520 causam
433 1483 469 1520 id
496 1483 575 1521 fieri
601 1485 834 1523 manifestum
861 1493 937 1532 est,
972 1487 1103 1524 nefasti
1130 1493 1304 1524 notantur
1329 1488 1365 1524 in
1393 1488 1519 1526 tabula

51 1544 250 1583 Maffeana.
290 1546 462 1596 Plerique
482 1547 680 1585 comitiales
700 1554 799 1596 sunt,
828 1543 1101 1596 maximae,'uti
1126 1548 1215 1597 dixi,
1242 1560 1363 1586 rerum
1385 1562 1516 1600 geren-

51 1606 182 1644 darum
208 1605 386 1644 licentiae:
438 1607 540 1658 Ergo
566 1621 790 1660 quamquam
817 1608 893 1646 dies
917 1610 1081 1648 Alliensis
1108 1611 1145 1647 in
1171 1611 1310 1662 aliquot
1336 1613 1517 1662 posterio-

52 1669 100 1706 ris
127 1669 211 1706 aeui
234 1669 338 1707 fastis
364 1677 583 1716 annotatur,
617 1672 763 1721 publica
799 1672 975 1721 religione
1008 1673 1109 1709 nulla
1135 1680 1237 1721 erat,
1274 1674 1374 1710 uelut
1408 1673 1519 1712 fuisse

55 1730 199 1767 uidetur
223 1731 399 1767 Varronis
425 1738 563 1780 aetate,
591 1732 664 1769 uid.
685 1733 741 1769 'de
769 1732 793 1769 l.
815 1733 841 1770 l.
864 1735 903 1781 6,
926 1736 988 1770 32.
1041 1733 1136 1770 Illud
1161 1740 1283 1772 tamen
1311 1735 1516 1773 deliberan-

52 1790 140 1828 dum
167 1802 247 1829 esse
271 1792 455 1840 intelligo,
489 1800 611 1830 utrum
639 1793 796 1831 Ouidius
823 1807 905 1830 cuin
931 1794 978 1831 de
1004 1794 1132 1831 diebus
1158 1796 1244 1834 atris
1271 1795 1516 1846 postriduanis

51 1859 192 1900 monet,
217 1853 254 1890 id
281 1860 421 1890 tantum
448 1854 577 1890 fecerit
603 1855 735 1891 ueteris
763 1856 958 1892 memoriae
984 1857 1115 1904 gratia,
1143 1857 1452 1905 quemadmodum
1478 1859 1516 1896 in

51 1914 230 1952 fastorum
258 1916 390 1952 tabulis
411 1915 519 1952 etiam
541 1916 655 1952 multa
679 1922 904 1969 annotantur
930 1929 1003 1953 non
1030 1918 1096 1954 nisi
1123 1917 1206 1955 olim
1235 1919 1429 1969 aliquando
1456 1932 1517 1958 ce-

50 1975 180 2025 lebria,
210 1989 272 2025 au,
299 1978 385 2028 quia
411 1977 498 2015 illud
526 1989 675 2027 quoque
701 1990 816 2027 genus
843 1979 930 2014 totis
953 1977 1068 2025 fastis
1096 1979 1281 2018 inhaerere
1305 1981 1414 2027 dixit,
1450 1982 1536 2021 ali-.

50 2051 125 2088 quo
151 2038 261 2075 modo
295 2039 331 2076 in
363 2039 529 2076 omnibus
564 2050 654 2076 suae
689 2040 819 2089 aetatis
854 2040 987 2076 tabulis
1020 2048 1186 2079 notatum
1221 2043 1379 2080 sciuerit.
1432 2043 1516 2082 Vna

49 2099 113 2137 illa
145 2106 234 2137 nota
268 2100 304 2137 in
340 2102 466 2139 tabula
490 2092 594 2138 Maff.
621 2100 708 2137 XIX
734 2101 797 2138 Kl’
825 2101 937 2137 Febr.
967 2103 1027 2138 uix
1053 2103 1186 2141 sufficit
1212 2104 1259 2142 ad
1285 2117 1411 2143 omnes
1437 2105 1515 2144 dies

1 2155 3 2158 ⁴
49 2160 307 2212 postriduanos
333 2170 431 2200 atros
457 2162 661 2201 notandos:
688 2161 797 2212 longe
823 2163 1028 2200 accuratius
1054 2164 1091 2201 id
1116 2164 1203 2202 fecit
1229 2166 1378 2204 Verrius
1404 2164 1516 2205 Flac-

49 2235 114 2261 cus
138 2235 264 2262 mense
296 2225 477 2264 Ianuario.
540 2226 681 2266 Verum
719 2224 875 2262 sortasse
912 2225 972 2261 illa
1008 2225 1133 2276 religio
1171 2226 1219 2263 ad
1254 2229 1515 2279 rempublicam

50 2291 192 2323 tantum
223 2289 422 2337 spectauit,
459 2294 558 2325 certe
593 2288 678 2324 inde
713 2287 759 2323 ab
787 2288 939 2336 Augusti
977 2295 1112 2326 aetate.
1167 2290 1312 2327 Caeteri
1341 2292 1411 2328 atri
1437 2292 1514 2331 dies

49 2360 132 2385 cum
160 2349 357 2387 comitiales
384 2357 572 2398 notantur,
600 2349 767 2400 profecto
794 2362 867 2385 non
891 2356 1077 2386 notantur.
1122 2350 1233 2394 Quod
1261 2365 1349 2390 uero
1376 2355 1512 2404 postri-

48 2410 161 2448 duani
188 2423 315 2448 omnes
349 2419 413 2448 aut
448 2406 605 2459 nefasti‘,
642 2418 705 2448 aut
731 2411 910 2458 intercisi,
947 2418 1034 2459 aut,
1072 2411 1183 2462 idque
1209 2415 1365 2452 maxima
1391 2421 1513 2465 parte,

48 2471 147 2520 fasti,
173 2473 212 2513 h.
234 2485 268 2509 e.
295 2473 437 2510 senatui
463 2480 500 2510 et
527 2475 677 2512 comitiis
700 2472 875 2509 habendis
903 2473 1009 2510 alieni
1036 2480 1135 2522 suut,
1162 2474 1199 2511 id
1224 2484 1322 2514 certe
1342 2490 1417 2514 non
1443 2478 1510 2514 im-

50 2534 177 2583 pedit,
202 2536 395 2584 quominus
422 2536 567 2585 publice
594 2536 750 2585 religiosi
775 2534 936 2582 suerint,
975 2534 1039 2571 sed
1068 2542 1106 2572 ut
1131 2534 1328 2587 pleraque,
1356 2551 1512 2589 gnarum

50 2595 224 2633 lectorem
248 2597 481 2646 requirebat,
517 2598 579 2648 qui
611 2598 673 2635 illa
698 2598 735 2634 in
761 2596 929 2633 Ianuario
957 2597 1081 2633 notula
1107 2597 1378 2638 admoneretur.
1431 2601 1513 2637 Hoc

50 2656 160 2706 igitur
184 2658 214 2696 si
240 2671 314 2696 non
343 2653 421 2696 ueri
445 2660 567 2711 specie
594 2665 718 2709 caret,
756 2657 932 2709 quosdam
961 2670 1005 2697 ex
1039 2657 1210 2710 religiosis
1237 2659 1364 2700 diebus
1389 2661 1513 2712 Augu*

101 2729 161 2764 Ou.
180 2731 272 2764 Fasti.
291 2732 410 2771 Proleg.
700 2724 705 2726 ‚
1163 2721 1195 2757 C
