1685 2954
581 105 962 142 L13.ovAnrvs
1423 86 1500 129 189

123 217 297 260 Scilicet
323 221 370 256 ut
397 212 525 263 fuerit,
554 216 691 250 tamen
719 208 797 248 hac
825 203 1078 246 Mutinensia
1105 203 1262 245 Caesar

180 285 387 328 Grandine
415 279 554 322 militia
581 274 754 330 perculit
782 284 890 314 arma
918 283 1005 312 sua.

128 418 266 458 Tertia
295 421 387 469 post
415 409 593 452 Veneris
623 421 715 451 cum
741 408 812 448 lux
840 406 1060 448 surrexerit
1086 405 1189 458 idus,

182 482 415 532 Pontifices,
446 478 558 519 forda
586 489 706 517 sacra
733 476 846 515 litate
876 477 992 515 boue.
1428 475 1508 511 630

127 551 260 592 Forda
288 550 424 589 ferens
451 547 527 587 bos
553 551 618 586 est
645 542 917 596 fecundaque,
947 542 1058 582 dicta
1086 537 1272 580 ferendo:

179 619 287 658 Hinc
318 617 441 656 etiam
466 615 575 654 fetus
601 625 748 652 nomen
778 611 928 651 habere
957 613 1114 662 putant.

126 685 249 725 Nunc
269 683 480 738 grauidum
502 693 634 735 pecus
654 685 731 733 est,
752 677 948 732 grauidae
971 688 1133 730 quoque
1151 674 1307 715 semine
1327 679 1470 714 terrae.

185 750 334 792 Telluri
362 751 508 803 plenae
537 747 703 789 uictima
730 748 851 800 plena
877 745 1004 785 datur.

126 820 230 859 Pars
260 818 371 859 cadit
400 830 495 858 arce
522 815 644 856 louis.
683 820 747 855 ter
777 814 904 854 denas
932 810 1044 853 curia
1071 822 1224 852 uaccas
1433 811 1511 848 (535

182 887 361 938 Accipit,
392 891 436 925 et
462 885 576 937 largo
607 893 751 935 sparsa
780 894 921 921 cruore
949 879 1101 919 madet.

128 954 210 994 Ast
237 954 306 993 ubi
334 952 562 993 uisceribus
591 950 741 991 uitulos
772 961 941 1001 rapuere
970 943 1154 998 ministri,

186 1021 396 1072 Sectaque
423 1018 595 1059 fumosis
622 1022 719 1057 exta
745 1016 895 1056 dedere
924 1012 1042 1066 focis,

128 1088 231 1140 Igne
259 1092 417 1127 cremat
446 1083 596 1126 uitulos
625 1097 731 1137 quae
759 1077 864 1124 natu'
885 1082 1062 1122 maxima
1090 1081 1207 1134 uirgo
1236 1084 1315 1132 est,

188 1155 304 1194 Luce
332 1152 445 1194 Palis
473 1152 646 1205 populos
674 1157 824 1205 purget
854 1157 901 1191 ut
928 1151 994 1191 ille
1024 1148 1139 1190 cinis.
1340 1204 1343 1206 -
1438 1149 1520 1187 640

130 1221 252 1275 Rege
280 1222 416 1261 Numa
454 1221 589 1260 fluctu
623 1232 704 1259 non
737 1219 1013 1272 respondente
1047 1214 1173 1257 labori

185 1291 301 1330 Irrita
329 1287 496 1341 decepti
523 1293 621 1328 uota
651 1286 826 1327 colentis
855 1292 983 1327 erant.

79 1427 158 1462 FN
167 1421 306 1462 ΟΠΨ
329 1421 418 1460 ani?
454 1423 666 1460 mutinentia
690 1421 757 1469 Ilf.
797 1421 984 1458 mutinesia
1011 1422 1059 1457 D.
1101 1419 1315 1457 munitensia
1340 1422 1522 1469 Emmpr.

79 1475 296 1512 mutinencia
323 1472 372 1510 Γ.
420 1473 571 1510 muthin.
604 1486 636 1511 r.
684 1473 804 1510 Gloss.
825 1475 878 1509 D:
911 1478 948 1508 et
981 1471 1056 1507 seii'
1080 1470 1190 1507 suerit
1216 1483 1260 1507 .1.
1289 1469 1523 1517 concedatur,

79 1532 201 1561 tamen
227 1525 264 1561 h.
291 1524 327 1561 d.
357 1537 388 1561 c.
498 1526 585 1561 628.
620 1524 782 1561 Grandia
809 1526 867 1559 Es
879 1525 929 1558 20
955 1526 1045 1559 octo.
1087 1522 1215 1559 milicia
1241 1524 1335 1558 EG.
1380 1523 1525 1558 militiae

81 1574 366 1624 Hrma..pr.34
377 1577 423 1610 41
452 1574 537 1619 111103
565 1578 599 1612 E
609 1577 650 1611 N
660 1587 741 1611 υαν.
753 1587 822 1611 scr.
870 1575 951 1618 Ita,
979 1572 1150 1622 perculit,
1176 1571 1256 1619 Ilf„
1284 1577 1323 1608 ut
1347 1575 1526 1620 suspicor,

83 1625 147 1662 sub
172 1637 247 1662 ras.
276 1625 382 1670 (nihil
399 1629 522 1661 tamen
543 1625 778 1674 dignoscitur)
801 1625 1041 1661 Gst433
1062 1634 1139 1659 sex.
1178 1623 1327 1673 pertulit
1352 1624 1388 1659 A
1404 1624 1526 1667 (utro-

85 1688 151 1724 que
167 1677 269 1721 teste)
286 1677 328 1710 Ν
333 1687 355 1722 9
372 1676 420 1710 43
447 1678 610 1724 qaeuinque.
655 1675 815 1725 pertudit
840 1677 902 1710 20.
951 1674 1099 1722 protulit
1125 1676 1186 1710 34.
1233 1673 1391 1723 perpulit
1417 1685 1523 1709 unus.

86 1726 236 1762 contulit
261 1722 298 1760 E
310 1722 352 1761 Ψ
376 1730 540 1773 quatuor.
590 1725 752 1761 contudit
779 1727 909 1761 caeteri
933 1729 967 1759 et
991 1736 1225 1760 msam-scr.
1277 1724 1430 1759 conterit
1454 1722 1525 1769 Ilf.

85 1779 123 1813 in
147 1787 265 1824 marg.
291 1788 365 1812 ma.
384 1787 452 1812 sec.
506 1782 603 1811 cont.
636 1787 700 1811 ora
732 1775 764 1810 b.
820 1786 908 1810 suae
934 1771 1006 1810 111·
1020 1786 1095 1812 ma.
1111 1786 1167 1822 pr.
1190 1775 1295 1810 3441
1324 1773 1411 1818 ‹1u0;
1444 1775 1531 1810 ΕΝ

85 1838 248 1863 ‹mr.scr.
355 1827 442 1862 629.
475 1825 607 1861 Tereia
635 1827 725 1861 DE.
766 1831 848 1873 post
874 1823 952 1859 idus
981 1824 1121 1859 ueneris
1147 1827 1336 1872 Εηιαφν.
1438 1826 1526 1861 630.

87 1877 196 1913 Pont.
223 1876 314 1912 fibra
340 1888 441 1912 sacra
467 1875 533 1921 lif.
561 1875 648 1922 fort.
670 1874 749 1911 cad.
770 1887 843 1911 ma.
864 1876 902 1910 in
927 1885 1044 1921 marg.
1068 1886 1160 1911 corr.
1199 1875 1303 1910 forda
1329 1875 1529 1911 sacrificate

91 1929 187 1963 boue
209 1932 235 1963 t.
276 1938 378 1963 sacra
405 1933 528 1962 notate
554 1927 648 1962 boue
668 1928 712 1962 E.
814 1927 899 1960 631.
929 1924 1050 1960 Corda
1070 1924 1137 1971 lif.
1151 1924 1239 1971 fort.
1253 1924 1333 1961 ead.
1347 1937 1421 1962 ma.
1434 1937 1529 1962 corr.

92 1978 207 2014 Plena
232 1977 299 2013 fer.
332 1978 531 2014 Cum-,scm
576 1975 828 2026 foecundaque
853 1974 918 2021 llf.
945 1979 1031 2011 «cett.
1049 1973 1102 2011 ed.
1141 1975 1295 2012 ferundo
1323 1978 1368 2012 Z.
1407 1975 1531 2012 feren-

91 2028 178 2064 dum
205 2034 260 2064 est
283 2027 352 2074 1lf.
372 2026 459 2073 fort.
478 2026 556 2063 ead.
573 2039 649 2063 ma.
668 2038 759 2063 corr.
799 2025 949 2062 serendo
977 2031 1031 2061 est
1056 2027 1296 2062 NPm2033
1323 2031 1489 2074 quatuor.

140 2080 227 2114 632.
253 2077 373 2114 foetus
399 2077 464 2123 111⁶.
491 2082 576 2113 vett.
599 2077 651 2113 ed.
692 2077 819 2113 faedus
843 2073 900 2111 Π.
938 2076 1003 2111 fet.
1032 2088 1136 2112 omen
1167 2077 1205 2115 G.
1308 2078 1395 2113 633.
1423 2078 1532 2112 Tunc

97 2126 148 2165 Ψ.
198 2129 307 2164 Nunc
341 2129 487 2164 auidum
512 2129 548 2163 A
567 2132 646 2164 test.
667 2129 779 2164 Gron.
801 2129 836 2163 E
849 2139 921 2163 ma.
936 2138 991 2175 pr.
1009 2124 1071 2171 (Φ
1088 2131 1168 2163 test.
1185 2126 1329 2173 Heius.)
1345 2126 1376 2172 f.
1422 2126 1533 2162 Nune

90 2178 229 2215 aridum
256 2181 317 2215 43.
359 2179 466 2214 Nunc
492 2179 653 2214 rauidum
678 2176 717 2213 (D
734 2182 812 2214 test.
828 2177 967 2213 Matth.
1007 2176 1115 2213 Nunc
1139 2178 1309 2226 gauiduin
1330 2175 1386 2216 Π,
1427 2190 1531 2225 grau.

89 2242 187 2266 nunc
212 2241 300 2265 sem.
327 2228 650 2277 Ilf.BGNZmp
666 2231 715 2263 20
740 2232 884 2276 septem.
925 2239 1026 2277 grau.
1055 2240 1121 2276 pro
1148 2241 1234 2264 sem.
1258 2225 1305 2263 Σ.
1345 2240 1455 2277 quoq.
1473 2240 1534 2264 se-

90 2280 188 2316 mina
226 2283 348 2316 Ema.
365 2291 434 2328 pr.v
468 2291 613 2328 quoque
640 2279 801 2327 gramine
831 2279 876 2315 G.
928 2290 1072 2327 quoque
1099 2280 1257 2326 germine
1282 2278 1380 2326 {1273
1406 2289 1529 2327 puar.

92 2341 163 2367 scr.
266 2331 354 2366 635.
385 2331 472 2365 iouis
500 2342 566 2379 per
591 2329 700 2365 denas
718 2328 785 2375 Ilf.
826 2329 915 2364 iouis
942 2329 1135 2365 tradendas
1160 2329 1259 2364 curia
1286 2333 1331 2364 12
1342 2332 1393 2364 20
1418 2328 1531 2366 alius.

94 2381 209 2417 curria
232 2393 265 2418 r.
379 2381 465 2417 636.
503 2381 603 2427 larga
629 2382 680 2416 N.
729 2380 831 2428 largo
858 2379 950 2415 larsa
978 2391 1009 2418 r.
1058 2391 1186 2415 cruore
1213 2379 1307 2415 cadit
1329 2391 1352 2427 y
1372 2392 1444 2416 ma.
1460 2391 1529 2416 sec.

96 2437 214 2467 manet
239 2434 275 2468 E
290 2442 437 2478 ma.pr.
491 2437 638 2466 manent
668 2431 712 2466 G.
754 2432 861 2466 Hunc
887 2434 919 2465 et
944 2441 1016 2477 seq.
1043 2441 1138 2466 vers.
1165 2434 1304 2478 transp.
1331 2427 1380 2466 Γ.

145 2482 231 2518 637.
258 2482 325 2517 Est
352 2481 412 2516 ubi
431 2479 507 2527 Af.
537 2481 595 2516 -Et
620 2481 682 2516 ubi
711 2477 906 2529 mmmpr.
945 2480 1126 2515 ministrae
1154 2482 1190 2516 D
1207 2479 1270 2516 sub
1290 2492 1365 2517 ras.
1388 2492 1532 2530 mcupr.

147 2532 234 2568 638.
259 2532 405 2568 famosis
424 2533 616 2579 Dimepr.
717 2532 802 2566 639.
830 2536 991 2567 cremant
1014 2532 1059 2566 B.
1085 2537 1234 2567 cremet
1258 2542 1305 2567 m.
1346 2537 1471 2568 creant
1496 2530 1532 2567 h.

99 2587 154 2616 est
177 2579 280 2619 abiic.
308 2579 394 2617 ΦΓ
391 2579 437 2617 Ν
440 2577 482 2617 Δ
489 2593 510 2617 r
534 2586 700 2630 (plantor.
802 2582 890 2616 640.
916 2580 1016 2616 Luce
1041 2580 1162 2629 palam
1185 2582 1304 2618 Guar.
1321 2594 1390 2618 scr.
1429 2578 1534 2630 palos

101 2632 136 2665 D
151 2642 224 2667 ηια.
243 2643 298 2679 pr.
340 2633 441 2680 pales
467 2630 547 2668 libri
573 2636 714 2681 praeter
738 2628 826 2667 ΓΝ
837 2627 1234 2677 Ψ(Σ’.Ρ)ὖὴευια.εεσ.
1259 2631 1386 2681 reliqui
1412 2642 1533 2669 omnes

35 2734 39 2737 μ
99 2685 133 2716 ει
159 2682 195 2716 D
221 2693 247 2718 a
271 2686 472 2720 correctore.
511 2695 601 2732 pop.
626 2683 748 2732 placet
772 2693 878 2718 tenus.
918 2681 978 2718 ille
1004 2688 1086 2718 tuus
1111 2680 1144 2722 b.
