1685 2954
89 130 162 162 σιν
652 167 657 173 ,
697 128 837 160 vanno
866 129 922 160 nr

91 231 141 268 19
161 228 262 269 dext.
313 227 427 267 Nouit
451 231 562 278 poeta
585 225 704 265 Sinnii
728 229 914 281 Capitonis
941 231 1173 281 sententiam,
1200 242 1308 282 quam
1333 230 1411 282 ipse
1434 232 1528 271 Ver-

89 292 165 329 n'us
188 291 377 343 probauit,
403 289 504 327 nouit
529 294 720 339 praeterea
744 297 817 329 tres
841 294 954 341 alias,
980 306 1069 344 quas
1095 294 1244 331 Verrius
1269 305 1527 332 commemora-

41 368 46 371 ’
91 353 157 402 uit,
183 352 247 390 sed
267 353 430 402 sequitur
456 353 746 389 uu.639--660
764 352 1041 403 Varronianam,
1068 355 1303 405 propositam,
1330 362 1369 391 ut
1388 356 1529 405 opinor,

89 414 128 451 in
154 414 291 463 antiqq.
317 425 389 451 rer.
417 412 655 450 humanarum
681 415 740 452 uel
764 414 986 464 diuinarum,
1013 417 1204 467 repetitam
1230 424 1270 453 ut
1295 417 1407 452 multa
1433 416 1480 453 de
1503 417 1530 454 1.

89 474 117 511 1.
141 475 263 521 5‚45:
295 475 436 525 Argeos
461 474 574 512 dictos
597 479 728 523 putant
753 488 777 513 a
800 477 1043 528 principibus,
1080 479 1141 527 qui
1166 490 1245 515 cum
1271 478 1424 515 Hercule
1450 477 1530 515 Ar-

85 537 174 584 yiuo
197 548 324 574 uenere
350 541 510 575 Romam
540 540 575 573 et
607 537 645 572 in
672 537 855 574 Saturnia
878 538 1122 576 subsederunt.
1183 538 1322 576 Eadem
1354 539 1534 576 sententia

90 596 163 634 fuit
181 598 340 635 Cornelii
351 597 521 649 Epicadi,
547 597 703 634 docente
721 597 909 636 Macrobio
928 606 995 636 sat.
1016 604 1052 648 1,
1070 604 1132 648 12,
1158 613 1195 651 p.
1209 603 1298 648 240,
1309 603 1396 638 241.
1432 600 1535 638 Festi

90 658 222 697 lemma
248 661 284 697 in
309 660 408 697 hunc
433 658 580 696 modum
604 658 846 708 supplendum
873 672 952 698 esse
976 662 1140 699 existimo
1176 662 1259 699 inde
1284 674 1306 699 a
1332 674 1439 699 uersu
1465 662 1537 699 de-

90 720 205 758 cimo:
246 721 412 759 Vestales
438 722 609 770 uirgines.
666 722 788 757 Varro
815 719 937 767 dicut,
969 723 1195 759 morante‘in
1220 724 1335 760 Italia
1351 723 1366 767 ΙΙ
1383 723 1537 761 Hercule

93 781 189 830 quod
221 785 283 832 qui
313 783 364 821 ibi
394 784 491 828 θῆκε
522 783 689 820 comitum
718 781 909 819 habitaue-
927 778 1034 823 lirant
1062 785 1172 821 Graii
1199 785 1379 822 noluerint
1409 784 1537 833 etiJam

90 843 217 882 haberi
240 849 318 896 atq;
343 845 538 893 Atyn-{lei
562 842 729 892 sepulcra
751 843 1026 889 mandaJuerint
1051 846 1149 892 arui,
1176 857 1328 893 quorum
1344 847 1537 896 pro-ileu-

89 909 257 944 ·rattmom
281 908 508 953 memor-ihm
533 904 770 954 redintegrari
794 919 835 944 eo
858 902 1041 955 ye-llnere
1065 905 1247 954 sumti-cii.
1299 909 1458 954 Samma
1483 908 1538 946 le-

87 972 219 1016 gatum
245 968 423 1018 quendam
448 966 695 1016 Arga-licum
720 966 806 1005 dicit
828 970 867 1005 in
890 969 1060 1017 neyot]iis
1079 971 1220 1006 Romm
1242 974 1424 1007 mortuum
1448 981 1537 1006 esse.

90 1031 127 1066 is
152 1027 416 1073 utili-adhiberi
439 1030 580 1078 possen
611 1029 817 1066 institutum
847 1042 922 1067 esse
955 1042 981 1067 α
1012 1029 1280 1079 sacerdotibus,
1312 1029 1540 1080 utlieffiyies

90 1092 249 1141 s]cirpea
273 1103 320 1130 ex
345 1089 510 1129 omnibus
539 1091 650 1128 curiis
679 1093 767 1140 quia
793 1091 954 1140 publicae
969 1090 985 1136 ΙΙ
1001 1093 1054 1129 rei
1080 1104 1195 1129 causa
1217 1094 1540 1138 interamni-iuuis-

92 1157 161 1201 εει,
190 1160 283 1191 caet.
335 1153 536 1203 Superiora
561 1151 608 1188 de
632 1153 812 1189 sententia
832 1153 983 1200 Manilii,
1010 1165 1117 1203 quam
1144 1152 1297 1190 Ouidius
1326 1167 1388 1192 uu.
1406 1155 1540 1192 625—-

92 1213 168 1249 632
195 1214 396 1262 expressit,
428 1214 561 1250 rectius
587 1220 672 1251 sunt
703 1215 869 1251 restituta
894 1226 938 1252 ex
963 1215 1136 1263 Dionysio
1163 1214 1246 1251 Hal.
1276 1219 1313 1262 l,
1340 1219 1386 1253 19
1414 1222 1452 1253 et
1476 1219 1541 1265 38,

93 1273 160 1310 nisi
186 1273 282 1311 sorte
306 1276 456 1326 propius
483 1274 728 1312 accedendum
754 1282 808 1312 est
834 1275 881 1312 ad
901 1275 1025 1313 Ouidii
1051 1275 1162 1312 uerba
1189 1288 1226 1315 υ.
1241 1277 1335 1313 627:
1362 1277 1433 1315 duo
1459 1290 1541 1316 cor-

93 1346 188 1384 porav
211 1341 353 1384 gentes,
388 1337 466 1374 siue
491 1335 682 1385 legendum
710 1343 784 1373 est:
824 1341 908 1386 quot
935 1349 1088 1386 corpora
1111 1341 1244 1385 9eutes.
1296 1338 1432 1375 Verum
1459 1351 1541 1377 cum

95 1397 216 1434 omnia
242 1410 484 1448 quaecunque
510 1397 702 1445 Dionysius
729 1398 917 1436 Manilium
943 1397 1136 1434 tradidisse
1161 1398 1306 1446 scribit,
1333 1399 1430 1448 apud
1456 1399 1542 1436 Ma-

96 1459 259 1495 crobium
285 1466 353 1497 sat.
379 1465 416 1507 l,
436 1462 474 1507 7,
501 1461 629 1509 p.219
642 1472 696 1507 sq.
725 1459 958 1509 proferantur
984 1471 1030 1496 ex
1055 1460 1237 1507 Varrone,
1263 1460 1349 1498 inde
1375 1461 1542 1510 cognosci

95 1531 181 1556 reor
206 1520 251 1558 L.
278 1522 420 1558 Manilii
454 1522 521 1557 isto
548 1521 772 1570 testimonio,
812 1521 911 1571 quod
937 1522 1043 1558 bilem
1068 1521 1182 1557 mouit
1205 1521 1405 1558 Niebuhrio
1431 1521 1469 1558 h.
1493 1522 1542 1559 R.

97 1585 133 1626 l,
160 1595 197 1632 p.
221 1586 290 1631 13,
327 1583 446 1633 ipsum
473 1583 673 1620 Varronem
701 1597 804 1620 usum
840 1595 940 1628 esse,
974 1583 1027 1619 uti
1059 1582 1213 1619 fortasse
1240 1582 1286 1619 de
1312 1583 1336 1619 l.
1363 1583 1387 1618 l.
1412 1583 1450 1628 5,
1479 1586 1542 1620 31.

96 1641 246 1680 Verrius
272 1645 378 1693 igitur
412 1656 483 1680 non
520 1645 688 1692 exiguum
715 1645 888 1681 Varronis
923 1645 1043 1680 locum
1076 1645 1254 1693 integrum
1280 1644 1546 1693 transcripsisse

97 1703 256 1742 uidetur.
309 1710 428 1754 Atque
454 1705 489 1740 id
516 1706 683 1754 suspicor
709 1718 779 1741 non
807 1705 862 1741 hic
888 1713 1028 1742 tantum
1055 1706 1101 1742 ab
1127 1718 1170 1742 eo
1197 1705 1348 1752 sactum,
1374 1705 1438 1742 sed
1464 1717 1545 1743 sae-

96 1764 254 1814 pissime,
279 1765 430 1815 eiusque
455 1767 665 1815 suspicionis
687 1779 799 1803 unum
827 1775 1076 1816 argumentum
1103 1766 1298 1816 proferam.
1340 1767 1457 1804 Verrii
1483 1779 1546 1805 ae-

99 1833 175 1863 tate
200 1839 281 1863 cum
309 1827 400 1863 Aelii
425 1828 612 1877 quinque,
646 1827 706 1864 uel
731 1841 795 1865 sex
820 1829 960 1878 scriptis
985 1829 1254 1875 inclaruissent,
1292 1828 1375 1865 uide
1401 1829 1544 1878 elegan-

99 1895 173 1925 tem
209 1895 246 1925 et
279 1889 398 1939 prisco
430 1888 656 1924 Batauorum
691 1890 887 1939 splendore
921 1889 1068 1939 dignam
1100 1891 1129 1928 Ι.
1157 1891 1199 1927 Α.
1227 1890 1270 1927 C.
1298 1903 1369 1926 uan
1396 1890 1546 1927 Heusdii

98 1950 380 2000 disquisitionem
407 1949 453 1985 de
475 1949 521 1985 L.
543 1949 645 1986 Aelio
664 1951 805 1988 Stilone
830 1952 933 1990 Trai.
955 1954 1066 1999 1839,
1094 1964 1129 2001 p.
1147 1953 1210 1999 61,
1239 1953 1298 1988 ubi
1323 1952 1458 1990 addere
1478 1965 1547 2003 po-

100 2013 212 2048 tueris
247 2012 294 2049 de
319 2012 406 2049 Sex.
434 2012 534 2048 Aelio
562 2011 661 2048 Geli.
689 2014 727 2060 4,
755 2017 799 2061 1,
831 2014 1006 2049 Vaassen.
1034 2013 1215 2050 animadu.
1243 2026 1282 2063 p.
1301 2018 1397 2062 223,
1424 2015 1471 2051 de
1496 2015 1545 2059 Q.
1598 2041 1599 2044 η
1667 2016 1671 2019 ’

99 2073 202 2110 Aelio
228 2075 429 2110 Tuberone
454 2073 530 2109 Icto
558 2073 656 2110 Gell.
686 2078 723 2122 1,
742 2078 813 2123 223
843 2076 903 2121 14,
923 2076 961 2121 7,
978 2077 1016 2121 8,
1043 2076 1119 2124 qui,
1147 2076 1211 2111 nisi
1237 2075 1365 2122 fallor,
1384 2077 1547 2112 diuersus

99 2133 170 2171 fuit
195 2135 241 2171 ab
267 2135 440 2182 hictorico
467 2133 565 2184 apud
593 2134 747 2172 eundem
773 2138 812 2184 7,
829 2137 868 2183 9,
894 2136 1002 2174 Dion.
1026 2137 1110 2175 Hal.
1137 2139 1228 2185 1,7,
1254 2137 1360 2173 Seru.
1385 2137 1430 2173 ad
1453 2139 1545 2176 Aen.

102 2196 143 2242 4,
169 2198 257 2245 390,
285 2197 424 2234 Charis.
451 2200 490 2245 2,
517 2208 553 2246 p.
579 2198 626 2232 81
654 2197 805 2248 aliisque
831 2204 1124 2246 commemorato,
1152 2198 1198 2235 de
1223 2199 1325 2235 Aelio
1351 2199 1459 2235 Gallo
1485 2206 1547 2236 r'e-

101 2258 254 2294 centiori
278 2259 452 2296 Vaassen.
479 2258 503 2295 l.
530 2257 622 2304 ind.,
649 2258 696 2302 hi,
720 2259 880 2308 inquam,
908 2271 987 2295 cum
1014 2259 1143 2296 eodem
1168 2259 1303 2297 suerint
1329 2261 1451 2310 gentili
1477 2273 1547 2297 no-

102 2317 213 2364 mine,
238 2331 384 2356 necesse
410 2327 465 2357 est
490 2320 626 2356 cauerit
649 2320 794 2357 Verrius
813 2320 978 2368 Flaccus,
1006 2334 1052 2358 ne
1077 2322 1396 2359 confunderentur.
1437 2323 1547 2366 Quod

103 2390 188 2415 eum
220 2380 268 2415 ita
302 2381 430 2418 secisse
462 2382 644 2430 existimo,
679 2388 719 2419 ut
751 2389 815 2419 aut
840 2383 929 2419 Aelii
956 2384 1103 2420 Stilonis
1139 2395 1268 2420 nomen
1297 2384 1547 2433 perscripserit

106 2440 269 2490 plenius,
304 2442 401 2490 quod
428 2441 644 2493 plerumque
669 2444 710 2480 fit
736 2445 772 2480 in
799 2446 1039 2494 grammaticis
1066 2445 1162 2495 apud
1189 2446 1358 2491 Festum,
1395 2446 1548 2482 sactum-

106 2512 180 2551 que
214 2507 270 2538 est
305 2504 499 2541 rectissime
535 2517 556 2541 a
582 2505 759 2542 Muellero
795 2507 831 2542 in
868 2507 1120 2556 supplemento
1146 2520 1183 2557 p.
1199 2510 1288 2553 217,
1304 2511 1349 2542 13
1369 2507 1464 2543 dext.
1491 2519 1547 2544 se-

106 2561 263 2598 cundum
282 2563 388 2600 Varr.
416 2565 462 2601 de
488 2566 512 2604 l.
534 2567 557 2603 l.
579 2567 619 2615 5,
639 2567 703 2616 25,
729 2567 1007 2617 faciendumque
1033 2568 1176 2605 uidetur
1201 2581 1239 2618 p.
1254 2569 1342 2615 355,
1357 2570 1406 2603 27
1429 2568 1547 2604 dext.:

110 2624 304 2660 Τιιπιιιῑιιηι
330 2627 396 2672 L.]
425 2627 575 2675 Aelius,
615 2630 691 2666 vel:
731 2629 838 2678 Stilo]
866 2629 1015 2677 Aelius,
1048 2629 1350 2679 quemadmodum
1386 2630 1549 2666 Aurelius

106 2684 250 2736 Opilius
276 2687 337 2737 qui
362 2693 416 2724 est
442 2700 481 2737 p.
499 2690 586 2737 141,
606 2692 655 2726 30
675 2692 740 2728 sin.
768 2698 804 2729 et
829 2703 908 2728 esse
935 2691 1077 2730 uidetur
1101 2704 1137 2742 p.
1153 2693 1241 2739 257,
1265 2694 1312 2729 28
1330 2691 1441 2736 dext„
1466 2691 1550 2741 ple-

1643 0 1658 45 ...ἃ

1655 224 1658 248 !

1654 255 1659 275 l
