1685 2954
580 80 679 108 ΜΒ.
711 76 996 107 εΕονΝονε
1456 55 1512 100 73

126 183 250 227 Curio
285 181 477 238 legitimis
512 193 620 222 nunc
648 178 890 221 Fornacalia
924 176 1061 219 uerbis
1210 194 1215 198 ·
1430 175 1509 214 525

181 253 388 293 Maximus
415 248 568 302 indicit,
596 261 676 289 nec
704 252 816 288 stata
844 258 965 287 sacra
994 245 1106 286 facit.

125 322 252 374 Inque
286 319 371 359 foro
404 317 531 356 multa
559 317 710 357 circum
746 313 954 368 pendente
990 312 1142 352 tabella

181 387 378 442 Signatur
404 390 517 426 certa
545 384 657 425 curia
683 394 872 436 quaeque
900 387 1010 421 nota.

127 456 344 508 Stultaque
373 466 468 508 pars
497 452 634 506 populi
661 463 767 504 quae
795 450 850 490 sit
878 461 955 489 sua
985 448 1108 501 curia,
1137 447 1286 501 nescit,

182 523 268 564 Sed
295 520 395 563 facit
424 526 606 562 extrema
636 531 756 561 sacra
783 517 912 558 relata
941 516 1019 558 die.
1431 515 1512 553 530

125 657 205 698 Est
230 656 358 697 honor
385 661 428 696 et
456 653 632 706 tumulis,
661 654 818 695 animas
845 654 1008 707 placare
1035 656 1228 705 paternas

181 725 397 778 Paruaque
423 725 463 764 in
494 729 706 765 extructas
734 735 902 763 munera
926 722 1032 761 ferre
1059 731 1196 774 pyras.

126 792 260 834 Parua
287 798 432 845 petunt
461 804 616 833 manes.
655 790 791 844 pietas
820 803 892 843 pro
922 789 1048 829 diuite
1076 792 1196 841 grata
1225 790 1292 826 est

183 861 369 900 Munere.
405 873 486 900 non
515 859 660 900 auidos
683 859 793 912 Styx
820 856 947 897 habet
973 857 1055 895 ima
1084 855 1197 896 deos.

129 928 291 981 Tegula
316 928 517 981 porrectis
544 926 647 968 satis
677 931 743 966 est
770 925 910 965 uelata
940 924 1115 976 coronis,
1435 922 1515 962 535

183 997 240 1036 Et
266 1008 436 1049 sparsae
465 995 625 1049 fruges,
661 1004 870 1046 paruaque
899 990 1005 1033 mica
1033 991 1146 1043 salis,

128 1065 255 1117 Inque
281 1075 391 1103 mero
421 1064 572 1103 mollita
600 1073 732 1113 ceres,
761 1061 977 1114 uiolaeque
1005 1059 1189 1100 solutae:

180 1132 300 1171 Haec
326 1130 477 1170 habeat
503 1127 640 1169 media
666 1134 780 1169 testa
807 1127 951 1169 relicta
977 1128 1057 1168 uia.

127 1199 222 1241 Nec
248 1199 402 1239 maiora
428 1202 537 1238 ueto.
573 1196 651 1237 sed
679 1202 723 1237 et
753 1197 818 1237 his
841 1195 1054 1250 placabilis
1081 1194 1222 1237 umbra
1250 1200 1327 1236 est.

183 1265 304 1307 Adde
331 1279 480 1319 preces
506 1265 654 1318 positis
682 1270 724 1304 et
752 1276 830 1305 sua
855 1264 983 1305 uerba
1010 1263 1127 1304 focis.
1436 1260 1518 1301 540

126 1334 249 1375 Hunc
276 1346 429 1374 morem
455 1334 638 1385 Aeneas,
665 1330 835 1386 pietatis
861 1331 1035 1372 idoneus
1062 1335 1217 1383 auctor,

183 1400 336 1443 Attulit
362 1401 403 1442 in
431 1406 574 1454 terras,
602 1400 712 1442 iuste
739 1401 902 1453 Latine,
928 1405 1034 1440 tuas.

75 1541 154 1590 ipsa
179 1541 301 1578 ABE
314 1542 361 1578 G.
463 1541 553 1584 525.
581 1541 707 1579 Curtio
728 1538 775 1578 Σ.
816 1540 992 1590 legitimus
1011 1539 1042 1587 f.
1078 1539 1177 1588 legit.
1205 1543 1292 1575 tunc
1316 1536 1413 1574 forn.
1439 1535 1523 1573 libri

77 1596 220 1640 praeter
239 1590 486 1637 AGOE(‘.2)A
508 1595 652 1629 81220
663 1595 710 1628 43
729 1597 763 1629 et
788 1594 954 1640 quinque,
981 1603 1070 1640 quos
1093 1602 1234 1639 sequor.
1271 1588 1459 1626 fornicalia
1485 1589 1522 1624 D

80 1640 122 1679 Γ
129 1639 167 1678 Σ
174 1639 229 1677 Μ
241 1654 315 1678 ma.
331 1654 386 1691 pr.
406 1655 453 1678 m.
490 1643 689 1679 fornocalia
708 1642 743 1680 b.
781 1643 981 1679 formicalia
1008 1644 1177 1690 quinque3
1201 1654 1226 1690 p
1245 1652 1329 1677 aar.
1343 1652 1413 1677 scr.
1446 1638 1523 1674 sor-

80 1692 232 1730 macalia
258 1703 290 1728 r.
391 1693 477 1728 526.
505 1693 603 1730 Max.
631 1693 782 1729 instituit
811 1694 857 1730 G.
906 1692 1032 1729 indixit
1061 1692 1113 1729 lm·
1138 1691 1217 1728 edd.
1249 1694 1336 1727 Ven.
1367 1693 1462 1735 Vic.;
1488 1690 1525 1725 Ε

82 1754 167 1780 uar.
186 1753 257 1779 scr.
305 1742 427 1778 incidit
452 1755 475 1791 p
502 1755 584 1779 uar.
598 1755 668 1780 scr.
712 1755 780 1779 nec
812 1754 915 1778 sacra
943 1749 1038 1778 stata
1066 1740 1107 1778 Γ
1105 1770 1115 1778 .
1217 1744 1304 1778 527.
1338 1740 1524 1790 pendente

83 1804 218 1830 corona
247 1794 331 1828 BE.
433 1794 519 1828 528.
546 1793 717 1841 Signatur
743 1804 827 1828 cera
853 1794 978 1838 (caera
995 1795 1048 1839 D)
1075 1793 1174 1828 curia
1200 1804 1367 1841 quaeque
1391 1803 1455 1835 sua
1485 1792 1523 1826 D
1575 1817 1577 1819 -
1599 1797 1605 1811 ’ἱ
1633 1796 1643 1818 ¹·

83 1841 178 1881 ΕΓ.
279 1844 366 1879 529.
393 1841 603 1891 Sstultaque
630 1846 679 1879 D.
725 1843 914 1891 Multaque
944 1840 996 1878 Φ.
1044 1843 1169 1892 populi
1195 1843 1308 1878 nescit
1333 1854 1398 1879 sua
1425 1842 1525 1877 curia

83 1906 178 1944 quae
204 1893 248 1929 sit
266 1890 305 1928 Γ
310 1890 366 1928 Π.
405 1894 450 1928 sit
475 1894 540 1929 sita
568 1894 664 1929 curia
691 1905 714 1942 p
732 1905 814 1930 var.
830 1905 903 1929 scr.
1008 1894 1094 1929 530.
1130 1905 1233 1929 sacra
1256 1893 1381 1929 relicta
1403 1904 1526 1930 omnes

84 1944 166 1982 libri
187 1945 356 1992 exceptis,
387 1956 474 1992 quos
495 1956 636 1991 sequor,
663 1946 695 1980 B
708 1945 824 1980 GDm
841 1946 892 1979 20
909 1948 942 1980 et
960 1943 1074 1980 tribus
1089 1944 1186 1981 aliis.
1286 1936 1375 1980 531.
1405 1951 1441 1980 et
1467 1950 1526 1990 ty-

85 1996 182 2033 tulus
208 2007 266 2030 an.
295 1991 343 2030 Γ.
371 1995 514 2043 placate
541 1992 604 2030 E?
625 2007 661 2031 m
680 2006 754 2031 ma.
772 1991 853 2043 prs?
979 1996 1066 2031 532.
1093 1997 1127 2030 in
1155 1995 1327 2032 extinctas
1354 1993 1434 2032 I'm
1459 1995 1523 2036 34,

82 2051 256 2083 exstruct.
282 2047 330 2081 D.
372 2046 406 2080 in
436 2052 598 2081 extructa
624 2057 775 2081 munera
799 2044 896 2082 serre
923 2045 981 2081 uia
1009 2043 1060 2082 Ψ.
1098 2045 1194 2082 ferre
1221 2058 1289 2083 om.
1309 2049 1345 2083 D
1372 2059 1447 2083 ma.
1467 2057 1524 2095 pr,
1594 2060 1602 2065 ¹*

83 2097 162 2134 fere
188 2095 218 2142 f.
257 2095 351 2131 ferte
380 2092 446 2132 Φῖὶ
460 2092 521 2131 E?
534 2108 582 2132 m.
623 2097 719 2148 pitas
739 2093 878 2132 EGT.
979 2096 1066 2132 533.
1095 2109 1187 2145 pro.
1204 2123 1213 2133 .
1230 2124 1239 2133 .
1256 2103 1314 2133 ete
1341 2104 1443 2145 grata
1471 2108 1527 2140 est

83 2150 132 2185 E.
172 2153 227 2183 est
245 2145 316 2183 abi.
334 2144 374 2181 A
392 2145 503 2183 alius.
606 2142 694 2184 5322.
721 2147 789 2182 stix
804 2144 928 2183 ΒΕΓ
931 2158 962 2184 r.
1003 2146 1114 2184 habet
1135 2159 1204 2183 uua
1223 2152 1374 2195 septem
1402 2160 1426 2197 p
1440 2159 1534 2196 nar,

81 2210 154 2236 scr.
195 2197 306 2233 habet
331 2203 410 2232 atra
435 2194 516 2242 flor.
538 2199 619 2234 Ber.
657 2196 740 2233 hab.
764 2196 862 2233 unda
884 2199 918 2234 G
934 2202 1102 2247 quatuor.
1202 2199 1289 2234 535.
1315 2199 1350 2233 T
1354 2211 1410 2248 eg.
1435 2211 1520 2248 pro-

83 2248 190 2286 rectis
216 2247 240 2294 f
262 2248 358 2283 511.
402 2248 437 2282 T
440 2260 496 2296 eg.
526 2248 691 2297 proiectis
722 2259 745 2295 9
771 2259 854 2285 var.
871 2260 943 2285 scr.
989 2256 1044 2284 est
1073 2248 1207 2284 uallata
1237 2247 1262 2285 h
1286 2253 1374 2285 νει-ι.
1401 2249 1471 2295 ed.;
1502 2260 1526 2297 9

83 2311 167 2336 aar.
185 2309 257 2335 scr.
365 2296 452 2334 536.
487 2298 536 2334 Et
560 2310 724 2347 sparsum
748 2309 772 2346 9
797 2310 880 2335 nar.
900 2311 971 2336 scr.
1008 2299 1104 2347 frug,
1132 2311 1331 2348 sparsaque
1361 2302 1528 2336 BDPm

88 2352 111 2390 3
130 2360 214 2394 sex3
243 2349 273 2387 G
280 2360 303 2397 p
321 2359 403 2385 var.
418 2360 490 2385 scr.
533 2360 718 2398 parcaque
738 2349 774 2385 A
791 2361 865 2387 ma.
882 2362 952 2386 sec.
978 2351 1012 2386 G
1029 2351 1122 2386 834.
1227 2351 1315 2387 537.
1341 2363 1431 2387 mer.
1449 2363 1528 2389 mo-

86 2399 149 2436 lita
167 2412 214 2441 m,
255 2399 353 2435 moll.
380 2411 482 2448 seges
500 2411 522 2447 9
538 2411 612 2435 nia.
630 2411 687 2449 pr.
792 2401 878 2436 538.
907 2401 1008 2436 Haec
1033 2401 1140 2437 abeat
1158 2412 1191 2440 r.
1228 2400 1385 2437 habeant
1410 2400 1434 2447 f
1449 2413 1526 2437 πια.

87 2461 144 2499 pr.
183 2448 283 2486 Haec
311 2449 430 2487 habet?
445 2450 480 2486 in
507 2449 624 2486 media
643 2451 678 2486 D
692 2447 735 2486 Ψ
747 2455 898 2499 septem;
930 2452 958 2487 G
969 2452 999 2487 0
1017 2462 1098 2487 nar.
1117 2463 1186 2488 scr.
1224 2457 1313 2488 teta
1330 2455 1366 2489 E
1382 2464 1455 2488 ma.
1469 2463 1527 2501 pr.

89 2506 182 2536 testa
206 2500 412 2536 solutauiar
434 2499 466 2536 b.
517 2507 610 2536 testa
635 2506 780 2550 reperta
807 2502 864 2537 uia
890 2500 1001 2537 Aldd.
1031 2502 1129 2538 1516
1154 2506 1188 2538 ct
1214 2503 1323 2539 1534.
1434 2504 1521 2538 539.

90 2547 175 2585 Non
199 2551 281 2587 mai.
299 2553 386 2588 ΕΡ.
424 2551 507 2587 mai.
527 2557 613 2600 peto
631 2563 679 2588 m.
718 2550 782 2587 sed
809 2552 844 2588 in
871 2551 926 2588 his
943 2554 1062 2589 Ema.
1079 2565 1136 2602 pr.
1176 2559 1212 2589 et
1237 2553 1295 2590 hic
1319 2566 1343 2603 p
1362 2564 1527 2590 u-ar.scr.

142 2600 228 2641 540.
261 2613 341 2650 pos·
367 2602 403 2638 in
436 2613 502 2639 sua
529 2599 662 2649 (29‘?);
703 2599 745 2644 Ψ
768 2614 851 2641 uar.
871 2614 941 2641 scr.
991 2610 1027 2642 et
1059 2604 1121 2653 pia
1155 2604 1266 2642 uerba
1295 2606 1341 2642 15
1377 2608 1410 2642 et
1440 2601 1526 2641 Αἶά.

92 2648 202 2693 1516.
301 2652 389 2689 541.
415 2659 516 2690 actor
538 2650 642 2690 AN
651 2664 681 2690 s.
