1685 2954
726 78 925 107 PVBLICIS
1414 75 1548 110 CLXXI

101 192 181 217 rum
207 179 363 217 sacraria
388 177 497 215 fuisse
524 175 651 225 uiginti
676 182 817 225 septem
844 182 998 212 testetur
1019 178 1136 215 Varro
1163 179 1188 215 1.
1207 178 1231 215 Ι.
1253 177 1292 225 5,
1307 178 1369 215 45.
1420 179 1548 218 Potest

98 240 256 287 ¹Ouidius
282 243 317 278 in
343 252 384 276 re
409 238 501 275 adeo
529 236 665 274 difficili
702 249 891 273 numerum
918 238 1016 274 illum
1043 236 1241 288 pleniorem
1263 239 1421 289 Dionysii
1448 253 1548 277 com-

100 316 250 354 parasse
282 315 325 339 ac
352 300 514 337 retulisse
549 298 596 335 ad
623 311 813 335 numerum
847 299 1026 334 curiarum
1062 307 1124 335 aut
1157 302 1314 338 tribuum
1339 302 1549 339 scribendo:

99 371 184 415 quot
210 374 360 413 corpora
382 365 522 410 flentes,
550 360 587 398 h.
616 372 648 397 e.
677 355 877 409 φράτρας,
906 360 1036 408 curiaS,
1065 361 1137 396 uid,
1165 362 1316 410 Dionys.
1347 368 1382 411 1,
1400 366 1438 411 8,
1465 364 1547 401 coll.

97 427 204 464 Paul.
231 427 332 462 Diae.
361 437 398 474 p.
420 425 482 470 49,
510 424 549 471 4,
584 430 648 459 aut
682 423 764 459 uide
790 423 890 459 Fest.
918 435 956 472 p.
971 425 1061 469 233,
1087 424 1133 458 25
1159 423 1274 460 dextr.
1309 432 1346 462 et
1372 425 1548 462 Niebuhr.

98 489 180 525 hist.
206 488 277 528 Ro.
306 489 342 533 l,
370 498 408 535 p.
427 485 514 521 465.
579 485 817 534 Hyperbaton
853 484 950 520 foret
983 483 1078 520 idem
1114 485 1210 533 quod
1244 493 1390 522 metam.
1419 490 1457 535 3,
1474 489 1550 523 420

96 547 292 586 secundum
322 547 434 583 bonos
460 547 589 583 libros:
615 547 795 595 geminum
811 558 871 583 cen
892 545 1033 582 lumina
1050 545 1163 582 sidus,
1204 547 1394 584 Postremo
1419 561 1458 584 u.
1474 550 1547 585 661

97 610 134 646 in
160 610 333 646 librorum
361 609 540 658 scriptura
567 610 730 658 agnoscis
758 607 977 645 Ouidianam
1005 607 1318 656 consuetudinem,
1345 621 1417 646 am.
1445 613 1483 658 3,
1513 614 1550 658 1,

97 674 165 718 313
192 674 231 719 6,
250 673 313 707 79.
364 670 421 706 De
450 672 576 720 Argeis
614 670 721 706 uideo
759 670 961 720 disputasse
989 670 1223 706 Clausenium
1256 671 1291 706 in
1326 671 1417 707 libro
1445 673 1551 720 inge-

97 733 317 780 niosissimo,
346 733 444 768 cuius
473 745 568 768 nunc
596 731 740 768 demum
771 745 919 781 compos
945 744 1023 768 sum
1049 731 1188 779 factus,
1215 745 1254 782 p.
1277 733 1352 768 934
1377 745 1457 782 sqq.
1510 733 1550 769 In

97 806 142 831 eo
170 794 260 831 libro
287 803 462 843 quantum
498 800 582 844 post
614 795 766 844 primam
793 794 984 830 lectionem
1010 794 1170 830 iudicare
1202 795 1306 841 licet,
1344 795 1488 844 saepius
1514 794 1551 831 id

97 855 160 903 fit,
196 856 294 905 quod
330 857 400 892 hoc
426 868 572 906 quoque
606 856 709 892 loco:
745 856 1083 904 interpretationem
1120 856 1272 905 pulchre
1306 857 1550 906 excogitatam

97 930 179 954 cum
208 919 403 968 probatum
429 918 501 954 itur
527 930 594 967 per
620 922 852 965 argumenta,
887 929 933 954 ne
960 918 1079 965 imago
1108 923 1248 953 tantum
1276 919 1337 963 sit,
1366 931 1409 955 ea
1436 931 1552 968 argu-

97 987 219 1016 menta
252 987 335 1017 sunt
365 979 530 1016 doctiora
556 990 664 1028 quam
693 977 892 1026 ualidiora3
929 977 1092 1015 doctrina
1130 992 1216 1015 uero
1244 982 1322 1030 ipsa
1347 981 1409 1017 illa
1435 981 1552 1017 Clau-

98 1042 202 1089 senii,
231 1053 326 1090 quae
353 1047 455 1077 tanta
477 1047 546 1088 est,
575 1046 711 1089 quanta
733 1040 768 1075 in
787 1040 901 1088 nullo,
930 1041 991 1090 qui
1019 1040 1088 1077 hoc
1111 1041 1313 1078 litterarum
1335 1055 1449 1092 genus
1468 1043 1553 1080 atti-

98 1103 228 1152 gimus,
255 1115 326 1139 non
350 1103 444 1139 solet
470 1114 528 1148 ea,
555 1113 649 1151 quae
675 1101 825 1138 suerunt
846 1101 945 1152 apud
966 1102 1168 1151 Romanos,
1196 1105 1242 1140 ab
1269 1105 1323 1151 iis,
1351 1117 1446 1154 quae
1473 1117 1553 1142 cre-

97 1163 174 1200 dita
200 1171 305 1212 sunt,
339 1164 557 1201 discernere.
612 1162 728 1202 Velut
753 1165 909 1200 sacraria
935 1176 1127 1213 argeorum
1153 1171 1260 1214 putat
1285 1165 1396 1202 fuisse
1421 1172 1554 1216 puteo-

99 1239 179 1263 rum
205 1227 241 1263 in
269 1226 461 1275 argillacea
487 1232 609 1262 terra:
644 1226 835 1275 originatio
868 1225 1126 1262 admirabiliter
1158 1228 1348 1264 astruitur:
1385 1229 1415 1264 si
1441 1240 1556 1278 quae-

98 1299 181 1336 ras,
219 1289 279 1325 ubi
306 1288 446 1325 Romae
478 1288 685 1338 argillarum
716 1288 963 1324 Cumanarum
997 1288 1150 1337 uestigia
1185 1288 1342 1337 fuerint,
1375 1290 1556 1327 indicatur

96 1349 215 1386 solum
241 1350 440 1399 Argiletum
467 1361 549 1385 cum
575 1349 653 1395 Iani
679 1348 870 1398 Lautulis,
909 1361 1005 1400 quae
1032 1348 1265 1398 coniectura,
1292 1363 1360 1388 nec
1387 1358 1486 1389 recte
1514 1360 1554 1389 ut

98 1417 212 1462 puto,
246 1412 537 1460 coniunguntur,
573 1423 793 1461 quamquam
827 1411 873 1449 de
900 1423 945 1448 ea
981 1424 1020 1449 re
1045 1412 1188 1462 insigne
1213 1414 1394 1463 glossema
1419 1415 1554 1453 codicis

98 1473 328 1511 Monacensis
364 1472 459 1510 edidi
495 1473 543 1510 ad
578 1472 664 1510 fast.
693 1475 731 1522 6,
759 1475 846 1511 404.
907 1474 1050 1511 Deinde
1082 1475 1181 1524 quod
1206 1488 1244 1525 p.
1269 1476 1342 1512 941
1375 1476 1556 1514 indicatur

100 1535 261 1572 Saturno
288 1548 331 1573 ea
356 1548 460 1572 sacra
484 1535 585 1583 fieri,
618 1536 682 1585 qui
707 1535 797 1573 deus
822 1537 961 1574 scilicet
988 1537 1143 1573 obscura
1168 1537 1203 1573 in
1231 1538 1348 1574 lucem
1374 1538 1553 1588 proferat,

101 1596 139 1633 id
156 1598 303 1635 minime
324 1597 479 1634 traditur
497 1610 669 1648 usquam:
698 1598 785 1635 nihil
806 1599 873 1636 nisi
891 1598 1053 1635 sacrificii
1076 1599 1223 1635 humani
1248 1601 1406 1649 speciem
1432 1613 1554 1650 gram-

102 1658 223 1695 matici
248 1665 521 1707 spectauerunt,
549 1660 611 1709 qui
637 1659 683 1696 de
702 1660 862 1697 Saturno
889 1661 926 1696 in
952 1659 1021 1696 hac
1046 1672 1087 1696 re
1114 1669 1321 1699 narrarunt.
1375 1663 1483 1707 Quae
1507 1664 1556 1701 de

104 1720 358 1770 superstitione
384 1720 445 1756 illa
471 1722 653 1757 communi
680 1721 932 1771 disputantur,
959 1733 1031 1770 qua
1058 1734 1102 1759 eo
1129 1728 1315 1771 tempore,
1343 1736 1424 1760 cum
1451 1731 1558 1762 nata-

106 1783 156 1819 tio
177 1782 213 1818 in
234 1781 381 1818 flumine
406 1781 541 1831 incipit,
566 1782 700 1818 fluuius
727 1782 774 1819 de
798 1789 911 1831 ponte
937 1783 1136 1832 placandus
1162 1783 1284 1828 fuerit,
1310 1798 1348 1834 p.
1364 1787 1454 1834 942,
1466 1788 1554 1832 943,

106 1844 289 1894 aptissima
315 1849 419 1881 sunt:
447 1842 511 1879 sed
538 1850 658 1881 tamen
685 1843 774 1879 illud
801 1845 1036 1893 prouerbium
1063 1844 1109 1880 de
1136 1847 1389 1894 sexagenariis,
1415 1846 1462 1884 de
1480 1860 1554 1897 quo

107 1905 193 1942 uide
219 1906 326 1942 etiam
353 1905 513 1942 Nonium
539 1917 576 1955 p.
592 1907 681 1952 523,
700 1908 771 1952 21,
808 1912 984 1954 quantum
1018 1906 1237 1955 intelligam,
1273 1914 1337 1944 aut
1368 1910 1460 1945 sacri
1484 1909 1559 1945 hu-

106 1967 206 2004 mani
230 1967 439 2004 memoriam
466 1974 602 2015 seruat,
629 1973 693 2002 aut
712 1978 757 2003 ex
775 1979 877 2004 more
898 1968 1122 2004 comitiorum
1146 1971 1357 2006 translatum
1379 1977 1455 2018 est3
1484 1984 1556 2008 non

107 2035 229 2079 potest
255 2036 410 2078 utroque
435 2027 544 2064 modo
571 2040 699 2065 uerum
720 2036 758 2066 et
781 2036 960 2066 uetustum
983 2042 1072 2074 esse,
1099 2036 1140 2067 ut
1164 2043 1268 2067 senes
1295 2032 1402 2068 etiam
1432 2033 1466 2068 in
1495 2045 1558 2069 co-

107 2091 215 2128 mitiis
246 2090 317 2127 deo
353 2090 518 2128 fluuiatili
544 2090 737 2128 Petroniae
766 2092 880 2128 amnis
914 2091 1036 2129 traditi
1070 2091 1228 2140 fuerint,
1266 2094 1316 2129 uti
1344 2094 1558 2132 Clausenius

108 2152 198 2190 uelit
222 2165 260 2203 p,
275 2153 362 2191 944.

209 2214 328 2251 Venio
356 2214 404 2252 ad
428 2225 472 2252 ea
497 2227 616 2263 sacra,
642 2227 738 2265 quae
766 2227 848 2252 cum
874 2215 971 2252 seriis
999 2217 1151 2268 publicis
1178 2217 1370 2253 coniuncta
1398 2216 1558 2254 fuerunt.

109 2275 309 2314 Maximum
330 2277 367 2315 in
388 2277 444 2315 his
464 2283 519 2315 est
541 2283 764 2314 momentum
783 2277 830 2313 ad
856 2277 1007 2315 deorum
1027 2279 1157 2329 quibus
1183 2279 1320 2316 fiebant
1339 2291 1561 2328 cognoscen-

111 2337 178 2376 das
203 2345 376 2387 naturas,
413 2352 508 2389 quae
534 2351 602 2389 per
627 2340 727 2376 uaria
755 2346 958 2378 commenta
983 2352 1094 2390 saepe
1120 2347 1204 2377 sunt
1235 2342 1474 2390 obscuratae,
1510 2342 1561 2378 uti

112 2401 285 2453 proximis
319 2401 420 2438 libris
454 2401 657 2438 docebitur.
718 2401 914 2438 Maximum
951 2403 1058 2438 etiam
1092 2403 1126 2437 in
1163 2402 1232 2438 hac
1265 2415 1305 2440 re
1339 2411 1561 2441 momentum

113 2473 225 2512 saepe
249 2468 304 2499 est
329 2463 365 2499 in
391 2465 607 2500 auctoritate
633 2462 770 2510 Ouidii,
797 2475 890 2513 quae
917 2465 993 2500 sola
1020 2471 1083 2500 aut
1108 2465 1356 2514 antiquissima
1383 2465 1479 2502 haud
1504 2478 1562 2502 se-

115 2523 201 2571 mel,
227 2523 292 2560 sed
318 2524 501 2563 interdum
527 2524 740 2575 imperfecta
762 2532 874 2562 extat.
917 2526 975 2563 De
1000 2526 1077 2563 Iani
1102 2537 1204 2563 sacro
1230 2526 1316 2564 Kal.
1338 2527 1415 2564 Ian.
1438 2531 1474 2575 1,
1491 2529 1562 2562 127

118 2588 228 2621 tenue
251 2590 308 2622 est
331 2586 519 2631 indicium:
556 2588 718 2637 reliquae
752 2589 969 2625 cerimoniae
994 2589 1041 2625 ab
1067 2600 1131 2625 ara
1156 2595 1194 2625 et
1218 2589 1352 2626 sacello
1378 2590 1563 2635 seiunctae

117 2643 180 2683 uix
213 2643 285 2684 huc
317 2649 514 2698 pertinent.
565 2649 732 2688 Fuerunt
764 2650 842 2688 eius
875 2651 995 2700 prima
1019 2650 1216 2701 Agonalia,
1252 2650 1299 2689 de
1323 2652 1453 2702 quibus
1479 2649 1564 2687 uide
