1718 2998
630 148 686 176 ET
719 145 986 175 CONSVLARES
1488 145 1536 176 lx

87 257 217 290 contra
243 247 452 288 disserendo
488 247 593 284 istam
619 247 826 297 opinionem
853 253 1031 285 euertere.
1083 245 1270 283 Ludorum
1295 251 1471 283 statorum
1496 251 1534 284 et

87 315 301 365 perennium
346 322 531 360 nunquam
568 322 642 346 non
679 309 782 345 uaria
817 307 966 345 fuerunt
1002 320 1158 358 genera:
1206 308 1267 358 qui
1302 307 1536 357 antiquissimi

87 383 216 423 erant,
252 373 420 422 distingui
442 377 616 422 poterant
642 383 665 407 a
690 370 981 420 magistratibus,
1009 370 1068 419 qui
1096 383 1157 406 eos
1184 370 1362 414 edebant,
1388 375 1537 419 praeto-

86 450 146 474 res
172 435 403 485 gladiatorios
431 433 719 483 Quinquatribus
746 438 782 468 et
809 432 1057 481 Apollinares,
1085 431 1216 467 aediles
1243 432 1384 468 curules
1409 431 1537 480 Mega-

85 499 222 544 lenses,
258 494 392 532 aediles
418 497 550 546 plebeii
577 495 768 539 Cereales,
795 494 1004 540 Romanos,
1030 493 1216 539 Plebeios,
1241 493 1418 530 Florales.
1469 494 1540 530 Di·-

86 559 204 596 stincti
232 557 340 594 etiam
368 565 453 595 sunt
487 559 582 594 inter
616 557 696 592 illos
732 555 806 592 ludi
843 555 959 601 sacri,
996 555 1124 603 quibus
1151 554 1297 604 epulum
1326 556 1538 604 parabatur,

84 620 154 658 Dio
181 619 243 664 51,
272 624 310 667 1,
345 620 445 670 quod
477 620 557 657 fieri
592 619 734 656 solitum
769 618 899 653 scimus
925 617 1099 653 Romanis
1127 623 1164 652 et
1188 616 1367 664 Plebeiis,
1402 624 1440 653 et
1461 616 1539 654 for-

86 688 182 718 tasse
206 682 489 731 Megalensibus,
514 681 581 717 nisi
606 681 677 717 hoc
704 686 849 730 quoque
877 678 922 715 ad
948 679 1150 729 posteriora
1177 678 1333 728 pertinet
1360 685 1539 728 tempora.

85 743 166 781 Nec
191 756 285 794 nego
311 744 472 794 potuisse
492 743 630 792 aliquot
656 755 701 778 ex
726 743 794 778 illis
821 742 952 791 signari
978 740 1253 777 honorariorum
1278 740 1446 776 ludorum
1473 754 1540 778 no·-

85 806 203 843 mine:
238 807 370 842 scimus
397 806 493 842 enim
519 807 577 842 ius
603 803 837 841 honorarium
863 803 997 839 dietum
1024 815 1127 852 esse,
1163 801 1260 851 quod
1285 802 1541 852 proficisceba-

86 873 147 904 tur
172 879 194 903 a
222 868 452 917 praetoribus
479 873 516 903 et
541 865 716 902 aedilibus
743 867 937 911 curulibus,
966 864 1164 914 Theophil.
1187 865 1249 900 lib.
1265 868 1299 900 1.
1322 865 1373 902 tit.
1386 869 1422 901 2.
1440 867 1476 912 ξ.
1491 866 1540 901 7:

88 925 242 979 ἐλέγετο
271 926 315 966 δὲ
342 922 368 979 ἡ
397 926 551 965 τούτων
576 924 801 974 νομοθεσία
835 929 894 964 ius
919 926 1177 974 honorarium,
1215 921 1350 974 ἐπειδὴ
1386 923 1440 970 εἷς
1466 920 1540 975 τὴν

88 987 211 1040 τιμὴν
244 991 324 1028 τῶν
355 985 562 1041 ἀρχόντων
588 985 655 1025 καὶ
681 988 760 1025 τῶν
787 984 982 1026 τιθέντων
1011 983 1167 1036 ἐκράτει
1194 987 1323 1024 ταῦτα
1350 985 1417 1025 καὶ
1445 985 1542 1025 ἐπο-

88 1048 279 1090 λιτεύετο.
309 1050 375 1089 καὶ
403 1048 442 1088 οἱ
468 1047 619 1094 atticam
647 1040 716 1087 οὖν
749 1047 1020 1098 ἐνομοθέτουν
1048 1049 1140 1100 περί
1165 1062 1284 1087 τινων
1311 1046 1542 1099 κεφαλαίων

87 1111 154 1152 καὶ
184 1110 229 1152 τὸ
258 1109 412 1151 τούτων
439 1108 594 1150 ἴδικτον
628 1108 750 1163 μέρος
784 1110 940 1163 γέγονεν
975 1108 1065 1161 ἤτοι
1093 1109 1286 1163 στνήφθη
1316 1112 1372 1165 τῷ
1399 1108 1544 1165 ἐδίκτῳ

87 1176 168 1214 τῶν
195 1171 268 1213 δύο
297 1170 541 1226 πραιτόρων.
596 1176 749 1213 Fuerint
775 1189 863 1226 ergo
885 1176 1135 1225 Quinquatrus
1155 1176 1381 1226 Apollinares
1407 1182 1443 1211 et
1460 1174 1543 1212 Me-

87 1238 256 1287 galesiaci
290 1228 367 1275 iudi
401 1238 598 1275 honorarii.
661 1239 798 1275 Verum
833 1250 952 1288 neque
987 1250 1031 1273 ex
1064 1250 1191 1274 eorum
1222 1238 1387 1274 omnibus
1417 1237 1543 1273 diebus

86 1312 260 1337 numerus
287 1313 308 1338 a
335 1301 512 1338 Suetonio
539 1300 693 1337 traditus
722 1299 870 1337 confieri
897 1301 1038 1349 potuit,
1074 1300 1104 1336 si
1136 1300 1234 1336 illam
1261 1299 1544 1349 appellationem

87 1368 329 1413 propagatam
367 1368 537 1412 putemus
573 1362 620 1399 ad
657 1363 809 1412 Augusti
846 1369 1034 1412 tempora,
1072 1374 1194 1411 neque
1229 1362 1302 1398 ullo
1341 1361 1543 1397 testimonio

86 1424 268 1474 probatur
293 1425 392 1461 illam
416 1425 604 1470 Varronis,
632 1425 691 1461 uel
718 1425 900 1461 Ciceronis
929 1431 1049 1460 aetate
1074 1425 1109 1461 iu
1140 1437 1205 1460 usu
1232 1424 1355 1460 fuisse.
1396 1423 1545 1473 Simpli-

88 1486 166 1523 cior
193 1492 280 1523 tunc
305 1486 474 1523 ludorum
494 1488 586 1523 ratio
605 1487 767 1524 nondum
787 1487 825 1524 id
846 1487 1035 1524 discrimen
1055 1486 1272 1536 requirebat.
1318 1486 1414 1522 Nam
1436 1497 1545 1535 prae·-

89 1554 148 1586 ter
172 1549 251 1586 illos
279 1549 564 1598 antiquissimos,
601 1548 647 1585 de
672 1550 801 1598 quibus
828 1550 922 1586 infra
955 1549 1002 1585 ad
1035 1549 1239 1597 fragmenta
1263 1548 1344 1584 libri
1370 1548 1421 1583 IX
1448 1553 1484 1584 et
1509 1546 1546 1584 X

87 1623 211 1649 rerum
233 1611 345 1647 diuin.
376 1616 518 1659 agetur,
546 1611 581 1647 in
608 1612 722 1648 fastos
750 1618 835 1648 ante
863 1612 1056 1648 Caesarem
1085 1611 1299 1648 dictatorem
1327 1611 1414 1647 nulli
1441 1609 1546 1647 relati

89 1680 217 1721 erant,
261 1678 410 1722 praeter
451 1671 557 1710 ludos
596 1674 770 1710 uictoriae
807 1674 1004 1721 Sullanae,
1043 1673 1089 1709 de
1126 1673 1255 1722 quibus
1292 1673 1387 1711 Vell.
1414 1676 1453 1719 2,
1479 1673 1543 1709 27.

90 1732 249 1771 Posthac
274 1734 435 1771 eiusdem
462 1734 558 1772 modi
584 1736 728 1785 plurimi
755 1743 908 1786 propter
933 1737 1119 1785 utriusque
1148 1735 1310 1771 Caesaris
1343 1747 1400 1771 res
1428 1739 1547 1783 gestas

91 1793 289 1831 introducti
316 1802 399 1830 sunt
426 1796 461 1830 in
487 1797 612 1833 fastos.
665 1798 823 1848 Propter
847 1798 1012 1834 nuntium
1037 1797 1083 1834 de
1110 1798 1260 1833 uictoria
1288 1797 1453 1833 Caesaris
1481 1797 1548 1833 Hi-

91 1856 275 1906 spaniensi
303 1867 397 1891 anno
426 1856 474 1893 V.
502 1857 545 1892 C.
573 1859 648 1894 708
675 1867 865 1908 acceptum
891 1859 1009 1895 Dione
1035 1866 1126 1895 teste
1153 1861 1214 1902 43,
1241 1860 1310 1894 42:
1346 1854 1396 1893 τὰ
1424 1854 1548 1908 παρί-

92 1916 162 1954 λια
196 1913 445 1969 ἱπποδρομίᾳ
481 1911 702 1970 ἀθανάτῳ,
743 1914 830 1955 οἶῗτι
865 1931 907 1969 γε
943 1917 1007 1955 καὶ
1047 1916 1114 1956 διὰ
1141 1916 1213 1969 τὴν
1241 1916 1379 1968 πόλιν,
1408 1916 1471 1957 ὅτι
1505 1917 1547 1958 ἒν

91 1976 259 2022 ἐκείνοις
284 1975 477 2026 ἐκτίσθη,
507 1973 609 2015 ἀλλὰ
638 1977 707 2016 διὰ
734 1977 805 2028 τὴν
834 1983 905 2017 τοῦ
935 1979 1144 2030 Καίσαρος
1171 1979 1303 2031 νίκην,
1332 1978 1393 2019 ὅτι
1421 1977 1446 2033 ἢ
1472 1979 1550 2034 ἀγ-

90 2038 201 2092 γελία
229 2035 357 2089 αὐτῆς
383 2040 433 2090 τῇ
461 2039 681 2095 προτεραίᾳ
709 2039 810 2092 πρὸς
837 2037 1008 2092 ἑσπέραν
1036 2039 1225 2093 ἀφίκετο,
1254 2041 1446 2094 ἐτιμήθη.
1499 2046 1549 2083 Hi

90 2103 201 2153 igitur
226 2101 301 2139 ludi
328 2103 412 2139 stati
431 2108 467 2137 et
486 2114 668 2152 perennes
694 2114 773 2142 esse
799 2106 992 2145 debebant.
1047 2107 1175 2143 Fuisse
1202 2108 1308 2144 etiam
1334 2108 1428 2155 illos,
1456 2120 1549 2159 quos

91 2166 231 2202 Caesar
263 2170 348 2201 ante
382 2176 542 2214 pugnam
568 2165 812 2204 Pharsalicam
839 2168 973 2204 Veneri
1001 2169 1144 2206 victrici
1182 2177 1356 2217 uouerat,
1393 2183 1435 2207 ac
1468 2171 1549 2221 pri-

91 2240 191 2264 mum
219 2233 345 2276 egerat
372 2238 469 2262 anno
495 2228 596 2274 708,
634 2227 706 2267 uid.
734 2229 841 2265 Dion.
868 2231 931 2278 43,
956 2234 1028 2277 22,
1064 2231 1148 2267 inde
1178 2233 1424 2280 cognoscitur,
1464 2233 1550 2283 quia

91 2300 189 2325 anno
215 2290 292 2325 720
325 2295 499 2324 narrante
525 2289 645 2325 Dione
671 2289 733 2337 49,
759 2293 828 2327 42:
868 2289 939 2339 τὴν
968 2288 1190 2341 πανήγυριν
1226 2289 1298 2342 τὴν
1326 2294 1375 2344 τῇ
1395 2289 1551 2344 Ἀφρο-

92 2347 185 2401 δίτῃ
214 2351 263 2402 τῇ
290 2348 496 2401 Γενεθλίῳ
525 2347 765 2400 τελουμένην
793 2348 838 2389 οἶ
865 2348 1055 2390 ὕπατοι
1083 2351 1286 2404 ἐποίησαν.
1343 2357 1417 2392 Hos
1444 2356 1550 2393 ludos

91 2413 178 2449 olim
204 2426 226 2449 a
253 2414 406 2462 collegio
433 2413 715 2450 curatos2fuisse
741 2415 851 2452 tradit
873 2416 941 2452 Dio
960 2417 1024 2464 45,
1039 2418 1062 2454 6
1081 2417 1181 2463 (coll.
1196 2418 1288 2454 Plin.
1305 2419 1353 2455 N,
1372 2419 1416 2454 H.
1434 2423 1470 2466 2,
1480 2419 1549 2465 25)

92 2480 130 2511 et
155 2486 178 2510 a
204 2474 297 2522 ludis
323 2475 496 2512 uictoriae
517 2475 698 2524 Caesaris,
727 2490 817 2526 quos
840 2490 964 2515 mense
982 2479 1070 2514 lulio
1092 2479 1244 2529 posthae
1269 2482 1385 2516 factos
1411 2489 1448 2516 et
1471 2481 1551 2530 ipse

25 2546 36 2570 ⁴.
91 2535 228 2572 indicat
254 2549 286 2573 c.
307 2538 353 2582 7,
387 2544 426 2573 et
450 2537 625 2574 fastorum
652 2539 798 2576 tabulae
833 2548 904 2576 tres
940 2539 1038 2589 apud
1062 2541 1218 2590 Foggin.
1247 2555 1283 2591 p.
1302 2547 1371 2578 111
1403 2543 1550 2591 docent,

79 2596 300 2634 'discernere
325 2598 484 2636 uidetur.
528 2601 648 2649 ‚Atqui
675 2600 836 2638 diuersos
864 2615 936 2638 non
963 2601 1074 2639 fuisse
1101 2603 1209 2641 docet
1227 2605 1332 2641 Suet.
1354 2604 1462 2642 Caes.
1484 2607 1548 2653 88,

95 2656 181 2695 Oct.
201 2661 265 2699 10.
320 2659 418 2698 Olim
444 2662 554 2710 igitur
581 2663 782 2700 celebratos
810 2671 899 2713 puto
926 2663 1010 2700 inde
1036 2677 1058 2700 a
1077 2665 1135 2701 *lx
1159 2665 1222 2703 ΚΓ
1250 2667 1428 2714 Sextiles,
1453 2679 1550 2713 anno

95 2717 147 2758 V.
175 2720 221 2760 C.
245 2723 324 2760 710
349 2723 490 2773 aliquot
516 2723 613 2774 dies,
650 2733 687 2763 et
714 2726 868 2764 alterum
894 2725 982 2764 illud
1010 2739 1142 2765 nomen
1169 2728 1331 2767 additum
1360 2731 1404 2767 ab
1433 2729 1550 2767 Octa-
