1685 2954
644 92 911 129 ASTRONOMIA
1436 95 1513 126 xcx

66 204 297 254 Pherecydes
322 210 376 242 est
392 200 630 245 Atheniensis,
657 200 751 236 inter
776 200 875 235 cuius
900 198 1105 247 fragmenta
1130 196 1178 235 de
1198 195 1267 233 hac
1289 193 1415 232 fabula
1439 193 1514 232 dis-

67 273 217 318 putatur
254 279 275 303 a
300 264 443 303 Sturzio
470 263 532 299 lib.
554 264 616 310 10,
644 274 680 298 n.
695 262 759 307 40,
785 273 823 310 p.
844 261 918 296 170
934 273 988 308 sq.
1016 259 1075 296 ed.
1103 259 1245 309 prioris.
1295 257 1353 294 De
1377 256 1513 293 Pliadi-

68 330 135 366 bus
162 329 300 376 4,169
321 338 374 375 sq.
401 323 487 361 nihil
513 329 567 359 est
593 322 691 373 apud
719 321 908 366 Ouidium,
936 322 1021 370 quin
1048 334 1092 358 ex
1118 319 1322 358 Alexandro
1346 317 1515 368 prosera-

68 397 129 428 tur
164 392 210 427 ab
238 388 376 437 Hygino
411 398 450 435 p.
480 397 514 421 a.
541 387 581 431 2,
604 387 652 420 21
682 396 719 433 p.
742 383 817 420 470
843 388 880 418 et
904 394 1008 431 seqq
1071 383 1177 425 Quae
1211 395 1249 432 p.
1274 382 1351 418 470
1377 385 1413 417 et
1437 382 1515 416 472

68 453 238 502 leguntur
267 454 352 486 sunt
385 448 492 484 etiam
527 446 603 482 aliis
636 445 755 481 uerbis
790 444 825 480 in
854 456 983 480 comm.
1012 443 1138 479 Germ.
1165 443 1282 480 Paris.
1335 443 1443 486 Quae
1468 441 1517 479 de

68 514 213 550 Electra
238 512 357 547 insunt
383 521 445 545 uu.
467 509 645 554 177,178
673 506 766 542 lecta
791 511 874 541 suut
899 505 934 540 in
963 499 1173 554 ἔπικηὸειω
1203 505 1303 542 Arati
1330 501 1385 548 εἷς
1415 497 1517 540 Θεό-

69 584 224 624 προπον
251 571 449 609 secundum
475 569 588 606 schol.
617 568 710 604 Ven.
739 566 839 603 Iliad.
868 577 906 613 σ,
926 567 1015 613 486,
1044 578 1098 609 εις
1120 559 1360 615 Θεόπρομον
1386 577 1516 602 secun-

67 636 153 672 dum
182 634 240 673 ed.
272 633 438 670 Altlinam
466 632 564 668 1499
590 636 627 666 et
653 629 915 665 Bekkerkmam
942 628 1160 664 scholiorum
1185 627 1285 663 Arati
1312 640 1350 676 p.
1373 629 1440 674 74,
1455 630 1518 667 38.

67 696 312 733 Alexandrum
347 693 457 730 credo
485 691 691 729 Cornelium
718 690 1001 738 Polyhistorem,
1037 690 1098 738 qui
1135 684 1317 738 ἀριθμοῦ
1351 685 1519 736 κρείττω

67 757 208 807 scripsit
235 762 326 793 teste
351 754 477 793 Suida.
533 753 625 790 Vide
653 753 816 789 Vossium
845 752 926 788 hist.
946 763 1068 799 graec.
1087 763 1125 799 p.
1144 751 1228 788 145.
1278 750 1336 787 De
1362 749 1521 799 Sterope

67 819 212 856 diuersa
249 817 440 856 traduntur
475 815 573 865 apud
609 816 744 850 Arnob.
782 815 828 861 4,
856 815 906 849 76
943 819 980 849 et
1014 825 1104 862 quos
1142 816 1295 848 annotat
1329 810 1444 849 Orell.
1479 815 1520 860 2,

67 892 107 930 p.
122 882 208 917 237.
236 902 285 907 —
311 879 368 914 De
394 879 472 927 ipso
500 878 628 914 Tauro
657 877 707 912 bis
733 875 806 924 agit
833 874 987 911 Ouidius
1013 876 1049 918 4,
1069 875 1143 910 716
1161 885 1217 922 sq.
1244 878 1283 909 et
1308 872 1346 921 5,
1370 875 1443 910 603
1461 885 1519 922 sq.

67 941 125 978 De
151 953 191 978 re
215 941 314 977 omni
337 950 432 989 quae
458 940 549 975 scitu
575 950 668 987 opus
691 943 798 983 sunt,
832 936 1042 985 suppeditat
1070 941 1265 972 comment.
1292 935 1420 972 Germ.
1446 934 1521 972 Pa-

68 1003 248 1050 risiensis,
275 1003 305 1038 si
331 1001 461 1037 leniter
486 1000 712 1036 emendatur.
765 997 798 1033 Is
826 1004 1020 1048 postquam
1047 996 1094 1032 de
1122 996 1273 1046 Europa
1299 1009 1394 1046 quae
1421 997 1521 1034 edita

69 1076 106 1113 p.
122 1063 170 1099 55
195 1063 241 1098 13.
269 1063 439 1111 leguntur
467 1062 602 1108 docuit,
629 1062 676 1096 ita
704 1060 843 1109 pergit:
888 1062 990 1096 Haec
1014 1058 1186 1107 nigidius,
1228 1063 1309 1096 erat
1333 1059 1523 1096 ostendens

71 1125 111 1169 [Ι.
138 1123 412 1168 Eratosthenes]
447 1122 533 1159 dicit
566 1122 690 1159 bouem
717 1122 757 1167 [l.
785 1122 925 1166 Ionem]
959 1132 1034 1156 esse
1066 1131 1159 1168 qnae
1181 1119 1255 1166 fait
1280 1133 1359 1158 cum
1387 1121 1521 1167 [Ioue].

67 1188 207 1235 priores
238 1190 364 1234 partes
397 1189 544 1234 parent,
578 1184 727 1221 relicum
762 1195 892 1232 corpus
925 1194 996 1218 non
1023 1186 1189 1231 apparet.
1233 1186 1374 1230 spectat
1400 1187 1522 1220 autem

68 1250 238 1286 orientem
271 1246 313 1284 ob
348 1246 386 1284 id
415 1246 542 1295 [quod]
571 1245 616 1283 ab
641 1248 722 1283 ioue
746 1244 929 1282 honorata
957 1245 1059 1290 [estJ.
1094 1265 1144 1270 —
1189 1243 1379 1292 Capellam
1411 1250 1523 1294 poeta

68 1310 194 1357 5,113
226 1307 388 1346 Olenium
413 1307 559 1344 uidetur
584 1307 790 1357 appellasse
815 1304 1014 1342 secundum
1041 1306 1190 1341 Aratum
1216 1304 1357 1342 Phaen.
1382 1318 1418 1342 u.
1435 1306 1521 1343 164.

68 1371 127 1408 De
150 1371 238 1407 Ioue
263 1372 300 1406 in
327 1371 438 1407 Creta
465 1369 621 1406 educato
648 1369 693 1405 ab
721 1367 910 1404 Amalthea
936 1373 972 1403 et
998 1373 1061 1402 aut
1082 1366 1263 1404 Themide
1289 1374 1352 1403 aut
1374 1367 1522 1405 Melissa

69 1439 192 1483 potest
217 1433 343 1481 legisse
372 1432 430 1467 uel
456 1431 494 1466 in
521 1431 667 1479 Didymi
693 1424 989 1478 Χαλκεντέρου,
1016 1429 1176 1478 aequalis
1200 1428 1280 1465 fere
1305 1430 1372 1466 sibi
1398 1442 1521 1479 gram-

69 1495 216 1540 matici,
250 1494 349 1530 libris
384 1487 608 1542 ἐξηγήσεως
633 1489 908 1541 Πινδαρικῆς,
942 1503 1051 1540 quam
1085 1491 1120 1526 in
1156 1490 1224 1527 hac
1252 1503 1293 1527 re
1319 1498 1522 1528 antestatur

69 1556 280 1593 Lactantius
309 1559 345 1602 l,
366 1559 430 1602 22,
460 1556 518 1591 uel
544 1554 641 1604 apud
662 1554 863 1601 Musaeum,
891 1553 1160 1601 Atheniensem,
1189 1553 1263 1592 uid.
1282 1553 1523 1590 Munckerum

72 1617 119 1653 ad
145 1618 239 1666 Hyg.
273 1631 308 1667 p.
332 1629 365 1653 a.
388 1621 427 1665 2,
449 1620 511 1664 13,
538 1624 575 1653 et
602 1617 666 1653 Fr.
691 1616 903 1652 Passouium
930 1615 965 1650 in
994 1614 1153 1652 editione
1179 1615 1319 1652 Musaei
1344 1616 1524 1652 recentio-

73 1679 145 1726 ris,
178 1680 328 1728 pagellis
354 1681 415 1723 47,
442 1680 623 1715 64-74,
678 1678 745 1713 Hic
780 1677 888 1713 etiam
923 1677 1129 1713 nominatur
1162 1678 1199 1714 in
1234 1690 1365 1714 comm.
1392 1678 1521 1714 Germ.

72 1738 187 1776 Paris.
209 1741 288 1775 loco
310 1741 442 1789 passim
469 1739 717 1777 emendando:
753 1741 801 1776 In
826 1738 892 1776 hoc
919 1740 1022 1786 signo
1048 1743 1082 1774 et
1109 1751 1225 1788 capra
1250 1743 1316 1787 est,
1344 1751 1437 1788 qaae
1456 1741 1523 1775 Io-

72 1813 153 1837 uem
171 1802 327 1837 nutriuit
348 1803 497 1849 itemque
515 1801 622 1838 haedi
647 1803 723 1837 eius
748 1799 828 1847 fita,
855 1805 895 1836 ut
912 1803 1094 1837 Musaeus
1112 1799 1235 1846 refert.
1273 1800 1384 1837 datwr
1399 1803 1525 1838 Iouem

74 1863 256 1910 infantem
283 1862 513 1898 nutriendum
535 1862 697 1899 Theniidi
723 1866 756 1897 et
780 1861 1009 1898 Amaltheae.
1051 1861 1197 1898 Themis
1220 1861 1419 1899 Amalthea
1445 1874 1526 1898 eam

34 1914 36 1918 ,
75 1923 230 1962 tradidit
258 1924 378 1969 [del.].
416 1923 504 1961 haee
529 1923 603 1970 fuit
628 1923 776 1960 donzina
802 1935 936 1973 caprae
963 1936 1053 1972 qnae
1079 1935 1124 1959 ea·
1150 1935 1195 1960 ea
1209 1926 1335 1960 Iouem
1358 1925 1524 1961 nutriuit.

75 1989 168 2024 Esse
193 1990 314 2022 antem
348 1985 444 2022 hane
477 1986 655 2035 capellam
680 1985 769 2022 solis
804 1986 844 2030 [l.
876 1984 1022 2030 Oleni‘?]
1058 1984 1196 2033 filiam,
1232 1987 1335 2022 cuias
1359 1990 1527 2035 aspectus

75 2054 155 2086 tam
181 2053 292 2085 atrox
311 2059 387 2084 esse
411 2047 555 2093 dicitur,
579 2052 622 2084 at
645 2050 796 2084 Titanes
819 2059 899 2084 eam
925 2049 1087 2083 timerent
1110 2052 1349 2097 rogarentque
1371 2053 1526 2084 matrem

75 2115 213 2148 terram
238 2114 280 2146 at
307 2121 389 2146 eam
414 2110 571 2148 abderet.
629 2113 745 2146 Terra
772 2113 892 2146 autem
917 2110 955 2145 in
982 2113 1090 2146 antro
1117 2109 1284 2146 clausam
1307 2110 1528 2147 Amaltheae

75 2171 230 2210 tradtdit
262 2171 544 2209 custodiendam.
601 2170 726 2220 Ibique
752 2173 876 2208 Iouem
906 2170 1087 2217 infantem
1119 2183 1199 2207 cum
1234 2173 1274 2217 [1.
1305 2172 1450 2209 Curetes
1473 2173 1524 2217 et]

77 2233 326 2272 curematheae
353 2234 394 2280 [Ι.
427 2233 660 2280 Corybantes]
696 2231 880 2269 educasse.
940 2233 1150 2269 Hoedorum
1185 2246 1332 2284 quoque
1367 2233 1527 2271 mentio-.-

77 2308 161 2334 nem
187 2308 296 2346 quam
320 2294 408 2331 fecit
432 2302 544 2345 poeta
570 2307 606 2330 u.
638 2296 730 2342 117,
766 2294 900 2330 factam
926 2294 1064 2331 inuenit
1100 2294 1198 2344 apud
1226 2294 1373 2332 eosdem
1399 2301 1526 2332 aucto-

77 2370 150 2406 res,
177 2358 236 2394 uel
251 2357 535 2404 Parmeniscum,
563 2368 670 2406 quem
697 2355 809 2392 refert
827 2357 990 2406 Hyginus
1011 2369 1048 2406 p.
1071 2368 1104 2393 a.
1122 2361 1161 2404 2,
1181 2359 1242 2405 13,
1265 2369 1304 2407 p.
1318 2358 1415 2393 448:
1443 2355 1527 2392 uide

79 2419 126 2456 de
153 2418 223 2456 hoc
249 2418 416 2455 Vossium
441 2418 488 2455 de
514 2418 594 2455 hist.
617 2429 737 2467 graec.
758 2430 795 2467 p.
815 2420 889 2455 397
916 2427 953 2456 et
980 2419 1362 2468 Schweighaeuserum
1389 2419 1425 2454 in
1449 2417 1525 2453 ind.

82 2480 128 2517 ad
154 2479 284 2518 Athen.
312 2493 350 2530 p.
377 2482 462 2517 160.
488 2500 539 2507 -
576 2480 680 2523 Quos
706 2478 868 2517 diuersos
894 2488 1060 2518 auctores
1087 2480 1240 2517 Ouidius
1267 2481 1313 2518 de
1339 2480 1527 2530 Hyadibus

84 2542 124 2588 5,
141 2544 354 2579 167--182
380 2541 530 2589 referat,
556 2554 630 2578 nou
656 2541 874 2590 ignoramus.
926 2542 1144 2592 Pherecydis
1169 2543 1337 2580 iudicium
1364 2542 1527 2579 contine-

87 2608 147 2638 tur
169 2616 276 2641 uersu
305 2606 400 2653 167,
437 2603 536 2654 quod
562 2603 739 2653 copiosius
767 2603 863 2640 edito
886 2617 1019 2641 comm.
1047 2605 1172 2642 Germ.
1201 2617 1239 2654 p.
1259 2605 1309 2641 56
1335 2602 1526 2655 persequi-

87 2669 147 2702 tur
170 2664 370 2714 Parisinus,
396 2665 476 2704 fere
501 2665 549 2703 ad
574 2665 706 2714 Hygini
730 2679 767 2717 p.
796 2678 830 2704 a.
856 2671 895 2716 2,
919 2671 966 2704 21
991 2680 1029 2718 p.
1045 2669 1119 2706 469
1144 2667 1434 2713 similitudinem,
1460 2664 1526 2701 nisi
