1685 2954
123 53 180 96 92
663 48 1007 102 'ansronvu

254 168 432 222 Eloquar
456 167 597 209 infelix
625 168 808 212 dedecus
831 171 922 224 ipsa
950 169 1117 213 meum?

199 233 400 289 Quaeque
427 241 581 290 potest,
607 243 754 279 narrat.
793 239 1006 280 restabant
1033 240 1183 280 ultima.
1219 240 1332 281 fleuit
1499 245 1578 282 825

256 304 313 343 Et
339 303 585 344 matronales
612 305 806 346 erubuere
835 319 983 360 genae.

198 369 309 410 Dant
335 370 494 410 ueniam
522 371 634 412 facto
662 371 825 426 genitor
849 374 1108 427 coniunxque
1136 380 1319 415 coactae.

253 434 398 487 Quam,
428 436 544 491 dixit,
573 441 735 480 ueniam
762 453 839 482 uos
867 441 986 495 datis,
1015 442 1105 494 ipsa
1132 455 1254 497 nego,

196 504 292 545 Nec
318 517 442 557 mora,
471 506 605 546 celato
632 506 722 547 fixit
750 520 826 548 sua
853 514 1024 560 pectora
1052 510 1171 562 ferro,

250 573 307 612 Et
334 571 444 614 cadit
476 573 517 613 in
553 574 707 627 patrios
735 576 1050 628 sanguinolenta
1078 564 1219 629 pedes.
1499 579 1579 615 830

197 639 314 680 Τιωο
338 652 512 693 quoque,
541 641 621 681 iam
640 642 831 692 moriens,
860 654 912 681 ne
931 653 1010 681 non
1029 643 1265 694 procumbat
1282 642 1469 695 honeste,

250 706 451 760 Respicit.
487 707 593 748 haec
621 708 745 747 etiarn
775 720 874 748 cura
898 708 1085 749 cadentis
1115 715 1215 749 erat.

193 775 310 816 Ecce
339 787 463 826 super
490 786 640 827 corpus
667 775 896 815 communia
925 775 1073 816 damna
1101 782 1320 828 gementes

250 840 376 882 obliti
403 840 565 881 decoris
591 839 962 895 uirquepatcrque
990 840 1141 883 iacent.

194 908 346 949 Brutus
373 908 506 950 adest.
543 908 789 962 tandemque
818 908 951 949 animo
980 922 1057 951 sua
1084 911 1245 951 nomina
1271 909 1390 951 fallit:
1500 913 1580 951 835

249 976 437 1028 Fixaque
467 974 692 1016 semianimi
721 988 890 1029 corpore
920 978 1004 1018 tela
1028 979 1144 1031 rapit,

192 1043 508 1096 Stillantemque
535 1049 683 1083 tenens
711 1055 915 1097 generoso
942 1046 1146 1100 sanguine
1176 1046 1349 1086 cultrum

247 1110 388 1151 Edidit
417 1109 645 1162 impauidos
673 1123 743 1151 ore
771 1111 950 1153 minante
978 1125 1122 1153 sonos:

192 1177 273 1219 Per
299 1178 373 1219 tibi
402 1190 483 1232 ego
511 1178 621 1218 hunc
647 1177 732 1217 iuro
760 1178 906 1218 fortem
934 1185 1177 1234 castumque
1207 1193 1401 1234 cruorem,

246 1245 409 1299 Perque
435 1252 531 1286 tuos
557 1257 713 1298 maneS‚
745 1246 814 1298 qui
842 1246 939 1286 mihi
965 1260 1114 1287 numen
1144 1254 1274 1300 erunt,
1498 1248 1581 1286 840

191 1314 453 1367 Tarquinium
478 1313 650 1367 profuga
677 1326 833 1366 poenas
862 1326 955 1354 cum
983 1315 1110 1367 stirpe
1140 1315 1340 1355 daturum.

244 1382 332 1422 Iam
359 1382 464 1422 satis
494 1387 561 1422 est
590 1380 718 1422 uirtus
747 1381 1002 1423 dissimulata
1030 1382 1110 1423 diu.

185 1477 274 1513 824.
308 1477 486 1526 Elloquar
510 1489 557 1513 m.
610 1477 687 1526 ipsa
713 1479 751 1514 ὶη
777 1489 855 1515 ras.
883 1490 932 1514 m.
1041 1476 1129 1514 825.
1166 1476 1348 1526 Quodque
1372 1475 1424 1513 hs
1451 1480 1524 1513 tres
1548 1480 1583 1512 et

139 1527 226 1565 Ald.
244 1529 352 1577 prim.
455 1529 542 1564 827.
570 1527 670 1563 Dant
695 1527 792 1564 sacto
819 1530 961 1565 ueniam
988 1540 1070 1578 gen.
1100 1525 1260 1576 (91011,
1287 1529 1354 1563 uix
1380 1526 1456 1563 alii.
1494 1526 1583 1562 sacti

139 1580 247 1614 1731
265 1576 356 1624 duo5
381 1590 500 1628 ραιαν.
515 1589 585 1614 sor.
626 1580 740 1614 coacti
771 1580 816 1615 0.
857 1585 981 1615 coacto
1000 1577 1123 1625 Ilfeld.
1140 1575 1236 1628 (ΣἹ)
1249 1590 1284 1613 m
1300 1579 1323 1613 8
1337 1579 1382 1612 12
1402 1581 1479 1613 octo
1495 1577 1583 1620 (mi—

137 1629 233 1665 nisme
249 1626 318 1675 (D).
421 1630 508 1665 828.
533 1628 653 1671 Quam
672 1629 812 1664 ueniam
830 1629 917 1665 dixit
935 1628 1016 1666 duo.
1053 1629 1144 1664 datis
1163 1629 1222 1664 illa
1243 1628 1284 1666 G.
1385 1628 1473 1662 829.
1501 1638 1584 1663 cae-

137 1677 211 1716 lato
237 1677 306 1725 Ilf.
322 1683 356 1715 et
374 1677 427 1715 ed.
449 1681 496 1714 D.
515 1681 641 1715 Heius.
680 1691 782 1714 mora
811 1679 942 1715 collato
967 1681 1028 1715 29.
1067 1679 1144 1726 figit
1173 1678 1287 1713 BGm
1303 1679 1326 1712 8
1352 1688 1418 1713 sex
1442 1681 1476 1713 et
1500 1675 1583 1723 Ilf„

139 1733 183 1765 ‘ut
207 1733 309 1778 puto,
335 1728 400 1765 sub
424 1741 502 1766 ras.
542 1729 635 1765 fodit
663 1740 726 1764 sua
750 1730 836 1766 ΕΟ.
879 1741 944 1765 sua
971 1741 1126 1778 corpora
1152 1726 1190 1764 Γ
1202 1726 1245 1764 Ψ
1262 1732 1345 1764 tres.
1385 1735 1483 1776 pect.
1511 1727 1584 1764 telo

135 1776 188 1816 Π
199 1781 260 1816 41.
308 1786 404 1829 pect.
444 1780 559 1815 cultro
584 1778 810 1827 11f.BGmp
832 1781 877 1815 16
888 1781 938 1815 40
963 1784 1053 1816 octo.
1174 1780 1260 1814 830.
1297 1777 1376 1814 cad.
1404 1777 1449 1813 ad
1486 1784 1582 1826 patr.

135 1834 226 1874 tres3
252 1841 455 1878 puar.sor.
495 1829 771 1878 sanguinulenta
797 1828 866 1876 Ilf.
968 1832 1057 1867 831.
1085 1830 1182 1865 Tum
1210 1828 1278 1874 llf.
1299 1829 1456 1864 BN14.
1490 1840 1582 1865 mor.

135 1892 205 1917 nec
231 1893 302 1916 non
330 1883 516 1929 Emmpr.
567 1892 657 1916 mor.
688 1886 726 1915 ut
753 1892 824 1915 non
850 1882 992 1916 Muar.
1006 1892 1077 1916 scr.
1186 1881 1272 1915 832.
1299 1879 1411 1928 Resp.
1440 1878 1509 1914 hoc
1536 1882 1585 1914 12

58 1920 73 1938 μ
135 1930 220 1968 duo.
323 1933 409 1968 833.
438 1931 595 1982 dampna
622 1927 800 1967 EGI'r.
902 1932 988 1966 834.
1016 1932 1153 1967 iacetur
1178 1929 1235 1966 uel
1261 1930 1341 1966 sim.
1368 1928 1453 1978 quid
1478 1927 1527 1966 Γ.

187 1981 276 2018 835.
302 1993 368 2017 sua
395 1978 620 2028 pectorzifff.
724 1982 810 2017 836.
839 1982 1055 2017 semianimis
1073 1982 1180 2017 A43.
1221 1979 1428 2016 semianime
1456 1978 1583 2016 OEma.

133 2043 203 2069 sec.
231 2033 267 2068 7.
310 2032 458 2067 semian.
485 2038 633 2079 pectore
658 2034 709 2076 E;
736 2043 756 2068 ν
772 2043 943 2068 umuscr.
990 2033 1177 2067 semanim.
1203 2028 1243 2066 Γ
1252 2027 1290 2065 >3
1298 2029 1384 2076 bfr.
1496 2032 1584 2067 837.

136 2088 238 2118 tenet
263 2079 302 2118 Σ
319 2081 401 2118 duo.
443 2093 566 2129 gener.
594 2090 744 2131 pectore
770 2081 852 2118 duo.
957 2084 1045 2119 838.
1072 2084 1110 2118 in
1134 2084 1206 2118 imo
1230 2092 1349 2128 wnury.
1376 2080 1496 2130 suppl.
1513 2079 1582 2126 Ilf.

135 2131 260 2169 Edidit
288 2139 325 2168 et
350 2144 435 2181 pau.
462 2144 495 2168 r.
540 2133 668 2181 jnpau.
698 2134 743 2168 E.
793 2144 856 2168 ore
883 2131 1036 2169 decente
1062 2132 1096 2169 b.
1146 2144 1210 2168 ore
1241 2132 1396 2167 micante
1423 2135 1482 2167 11.

185 2184 274 2220 839.
303 2183 408 2218 Hunc
429 2194 496 2230 ego
518 2195 585 2231 per
612 2189 747 2218 castum
774 2182 852 2218 iuro
879 2182 1085 2232 sortemque
1103 2182 1135 2229 f.
1177 2182 1321 2231 Perque
1347 2193 1414 2230 ego
1438 2175 1581 2219 iuro2'.

136 2232 282 2282 Perque
309 2245 376 2281 ego
405 2245 499 2268 nunc
525 2233 605 2269 iuro
632 2236 676 2270 P.
724 2232 796 2267 Per
823 2239 859 2269 te
885 2245 953 2281 ego
981 2246 1076 2269 nuuc
1103 2234 1181 2269 iuro
1208 2229 1255 2268 Γ.
1301 2231 1373 2267 Per
1405 2243 1472 2279 ego
1503 2230 1581 2266 iuro

137 2284 201 2319 tibi
228 2284 323 2320 hunc
349 2284 480 2319 sortem
508 2286 557 2319 D.
596 2283 668 2319 Per
695 2283 756 2318 tibi
784 2282 880 2319 hunc
905 2285 984 2319 iuro
1012 2287 1046 2320 E
1064 2288 1153 2320 octo.
1199 2282 1270 2318 Per
1296 2282 1359 2318 tibi
1386 2292 1479 2316 nunc
1504 2281 1581 2315 iuro

138 2345 160 2370 s
185 2332 267 2370 duo.
310 2333 383 2370 Per
409 2334 473 2369 tibi
499 2345 566 2382 ego
594 2334 672 2369 iuro
699 2333 720 2369 lt
743 2332 826 2370 dno.
875 2345 943 2381 ego
971 2347 1066 2370 nunc
1093 2335 1171 2369 iuro
1202 2334 1249 2370 G.
1291 2344 1358 2380 ego
1383 2331 1459 2366 iuro
1488 2329 1582 2365 hunc

135 2383 267 2420 fortem
288 2381 390 2420 NA.
429 2383 502 2420 Per
528 2385 591 2420 tibi
619 2396 715 2419 nunc
740 2391 877 2420 castum
904 2386 983 2421 iuro
1006 2385 1214 2432 fortemque
1246 2384 1290 2419 0.
1331 2381 1425 2416 huuc
1450 2380 1582 2416 sortem

136 2433 217 2470 iuro
243 2442 453 2482 castumque
470 2444 577 2471 tentes.
623 2434 717 2470 hunc
742 2442 878 2470 castum
900 2435 977 2471 iuro
996 2435 1201 2483 sortemque
1219 2432 1299 2468 duo.
1340 2432 1418 2466 iuro
1446 2438 1582 2466 castum

135 2483 342 2532 sortemque
368 2484 505 2532 aliquot
531 2487 655 2533 ignoti.
761 2486 849 2522 340.
877 2485 986 2528 michi,
1011 2488 1058 2521 I).
1097 2485 1159 2533 qui
1185 2483 1247 2518 tibi
1275 2483 1503 2529 Bmma.pr.
1520 2483 1580 2517 34.

187 2535 275 2570 841.
305 2534 423 2581 'Parq-
455 2547 579 2571 >uenas
607 2534 762 2585 profuga
790 2548 870 2571 curn
895 2547 918 2582 9
937 2540 1104 2584 quatuor.
1142 2544 1295 2582 poenam
1317 2531 1470 2580 profuga
1497 2535 1582 2569 tres.

135 2584 332 2634 profugum
364 2547 456 2620 OH1
477 2590 646 2632 quatuor.
687 2597 843 2635 poenam
877 2584 927 2623 Ψ.
970 2598 1051 2623 cum
1077 2584 1179 2634 prole
1207 2584 1240 2619 E
1250 2582 1281 2619 0
1309 2581 1390 2618 duo.
1494 2582 1581 2619 842.

136 2635 269 2674 dissim.
297 2633 380 2672 mihi
406 2633 455 2674 A
481 2641 637 2682 quatuor
662 2641 696 2673 et
721 2635 773 2673 ccl.
803 2635 898 2674 Raab,
