1685 2954
188 119 273 165 224
749 133 1066 165 rasronvn

245 231 506 277 conueniunt
532 230 657 287 pictis
683 233 889 277 incinctae
917 235 1104 276 uestibus
1128 235 1281 288 Horae,

299 303 426 355 Inque
453 302 572 342 leues
597 302 788 344 calathos
809 315 973 344 munera
1000 309 1140 344 nostra
1165 304 1319 358 legunt.

246 369 437 410 Protinus
464 368 668 411 accedunt
696 369 899 424 Charites,
926 377 1177 425 nectuntque
1201 383 1374 412 coronas

299 436 502 490 Sertaque
531 438 740 479 caelestes
766 436 1008 491 implicitura
1036 451 1190 480 comas.
1541 444 1624 480 220

242 501 376 544 Prima
402 517 474 557 per
504 506 725 546 immensas
751 505 885 558 sparsi
908 518 1016 547 noua
1044 507 1200 548 semina
1227 511 1394 560 gentes:

298 571 431 613 Vnius
459 573 582 613 tellus
609 579 705 613 ante
733 573 882 614 coloris
911 581 1011 614 erat.

242 637 377 678 Prima
406 640 673 693 Therapnaeo
704 639 787 680 feci
815 639 867 679 de
896 642 1097 695 sanguine
1126 642 1279 695 florem,

293 706 350 746 Et
377 713 516 748 manet
542 706 583 748 in
613 705 707 747 folio
736 707 890 759 scripta
919 708 1084 760 querela
1111 720 1199 748 suo.

241 772 306 813 Tu
330 786 491 827 quoque
518 787 666 814 nomen
691 772 821 813 habes
842 773 990 826 cultos,
1018 775 1230 827 Narcisse,
1260 787 1332 828 per
1359 775 1512 831 hortos,
1541 783 1621 819 225

296 840 439 881 Infelix
470 842 578 895 quod
606 854 687 881 non
715 840 817 880 alter
845 845 889 880 et
916 841 1019 881 alter
1047 853 1150 882 eras.

239 906 349 959 Quid
378 909 552 961 Crocon,
581 915 652 949 aut
678 907 798 948 Attin
826 907 1011 960 referam,
1040 908 1274 962 Cinyraque
1301 917 1495 965 creatum,

295 976 359 1016 De
389 989 555 1029 quorum
584 989 657 1029 per
682 988 749 1016 me
776 976 941 1016 uolnere
965 976 1099 1029 surgit
1125 973 1282 1018 honor?

239 1042 355 1083 Mars
386 1056 561 1096 quoque,
591 1043 627 1083 si
652 1043 805 1096 nescis,
831 1057 903 1096 per
931 1051 1094 1085 nostras
1123 1043 1258 1084 editus
1285 1052 1416 1088 artes:

294 1112 474 1163 Iuppiter
501 1111 581 1152 hoc
609 1116 656 1151 ut
684 1110 818 1152 adhuc
846 1112 1019 1164 nesciat,
1048 1124 1180 1164 usque
1208 1125 1362 1165 precor.
1541 1119 1623 1155 230

239 1177 399 1219 Sancta
426 1180 564 1218 Iouem
591 1179 690 1218 Iuno
719 1185 819 1220 nata
845 1179 933 1220 sine
963 1186 1092 1221 matre
1119 1180 1307 1222 Minerua

293 1245 442 1286 Officio
473 1245 599 1286 doluit
626 1258 707 1286 non
736 1247 908 1301 eguisse
937 1260 1024 1288 suo.

237 1312 339 1366 Ibat,
367 1319 414 1354 ut
440 1312 607 1355 Oceano
637 1321 874 1368 quereretur
900 1314 1005 1356 furta
1032 1313 1181 1356 mariti:

233 1438 320 1472 217.
358 1437 467 1473 Tunc
493 1438 643 1474 ueniunt
674 1450 698 1486 9
715 1450 787 1475 ηια.
804 1450 872 1475 sec.
890 1437 911 1473 h
939 1442 1094 1486 qualitor
1117 1442 1150 1475 et
1175 1443 1260 1475 uati.
1287 1439 1342 1476 ed.
1391 1439 1546 1489 incingte
1572 1439 1620 1479 Γ.

183 1486 252 1523 inc.
280 1487 426 1524 floribus
447 1485 487 1524 A
505 1487 591 1533 ᾶυος
617 1491 821 1526 Eum-,sen
861 1496 953 1525 uest.
980 1500 1042 1524 ore
1069 1491 1249 1538 Ema.pr.
1289 1490 1446 1527 uestibus
1471 1492 1555 1527 illuc
1574 1494 1619 1530 0.

232 1540 319 1574 218.
348 1538 419 1575 leu.
449 1537 610 1587 galathos
638 1541 688 1575 D,
735 1539 870 1583 calatos
896 1542 940 1577 E.
986 1552 1085 1574 mun.
1113 1551 1226 1588 parua
1252 1538 1305 1576 A.
1407 1543 1495 1577 219.
1520 1543 1620 1578 aeci-

114 1586 129 1604 ³
182 1586 274 1624 dunt
301 1590 361 1624 28.
406 1588 507 1625 Prot.
536 1590 606 1625 arri
636 1590 712 1626 iunt
733 1592 778 1626 Z.
799 1586 917 1626 '‘Pfot.
945 1590 1123 1639 accipiunt
1149 1602 1329 1639 ninam.
1368 1591 1497 1627 carites
1522 1588 1621 1627 ΕΦ.

179 1638 312 1675 karites
339 1636 409 1675 Σὺ.
448 1639 586 1676 karices
642 1667 652 1677 .
755 1643 843 1676 220.
870 1641 1059 1689 Tectaque
1085 1641 1152 1676 cel.
1183 1639 1218 1677 b.
1256 1652 1327 1689 que
1353 1640 1492 1677 diuinas
1519 1640 1620 1691 impl.

182 1692 229 1724 12
246 1692 306 1725 20.
361 1690 479 1739 inplic.
509 1693 560 1727 D.
686 1694 773 1726 221.
810 1691 988 1726 inmensas
1017 1691 1108 1726 EG.
1157 1690 1365 1726 immensam
1400 1694 1446 1727 12
1460 1694 1511 1727 20
1535 1691 1619 1730 duo.

179 1751 247 1788 per
271 1740 403 1776 inuisas
427 1740 458 1786 f.
507 1753 572 1790 per
596 1741 801 1777 innumeras
828 1752 938 1784 unus3
966 1741 1008 1776 N
1018 1752 1185 1777 aar-scr.
1235 1753 1302 1790 per
1325 1742 1486 1790 ingentes
1509 1754 1617 1780 unus.

179 1791 295 1839 sparsi
320 1803 401 1826 mea
428 1803 576 1827 munera
602 1793 650 1827 Μ
666 1803 746 1827 aar.
764 1802 834 1827 scr.
884 1802 973 1827 sein.
1001 1802 1140 1827 meuses
1166 1790 1189 1837 f
1202 1803 1276 1828 ηια.
1293 1803 1348 1840 pr.
1387 1804 1475 1829 sem,
1503 1799 1618 1830 terras
1661 1815 1667 1821 -

176 1852 201 1888 9
219 1853 291 1877 ηια.
311 1853 377 1878 sec.
396 1840 449 1878 hs
473 1846 618 1890 septem.
667 1853 754 1878 sem.
781 1848 913 1877 terram
942 1844 987 1876 12
997 1843 1046 1876 20
1070 1840 1153 1877 duo.
1256 1845 1341 1878 222.
1369 1842 1484 1879 Huius
1509 1854 1620 1893 egens

179 1891 284 1927 tellus
310 1891 334 1928 h
350 1903 427 1936 sex,
455 1896 540 1927 neti.
561 1891 614 1928 ed.
717 1894 805 1928 223.
832 1891 952 1927 Prima
979 1903 1047 1939 ego
1075 1891 1258 1939 amyclaeo
1284 1895 1321 1928 2.
1369 1900 1542 1943 terapneo
1570 1896 1617 1931 Β.

180 1946 392 1991 terampueo
414 1942 444 1978 b.
484 1941 693 1979 theramneo
722 1940 855 1979 BGA
867 1938 950 1978 ΟΔ
960 1944 1006 1977 33
1034 1946 1178 1990 septem.
1221 1942 1420 1980 theranneo
1452 1941 1619 1983 GDFI'.

106 2014 126 2041 ἵ,
179 1997 329 2028 teraneo
354 1990 484 2029 Hms.
525 1993 723 2042 therfigneo
749 2005 782 2030 r.
884 1994 971 2028 224.
999 1993 1168 2042 quaerela
1195 1995 1245 2030 D.
1273 2005 1390 2052 ‘quen
1417 2001 1481 2031 tuo
1506 1993 1568 2032 A.

230 2043 317 2079 225.
346 2056 490 2093 quoque
516 2056 647 2079 numen
675 2046 719 2080 P.
758 2055 903 2098 quoque
925 2054 1068 2079 carmen
1092 2040 1143 2080 Ψ.
1185 2055 1322 2080 narcise
1342 2047 1386 2081 E.
1427 2057 1495 2094 per
1519 2050 1617 2083 orto·

180 2093 261 2129 DE
273 2094 307 2130 G
321 2105 391 2130 ma.
406 2106 462 2143 pr.
471 2091 520 2131 Γ.
571 2106 638 2143 per
663 2106 769 2142 agros
800 2090 834 2130 O
849 2091 936 2130 ΨΑ
946 2090 1044 2130 §bs
1068 2093 1290 2142 undeuiginti
1307 2094 1392 2131 ΑΜ.
1410 2093 1559 2144 primT‘

229 2145 314 2180 226.
342 2144 410 2180 lus.
439 2145 500 2193 qui
528 2156 597 2180 non
625 2143 657 2180 b.
700 2157 772 2180 non
800 2157 890 2181 unus
917 2151 954 2180 et
984 2144 1029 2181 0.
1070 2151 1148 2180 erat
1174 2143 1206 2180 b.
1308 2147 1394 2182 227.
1423 2146 1497 2189 Qui
1520 2156 1614 2183 cmc·

182 2189 235 2230 Φ.
287 2202 414 2231 croton
441 2196 537 2232 DG.
587 2207 682 2231 croc.
710 2202 747 2231 et
773 2194 845 2232 ath.
870 2207 907 2243 9.
953 2197 1038 2240 Ita,
1063 2195 1171 2239 attin,
1194 2196 1546 2232 891112343536
1565 2199 1614 2253 qt,

179 2255 260 2331 ’1¹22
270 2256 339 2332 1325?
342 2244 502 2332 “iffi
499 2245 789 2344 masfa
794 2251 982 2344 3120?ss·ss
994 2242 1222 2345 ,35212553
1239 2244 1614 2344 ῗὲιβῶῗὼὲἒῑέἓὲῗ

179 2345 280 2381 astim
308 2345 391 2382 duo.
437 2347 527 2383 acim
554 2343 697 2383 ΕΦΡ.
745 2348 823 2383 acin
850 2346 988 2395 reliqui.
1032 2348 1226 2395 cinaraque
1250 2348 1328 2383 EG
1340 2342 1616 2382 ΦΓΜΝΟΡ

178 2390 520 2445 HAEbepv-s.
576 2409 781 2446 cynaraque
809 2395 1028 2434 BCDFA
1042 2392 1096 2433 hs
1139 2404 1295 2433 creatum
1328 2400 1438 2444 μυσὶν.
1465 2395 1546 2441 cyil.
1573 2397 1614 2433 in

178 2456 254 2481 ras.
282 2459 328 2483 m.
373 2448 492 2484 Eatum
520 2450 568 2484 D.
669 2450 756 2484 228.
793 2448 891 2484 uuln.
920 2446 1014 2484 libri.
1065 2447 1215 2484 uulnera
1243 2448 1288 2483 G.
1336 2457 1538 2483 me...ere
1562 2458 1613 2483 m.

177 2505 236 2531 me
262 2507 408 2534 munere
434 2501 481 2535 21
497 2501 544 2536 39
571 2497 678 2535 alius.
717 2509 775 2534 me
800 2499 974 2546 sanguine
1000 2497 1024 2534 h
1049 2496 1119 2534 duo
1144 2502 1260 2534 tresue
1284 2495 1369 2532 Αἶά.
1387 2497 1492 2544 prim.
1508 2507 1579 2535 sec.

227 2547 313 2583 229.
350 2560 494 2597 quoque
520 2549 580 2599 qui
607 2561 703 2585 neec.
729 2551 790 2585 M.
841 2548 958 2585 editur
986 2545 1033 2584 Σ.
1143 2549 1229 2584 230.
1263 2546 1397 2595 lupiter
1422 2543 1546 2583 ΒΕΓ
1549 2543 1613 2584 Σῖ

182 2594 318 2645 Iopiter
343 2599 387 2634 P.
428 2599 532 2648 lupp.
561 2598 649 2635 haec
678 2596 763 2635 ΦΣ
786 2610 862 2636 sex.
908 2598 1015 2635 ad.uc
1041 2599 1180 2646 ”usque
1205 2597 1368 2633 ”nesciat
1394 2599 1440 2633 E.
1478 2597 1613 2634 noecint

177 2645 255 2733 igse
279 2659 312 2686 s.
415 2649 500 2685 231.
527 2649 624 2687 Seua
648 2650 721 2686 iou.
748 2649 929 2686 burensem
968 2650 1054 2684 iuno
1073 2655 1151 2684 sata
1173 2647 1250 2682 sine
1273 2659 1305 2682 s.
1345 2655 1430 2683 nata
1455 2654 1511 2684 est
1534 2647 1613 2684 sine

334 2699 421 2736 233.
457 2698 535 2736 lbat
561 2712 582 2736 n
610 2712 685 2738 occ.
712 2703 904 2748 Emmpr.
960 2709 1115 2736 occeano
1144 2694 1319 2736 DEGF
1327 2708 1356 2735 r.
1413 2703 1452 2735 ut
1485 2696 1610 2737 oceani
