1685 2954
89 83 114 111 C
691 75 831 108 VARRO
860 78 916 108 ΕΤ

87 181 213 219 Cassio
238 179 414 226 Hemina,
439 176 535 214 Plin.
563 177 612 215 ib.
639 170 684 213 2:
719 189 815 228 quae
848 186 970 215 tamen
1003 183 1206 228 sequuntur
1240 174 1288 214 de
1321 175 1528 216 fornacibus

88 255 125 281 u.
144 240 234 294 525,
257 240 404 278 suerunt
428 237 527 289 apud
552 238 756 278 Varronem
780 239 828 276 de
855 239 930 275 uita
955 239 997 277 P.
1013 240 1079 288 R.‚
1105 239 1180 278 uid.
1199 237 1358 276 Nonium
1379 250 1418 288 p.
1439 239 1529 288 531,

86 307 157 352 32;
192 304 243 340 uti
269 309 305 339 et
329 301 408 350 ipsa
433 300 481 337 de
505 300 695 337 stultorum
719 299 816 338 seriis
841 301 1018 351 expositio
1045 313 1081 337 u.
1097 303 1186 348 531,
1212 300 1311 336 Fest.
1338 312 1379 349 p.
1393 299 1484 348 254,
1503 303 1527 336 3

84 365 205 412 dext.;
237 377 275 413 p.
296 363 383 409 126,
403 364 450 397 12
474 360 590 409 dext„
615 360 723 399 Varr-
749 361 796 400 de
821 362 846 399 l.
873 363 897 400 l.
925 364 962 409 6,
983 366 1042 399 13.
1096 362 1187 398 lllud
1213 372 1360 411 quoque
1401 361 1528 409 proxi-

84 439 182 464 mum
205 424 399 472 utrobique
423 422 470 458 de
495 422 587 458 colle
607 422 783 466 Quirinali
809 435 830 459 a
857 423 1009 467 Quirino
1036 422 1145 470 dicto,
1172 422 1246 461 Ou.
1262 435 1298 459 u.
1314 422 1402 469 511,
1430 421 1529 458 Fest.

84 499 122 537 p.
136 486 227 534 254,
245 485 304 529 14,
330 483 447 521 Varro
473 483 584 520 habet
608 483 648 532 5,
663 483 724 521 51.
751 504 800 512 —-
825 483 883 520 De
907 483 1108 520 Februario
1134 496 1257 521 mense
1281 483 1386 520 Paul.
1413 495 1452 533 p.
1465 482 1531 530 85,

85 551 132 584 13
160 553 197 584 et
224 546 271 584 de
294 544 427 583 Martio
453 544 552 580 Fest.
570 555 608 593 p.
623 544 710 594 150,
728 547 775 581 17
801 550 838 581 et
860 543 907 581 de
932 544 1030 581 Maio
1054 545 1154 581 Fest.
1176 559 1214 595 p.
1232 547 1320 593 134,
1334 547 1398 592 27,
1426 550 1465 581 et
1483 542 1532 581 de

83 609 184 646 lunio
203 608 307 646 Paul.
329 619 367 657 p.
383 608 470 652 103,
487 605 535 641 14
557 617 668 656 supra
694 613 749 643 est
774 605 908 642 dictum
934 617 973 654 p.
989 616 1145 654 mnnx,
1160 619 1303 643 cxxx:
1345 604 1417 641 iam
1443 617 1532 642 con-

82 670 140 708 ser
162 669 210 707 de
236 668 423 706 Feralibus
450 664 523 703 Ou.
538 669 578 715 2,
591 667 680 716 569,
707 667 810 704 Paul.
833 679 872 716 p.
886 665 948 710 85,
965 669 1024 711 11,
1050 667 1208 705 Varron.
1238 667 1285 705 de
1312 668 1338 705 l.
1359 665 1384 703 l.
1410 667 1449 714 6,
1467 669 1531 714 13,

81 732 199 769 Macr.
222 735 261 780 1,
280 732 320 778 4,
346 742 384 779 p.
401 730 492 765 200.
516 746 567 755 ·-
598 728 656 766 De
682 728 829 764 lanuale
854 727 942 774 libo,
967 726 1041 765 Ou.
1061 731 1100 776 1,
1117 731 1204 777 127,
1231 735 1268 765 et
1293 727 1339 765 de
1363 727 1532 765 fabarum

82 806 150 831 usu
175 791 426 831 Lemuralibus
451 789 623 827 Varronis
649 789 748 826 locos
773 787 945 825 indicauit
964 784 1161 826 Muellerus
1187 790 1233 826 ad
1252 789 1358 826 Paul.
1387 800 1426 837 p.
1443 790 1531 833 104,

83 857 152 903 183
178 857 245 902 87,
267 857 335 900 13,
372 852 480 889 etiam
514 850 562 887 de
586 850 750 887 Portuno
776 849 822 887 ad
849 847 952 886 Paul.
979 862 1018 899 p.
1032 851 1098 898 56,
1115 853 1161 888 5:
1197 849 1363 886 conseres
1391 848 1466 886 ou.
1491 851 1532 897 6,

80 916 168 961 545,
186 917 258 963 463
285 913 389 951 Paul.
407 926 445 963 p.
459 912 547 960 243,
568 915 604 949 1.
647 912 688 948 In
714 911 786 949 fine
805 912 936 962 prioris
954 911 1060 948 Pauli
1085 911 1154 948 loci
1180 923 1252 948 non
1278 910 1418 958 dubito,
1444 911 1532 960 quin

82 976 278 1027 legendum
304 975 350 1012 sit
375 979 557 1025 portuum.
609 971 701 1010 Cod.
727 972 850 1010 Berol.
877 973 949 1010 ita:
983 984 1031 1010 ex
1053 985 1184 1021 yraeco
1209 972 1388 1010 descendit
1415 968 1533 1010 κλείω

81 1043 115 1076 et
151 1034 277 1083 κλεῖς,
315 1037 417 1073 caninas
448 1037 502 1072 rei
534 1033 684 1071 tutelam
716 1035 917 1071 Portunum
953 1046 1029 1071 esse
1055 1034 1256 1084 putabant,
1291 1036 1353 1084 qut
1386 1033 1534 1072 clauum

80 1105 174 1137 caet.
199 1119 251 1125 —
278 1097 335 1134 De
360 1096 528 1134 Mamurii
553 1095 693 1133 Veturii
718 1094 864 1132 historia
891 1096 991 1146 apud
1019 1095 1091 1133 Ou.
1116 1099 1155 1143 3,
1169 1098 1241 1132 383
1260 1109 1343 1146 sqq.
1371 1103 1408 1134 et
1426 1096 1533 1135 Paul.

80 1174 119 1211 p.
135 1164 223 1209 131,
236 1162 262 1197 7
275 1172 356 1210 sqq.
379 1158 552 1195 iudicabis
573 1163 613 1194 ut
631 1157 732 1204 libet,
758 1156 867 1194 modo
891 1169 937 1194 ne
958 1158 1082 1194 ancilis
1102 1156 1377 1206 descriptionem
1404 1170 1440 1194 u.
1457 1159 1532 1194 377

79 1236 102 1261 a
127 1222 355 1260 Varroniana
381 1220 428 1257 de
453 1220 478 1257 l.
497 1220 522 1256 l.
544 1220 583 1266 6,
599 1219 647 1254 43
675 1217 822 1255 differre
848 1225 974 1268 putes:
1002 1219 1163 1255 disertim
1190 1219 1286 1255 enim
1313 1219 1532 1256 Plutarchus

79 1284 192 1321 Num.
220 1285 267 1319 13
303 1281 492 1332 γραμμῆς
517 1275 756 1323 ἔλικοειδοῦς
782 1277 945 1330 κεραίας
978 1291 1126 1329 quoque
1160 1274 1328 1326 καμπὰς
1361 1280 1532 1318 habuisse

79 1351 249 1384 testatur.
274 1366 324 1370 —
353 1345 419 1380 His
445 1343 631 1391 hucusque
656 1341 828 1390 expositis
854 1342 964 1391 paulo
992 1342 1137 1390 grauius
1165 1346 1222 1376 est
1248 1340 1348 1389 quod
1375 1340 1531 1378 Ouidius

78 1409 119 1455 6,
136 1409 212 1443 603
238 1405 359 1442 uerbis
385 1409 555 1454 carpento
578 1404 721 1453 patrios
743 1404 885 1440 ‘initura
908 1407 1056 1452 penates
1085 1402 1269 1451 conspirat
1294 1414 1376 1438 cum
1402 1401 1532 1439 Verrio

78 1467 178 1518 apud
203 1466 357 1503 Paulum
383 1479 420 1516 p.
439 1469 527 1514 332,
548 1466 595 1501 9:
629 1468 800 1513 carpento
834 1469 1046 1514 supet-uecta
1073 1465 1123 1500 sit
1147 1475 1347 1512 properans
1378 1465 1417 1500 in
1443 1476 1530 1513 pos-

78 1531 273 1566 sessionem
298 1527 425 1565 domus
447 1531 638 1576 paternae,
667 1525 733 1563 cfr.
753 1525 884 1562 Festus
909 1538 947 1575 p.
964 1527 1050 1572 182,
1069 1528 1115 1560 21
1138 1525 1220 1572 sin.,
1247 1524 1398 1561 discedit
1422 1537 1444 1561 a
1468 1525 1530 1561 Li-

79 1591 141 1627 uio
168 1594 206 1638 1,
222 1590 295 1626 49:
321 1593 528 1639 partemque
552 1588 743 1636 sanguinis
757 1608 808 1616 —-
825 1591 970 1624 cruento
994 1585 1157 1623 uehiculo
1174 1606 1220 1612 —
1240 1586 1365 1622 tulisse
1391 1586 1441 1623 ml
1466 1599 1529 1636 pe—

77 1656 184 1689 nates
219 1663 306 1688 suos
337 1652 477 1699 ‹tirique
501 1651 572 1686 sui.
625 1648 943 1693 Quemadmodum
977 1654 1099 1685 tamen
1127 1646 1281 1684 Ouidius
1309 1659 1416 1684 uersu
1441 1649 1531 1696 601,

78 1714 161 1750 coll.
189 1715 227 1761 3,
247 1712 321 1749 245
349 1717 492 1747 secutus
519 1715 575 1746 est
598 1711 801 1747 Varronem
829 1709 875 1747 de
901 1710 926 1747 l.
956 1710 980 1746 l.
1006 1710 1044 1759 5,
1057 1711 1121 1757 49,
1148 1709 1293 1744 (labitur
1318 1708 1411 1745 infra
1437 1710 1531 1746 inter

78 1774 284 1823 fragmenta
310 1773 391 1809 libri
418 1784 539 1808 rerum
566 1770 640 1808 diu.
661 1784 726 1808 vn
753 1783 878 1818 unum,
906 1770 1004 1819 quod
1031 1770 1103 1806 huc
1128 1770 1322 1820 pertineat.
1374 1769 1531 1808 Maxime

78 1848 168 1873 uero
193 1832 440 1874 memorabilia
466 1831 557 1868 haec
583 1831 655 1868 duo
682 1838 779 1868 sunt.
834 1830 908 1868 Ou.
936 1833 974 1879 6,
1002 1832 1098 1868 266:

617 1893 759 1940 formae
782 1905 895 1930 causa
920 1892 1109 1941 probanda
1134 1892 1264 1930 subest.

264 1961 376 1996 Vesta
401 1955 522 1993 eadem
548 1960 601 1992 est
625 1960 660 1991 et
689 1958 826 1992 Terra:
851 1954 971 1991 subest
996 1955 1085 2003 uigil
1110 1956 1204 2003 ignis
1230 1955 1392 2003 utrique:

330 2017 548 2067 Significant
572 2016 689 2053 sedem
714 2021 814 2053 terra
840 2015 1011 2064 focusque
1036 2029 1154 2053 suam.

79 2084 218 2130 (Quem
252 2093 396 2118 uersum
429 2079 588 2116 nondum
625 2079 673 2114 ab
709 2078 781 2114 ullo
817 2077 1036 2126 explicatum
1070 2090 1148 2114 esse
1181 2077 1300 2114 uideo.
1353 2079 1407 2114 Ita
1433 2078 1526 2115 enim

80 2149 351 2194 argumentatur
383 2148 505 2192 poeta.
576 2141 668 2176 Foco
702 2151 770 2188 pro
806 2138 941 2175 Vestae
975 2139 1120 2175 nomine
1158 2139 1292 2186 utitur,
1328 2139 1526 2176 secundum

80 2207 198 2255 graeci
223 2205 375 2242 nominis
400 2202 662 2252 significatum,
699 2200 772 2237 uid.
798 2212 834 2236 u.
851 2200 1032 2247 301—4‚
1062 2198 1158 2236 unde
1182 2201 1375 2237 rectissime
1401 2201 1526 2238 Leon-

80 2268 149 2303 tius
176 2267 260 2303 Maii
287 2280 325 2315 p.
345 2266 417 2301 169
439 2263 498 2301 ed.
518 2263 613 2299 R0.:
644 2260 798 2298 Ouidius
823 2262 932 2298 etiam
958 2263 995 2298 in
1022 2260 1111 2298 libro
1138 2260 1323 2307 [ustorum
1350 2262 1396 2299 ab
1423 2264 1525 2300 anti-

80 2329 161 2377 quis
184 2339 264 2364 ωιτη
289 2327 412 2373 [ocum
438 2326 556 2361 innuit
581 2325 821 2360 nominatum.
868 2323 965 2366 Quia
998 2334 1085 2371 ergo
1112 2322 1232 2358 Latini
1268 2323 1435 2360 dixerunt
1465 2332 1525 2359 sc-·

79 2389 172 2436 dem,
200 2389 337 2425 'rib-111.
355 2392 394 2435 2,
411 2389 449 2434 4,
466 2388 529 2433 53,
557 2398 624 2435 pro
650 2384 732 2431 t'oco
758 2385 892 2433 patrio,
919 2383 1054 2430 Ou.,tr.
1069 2383 1107 2431 5,
1124 2388 1182 2428 11,
1198 2386 1258 2431 18,
1285 2391 1322 2420 et
1340 2396 1407 2433 pro
1426 2388 1526 2421 terra

80 2450 220 2500 patria,
257 2456 301 2485 tr.
330 2453 367 2495 1,
386 2452 404 2483 l
431 2455 537 2494 extr„
573 2446 657 2483 inde
691 2445 914 2482 concluditur
943 2448 1095 2482 Terram
1120 2451 1156 2482 et
1186 2445 1366 2482 Vestalem
1390 2444 1523 2491 focum,

80 2523 188 2560 quem
214 2510 302 2545 (lixit
329 2510 476 2556 August.
504 2508 551 2545 de
576 2521 608 2546 c.
633 2507 669 2544 d.
694 2512 733 2554 2,
754 2509 803 2543 29
829 2519 901 2543 non
928 2518 1007 2543 esse
1032 2506 1203 2543 diuersos.
1255 2506 1387 2543 Similis
1412 2507 1524 2543 ratio-

81 2573 213 2608 cinatio
240 2577 293 2608 est
319 2571 366 2606 de
388 2569 525 2616 Cybele
553 2568 588 2604 Ιι.
609 2580 642 2605 e.
667 2575 765 2605 terra
790 2574 827 2604 et
849 2568 1126 2616 Corybantibus,
1151 2568 1280 2617 quibus
1305 2565 1524 2615 significetur

81 2644 204 2671 orienes
225 2644 292 2682 pro
311 2636 407 2668 terra
433 2641 503 2667 sua
530 2628 649 2667 debere
672 2641 835 2679 puynare
853 2630 952 2679 apud
970 2629 1138 2668 Seruium
1164 2627 1211 2666 ad
1228 2629 1318 2667 Aen.
1339 2631 1378 2677 3,
1395 2631 1466 2666 113
1485 2635 1523 2667 et
