1685 2954
593 100 1007 129 Lm.s1·:chnvs
1463 85 1519 128 57

192 202 310 255 Quae
342 201 414 243 tibi
441 214 514 242 eur
542 199 616 241 tria
644 201 727 242 sint
757 207 840 242 tam
868 201 1039 254 sociata,
1067 212 1230 242 canam·

138 271 263 312 Forte
294 270 380 311 Ioui
407 268 602 310 Phoebus
637 269 787 309 festum
823 269 1019 309 sollemne
1054 269 1242 321 parabat:
1438 269 1516 308 24'5

192 340 288 381 Non
315 337 437 378 faciet
463 337 613 390 longas
641 337 775 377 fabula
804 341 944 377 nostra
970 348 1127 376 moras:

138 408 157 447 1
184 419 286 458 mea,
315 404 429 456 dixit,
458 403 560 457 auis,
588 418 640 444 ne
669 402 765 457 quid
792 404 860 456 pia
888 416 1004 443 saera
1033 409 1221 455 moretur,

191 476 247 514 Et
274 479 436 512 tenuem
464 471 570 512 uiuis
598 473 776 512 fontibus
805 471 906 511 affer
934 483 1094 524 aquam.

139 542 298 583 Coruus
326 541 551 580 inauratum
579 540 751 592 pedibus
780 545 937 578 cratera
965 539 1145 579 recuruis

194 608 314 648 Tollit
343 613 388 647 et
413 609 565 648 aerium
593 608 777 660 peruolat
807 607 913 646 altus
942 606 1029 645 iter.
1436 610 1517 646 250

136 676 286 716 Stabat
312 675 445 716 adhuc
473 675 583 716 duris
607 675 713 714 fieus
742 673 986 714 densissima
1013 674 1161 726 pomis:

192 744 386 796 Temptat
422 755 513 783 eam
547 748 691 783 rostro.
735 755 816 781 non
852 746 940 781 erat
975 747 1070 793 apta
1108 742 1202 796 legi.

138 813 348 852 Immemor
378 811 533 864 imperii
562 809 723 850 sedisse
752 809 828 848 sub
857 809 997 849 arbore
1025 809 1163 862 fertur,

192 880 299 919 Dum
322 879 466 918 fierent
494 877 608 918 tarda
636 876 769 916 dulcia
794 889 914 929 poma
941 889 1064 916 mora.

137 949 302 1000 Iamque
331 952 445 986 satur
477 945 606 998 nigris
633 944 798 996 longum
826 943 931 994 rapit
957 944 1162 997 unguibus
1189 942 1372 997 hydrum,
1436 946 1516 984 255

193 1013 261 1054 Ad
289 1013 572 1065 dominumque
601 1010 704 1051 redit
732 1010 912 1062 fictaque
941 1012 1067 1052 uerba
1094 1012 1239 1052 refert:

138 1083 219 1123 Hie
246 1081 342 1120 mihi
369 1092 497 1120 eausa
523 1090 661 1118 morae
688 1077 870 1117 uiuarum
898 1078 1092 1119 obsessor
1119 1091 1326 1133 aquarum,

192 1149 272 1188 Hie
303 1147 434 1186 tenuit
460 1146 596 1185 fontes
623 1143 882 1197 officiumque
909 1158 1055 1186 meum.

136 1214 282 1266 Addis,
311 1215 369 1253 ait
396 1213 542 1264 culpae
568 1211 781 1252 mendacia
808 1213 1013 1264 Phoebus,
1044 1218 1087 1254 et
1118 1213 1248 1254 audes

192 1281 422 1322 Fatidieum
448 1280 584 1320 uerbis
610 1280 750 1319 fallere
775 1281 880 1321 uelle
910 1277 1065 1321 deum?
1437 1288 1518 1322 260

136 1350 195 1391 At
221 1349 293 1389 tibi
321 1347 417 1387 dum
442 1347 602 1388 lactens
630 1348 818 1388 haerebit
844 1347 886 1386 in
914 1348 1055 1388 arbore
1082 1346 1200 1401 ficus,

193 1417 258 1458 De
284 1415 392 1457 nullo
420 1412 583 1470 gelidae
610 1415 723 1456 fonte
747 1415 934 1456 bibentur
959 1427 1102 1468 aquae.

136 1551 225 1587 244.
251 1550 358 1594 Quae
382 1550 447 1587 sibi
473 1546 547 1598 119
561 1550 623 1586 34.
663 1561 727 1585 cur
751 1549 801 1585 ita
826 1548 896 1585 sint
913 1546 1008 1586 ΛΟ
1026 1561 1168 1599 mmpr.
1209 1561 1272 1586 cur
1299 1556 1370 1587 tam
1397 1551 1468 1588 sint
1485 1552 1518 1599 f.

89 1608 173 1638 sunt
202 1598 387 1638 (DNTh.
437 1607 509 1637 tam
535 1601 672 1637 sociata
695 1602 735 1637 in
760 1611 836 1637 ras.
863 1611 911 1636 m.
962 1600 1031 1636 sint
1057 1600 1259 1637 consociata
1289 1602 1448 1649 BGAf
1470 1607 1521 1639 10

89 1655 234 1699 septem.
273 1651 343 1687 sint
368 1652 575 1687 continuata
601 1647 648 1685 H
664 1651 712 1686 41
739 1661 818 1687 sex.
919 1650 1005 1686 245.
1034 1651 1104 1687 ioui
1130 1650 1261 1688 festum
1286 1651 1449 1701 phoebus
1474 1650 1523 1690 Il

97 1704 133 1739 Τ
155 1705 322 1750 quatuor.
359 1700 497 1750 phebus
525 1698 718 1737 DECDbr.
755 1700 918 1750 phoebus
942 1713 1082 1737 sacrum
1108 1701 1143 1741 h.
1185 1702 1383 1751 sollempne
1411 1701 1489 1740 (Dr.

143 1752 229 1787 246.
257 1751 366 1787 faciat
396 1751 427 1786 0
446 1762 590 1799 ma.pr.
617 1755 703 1786 ires.
804 1752 890 1785 247.
917 1751 1050 1799 nequid
1069 1754 1114 1788 E.
1152 1763 1220 1787 nee
1243 1753 1330 1800 quid
1349 1755 1400 1790 N.
1435 1753 1524 1803 quid

93 1813 176 1838 mea
201 1812 303 1837 sacra
333 1801 406 1837 FN
433 1799 516 1835 duo.
563 1799 648 1848 quid
682 1800 757 1836 sine
782 1811 883 1835 sacra
913 1812 950 1835 m
975 1812 1117 1849 ma.pr.
1163 1802 1222 1850 pia
1246 1804 1338 1838 festa
1363 1814 1399 1850 9.
1445 1816 1524 1841 mo-

96 1858 221 1888 rentur
239 1848 553 1898 EOEHff‘fmps
577 1848 736 1885 sedecm.
839 1850 924 1884 248.
950 1850 999 1885 Et
1025 1852 1115 1886 uiuis
1137 1857 1280 1887 tenuem
1299 1849 1357 1888 Π.
1395 1854 1444 1890 Et
1470 1855 1524 1890 ui—

93 1914 177 1939 uam
198 1903 270 1938 uiu.
296 1914 320 1949 p
337 1913 422 1937 erar.
437 1912 505 1936 scr.
544 1906 689 1935 tenuem
717 1912 737 1935 e
762 1899 851 1935 uiuis
875 1900 983 1936 GEO
998 1897 1120 1937 ²112&
1161 1901 1252 1938 font.
1280 1903 1382 1939 aufer
1398 1916 1421 1952 9
1439 1903 1522 1942 duo.

146 1953 232 1987 249.
261 1951 403 1987 Corbus
428 1950 464 1987 h.
503 1950 701 1986 inauratam
728 1952 797 1985 Ps.
900 1952 986 1986 250.
1015 1951 1139 1987 Tollet
1165 1964 1200 1988 m
1224 1965 1367 2002 mmm.
1408 1955 1525 1992 Tollit

93 2002 130 2038 in
156 2002 293 2039 aerium
318 2003 444 2038 Eum.
464 2012 520 2050 pr.
558 2011 702 2037 aereum
729 1999 799 2036 Db
826 1998 916 2036 aliz?
954 2000 1159 2037 aethereum
1188 2004 1211 2037 8
1230 2002 1307 2039 duo.
1343 2005 1435 2040 altus
1461 2017 1523 2041 ae-

92 2052 174 2088 ther
201 2049 249 2091 Σ.
350 2054 437 2088 251.
463 2049 580 2086 adhue
604 2050 692 2086 fieus
718 2050 815 2086 duris
841 2054 926 2086 uett.
953 2050 1006 2087 ed.
1109 2053 1196 2088 252.
1222 2053 1359 2090 Tentat
1388 2052 1524 2092 OEFb?

146 2103 232 2139 253.
265 2102 445 2138 Inmemor
468 2103 517 2137 D.
627 2102 714 2136 254.
749 2100 877 2137 fierent
903 2101 1010 2150 longa
1036 2101 1117 2138 duo.
1158 2103 1261 2139 tarda
1287 2104 1407 2140 mollia
1433 2108 1468 2141 P
1485 2109 1521 2142 3.

94 2151 200 2189 tarda
226 2153 323 2188 mitia
348 2154 410 2189 28.
511 2149 598 2188 255.
630 2151 718 2187 Inde
737 2157 837 2187 satur
866 2148 906 2187 ‹l›
922 2149 958 2198 (2
975 2152 1074 2189 credo
1101 2152 1239 2199 falsum
1264 2166 1339 2190 esse
1362 2155 1525 2202 Mawtth.)

91 2215 118 2252 p
141 2214 226 2239 tear.
244 2214 314 2239 scr.
357 2208 456 2238 satur
480 2202 625 2250 longum
652 2201 759 2250 nigris
791 2198 843 2236 Φ.
890 2202 981 2250 nigr.
1006 2204 1149 2251 longam
1177 2215 1208 2239 c.
1237 2217 1271 2240 u.
1298 2204 1447 2252 hydram
1473 2208 1526 2242 M

93 2265 168 2290 ma.
187 2265 256 2290 sec.
289 2250 474 2301 gloss‚A.
518 2252 614 2300 long.
643 2252 738 2301 capit
762 2248 867 2288 ΛΠ
877 2249 1001 2300 wgo-s
1022 2254 1067 2288 41
1097 2253 1259 2291 tredecim
1284 2259 1319 2290 et
1349 2260 1434 2292 uett.
1467 2256 1522 2293 ed.

94 2304 271 2352 unguibus
298 2315 449 2351 anguem
482 2299 560 2343 ²15„
580 2301 695 2337 idrum
722 2301 824 2338 Ebr.
935 2304 1022 2339 256.
1057 2304 1106 2340 Et
1132 2304 1225 2340 redit
1257 2305 1303 2341 ad
1339 2305 1523 2343 dominum

95 2352 169 2390 fiet.
196 2355 232 2392 7.
276 2353 445 2402 factaque
473 2355 509 2388 3.
549 2348 716 2400 ui'c'taque
740 2352 772 2398 f.
877 2354 964 2389 257.
998 2353 1082 2390 Non
1109 2354 1170 2390 tibi
1196 2366 1302 2391 causa
1332 2359 1374 2393 Τ.
1414 2357 1524 2393 uiuax

97 2403 173 2440 obs.
199 2403 282 2441 duo.
393 2404 480 2440 259.
516 2401 626 2439 Addis
657 2403 713 2438 cui
745 2404 877 2452 culpae*
903 2404 932 2440 G
953 2415 1036 2442 παν.
1053 2416 1122 2441 scr.
1165 2404 1304 2453 phebus
1328 2409 1422 2443 DE.

144 2455 233 2492 260.
265 2447 339 2501 ,,τὸ
360 2454 480 2489 uerbis
505 2464 530 2489 a
554 2464 602 2489 m.
624 2464 693 2489 sec.
719 2464 827 2490 erasa
851 2454 970 2502 prima
994 2454 1137 2491 lectione
1159 2458 1312 2493 Mazar.
1337 2458 1444 2494 Forte
1468 2457 1523 2493 le·-

96 2502 246 2549 flendum
270 2502 470 2539 Fatidicum
500 2502 594 2549 ueri,
627 2514 714 2538 nam
738 2516 803 2539 uer
832 2508 910 2539 erat
934 2506 1109 2551 intem-um
1134 2517 1159 2541 a
1182 2518 1294 2543 uranu
1317 2509 1454 2555 primm
1488 2511 1523 2543 et

100 2553 385 2602 sinnamburyss’
410 2555 536 2591 Heius.
551 2554 591 2589 ὶη
606 2551 756 2590 schedis.
782 2554 909 2589 Verbis
922 2554 1104 2593 fatidicum
1127 2558 1169 2592 Τ.
1272 2559 1358 2594 261.
1386 2558 1522 2594 lactans

101 2599 197 2691 ἱίΦ
219 2615 291 2640 ma.
314 2615 371 2653 pr.
398 2606 460 2642 43.
562 2605 646 2641 262.
674 2602 730 2641 De
756 2604 873 2653 gelido
897 2604 993 2643 mille
1018 2604 1118 2644 sonte
1143 2611 1170 2647 t.
1212 2607 1377 2647 bibantur
1405 2605 1522 2655 (1229

131 2663 152 2690 8
175 2657 339 2702 quantor.
