1685 2954
670 119 1007 151 L13.1³R1Mvs
1489 103 1544 146 25

165 224 273 265 Hinc
302 225 405 265 aliae
434 220 585 276 satyris
615 219 800 261 incendia
829 221 941 260 mitia
968 221 1182 273 praebent:
1226 214 1229 217 ⁵

218 289 434 342 Parstibi,
462 288 530 342 qui
555 287 652 342 pinu
679 295 860 347 tempora
890 301 998 328 nexa
1027 288 1150 342 geris.

164 361 225 399 Te
255 370 428 412 quoque,
456 356 711 396 inextinctae
740 356 879 396 Silene
907 357 1093 408 libidinis,
1122 362 1258 397 urunt:

218 424 414 479 Nequitia
441 429 529 476 est,
568 436 674 477 quae
702 428 745 463 te
773 436 855 463 non
882 424 978 463 sinit
1005 436 1102 463 esse
1131 437 1286 464 senem.

163 495 222 535 At
246 495 363 534 ruber
390 493 593 532 hortorum
622 491 726 531 deus
757 497 800 531 et
828 491 970 543 tutela,
999 491 1172 543 Priapus
1465 492 1543 530 415

218 559 414 600 Omnibus
445 573 499 599 ex
530 557 609 599 illis
637 558 785 598 Lotide
815 565 961 611 captus
991 564 1090 599 erat.

163 628 282 668 Hanc
312 628 437 681 cupit,
467 628 572 667 hanc
601 632 728 679 optat.
767 627 895 666 solam
922 626 1101 678 suspirat
1129 627 1167 666 in
1197 627 1316 678 illam,

219 695 430 749 Signaque
460 695 531 735 dat
557 700 670 746 nutu,
700 695 976 747 sollicitatque
1003 695 1124 734 notis.

163 763 319 803 Fastus
348 764 457 803 inest
485 763 675 816 pulchris,
705 764 969 815 sequiturque
999 761 1188 815 superbia
1213 761 1390 801 formam.

221 831 381 871 Irrisum
409 831 523 871 uoltu
552 827 731 882 despicit
758 830 824 869 illa
853 842 940 869 suo.
1466 831 1546 870 420

162 898 261 938 Nox
290 905 388 950 erat,
418 903 461 938 et
487 897 582 937 uino
609 909 792 937 somnum
818 897 997 936 faciente
1024 894 1215 935 iacebant

222 966 404 1019 Corpora
435 965 610 1005 diuersis
639 965 749 1004 uicta
777 974 924 1015 sopore
951 962 1066 1002 locis.

164 1033 282 1073 Lotis
311 1034 351 1073 in
380 1033 556 1073 herbosa
583 1031 659 1071 sub
688 1029 848 1072 acernis
876 1028 1016 1069 ultima
1043 1030 1178 1084 ramis,

220 1099 338 1141 Sicut
367 1106 454 1140 erat
479 1100 571 1138 lusa
598 1098 724 1151 fessa,
753 1096 908 1151 quieuit
934 1098 1068 1138 humo.

163 1167 307 1220 Surgit
336 1179 492 1218 amans,
520 1167 774 1218 animamque
803 1171 950 1204 tenens
978 1166 1158 1220 uestigia
1184 1167 1316 1208 furtim
1468 1169 1545 1209 425

219 1234 433 1286 Suspenso
464 1234 606 1287 digitis
634 1233 714 1273 fert
741 1233 944 1272 taciturna
973 1234 1112 1286 gradu.

163 1301 225 1342 Vt
252 1303 392 1356 tetigit
419 1302 566 1341 niueae
594 1305 758 1341 secreta
786 1299 934 1339 cubilia
959 1301 1177 1354 nymphae,

216 1370 312 1422 Ipsa
339 1370 404 1409 sui
432 1369 556 1409 flatus
583 1382 637 1409 ne
668 1373 790 1408 sonet
816 1380 925 1419 aura,
955 1375 1091 1408 canet.

161 1437 217 1478 Et
243 1437 323 1478 iam
349 1437 518 1478 finitima
545 1449 694 1490 corpus
723 1436 893 1477 librabat
920 1435 961 1477 in
989 1437 1133 1479 herba:

158 1577 245 1612 411.
271 1577 391 1614 satiris
416 1578 486 1614 inc.
514 1578 619 1615 inicia
646 1582 691 1617 E.
730 1580 800 1616 inc.
830 1584 954 1614 mutua
984 1580 1106 1627 mci-13
1133 1583 1213 1628 Mp
1239 1581 1288 1616 29
1313 1593 1396 1618 ufir.
1417 1593 1488 1619 scr.

159 1627 246 1661 412.
273 1622 361 1676 pitin
387 1629 541 1678 timpora
561 1624 653 1666 ΕΚ.
697 1636 808 1679 temp.
836 1641 927 1665 nexe
944 1642 1019 1675 ger.
1041 1643 1077 1678 9.
1181 1634 1266 1668 413.
1294 1633 1418 1669 sillene
1443 1632 1550 1681 plane

110 1680 151 1712 ut
176 1687 302 1724 supra.
345 1673 443 1714 libid.
470 1688 624 1726 urguent
653 1678 699 1716 Σ.
741 1687 868 1729 urgent
897 1681 1094 1725 BGm4)8
1108 1687 1192 1718 ires.
1296 1684 1381 1718 414.
1410 1683 1548 1732 Nequi-

111 1727 167 1762 cia
197 1724 290 1762 GP.
391 1730 476 1764 415.
514 1730 560 1764 At
586 1730 682 1765 rudis
712 1733 764 1766 K.
805 1737 965 1766 ortorum
994 1730 1118 1768 DFr.
1166 1732 1350 1768 hortorum
1377 1733 1486 1769 decus
1512 1734 1549 1769 A

116 1773 341 1821 (D(Heinsii·
366 1779 511 1823 aetate)
538 1781 623 1815 MS
647 1780 735 1824 ‹11103
768 1782 899 1827 ptiar.
920 1792 989 1816 scr.
1040 1781 1133 1817 hort.
1162 1782 1271 1818 decor
1308 1780 1347 1818 Φ
1372 1795 1444 1819 ma.
1465 1795 1549 1831 sec„

115 1827 224 1863 alius.
338 1830 425 1864 416.
455 1841 498 1863 ex
525 1829 598 1864 istis
623 1834 710 1865 vett.
739 1830 815 1865 edd.
855 1829 996 1865 lochide
1024 1828 1070 1866 Σ.
1111 1832 1230 1868 lodide
1254 1844 1274 1868 r
1299 1845 1373 1869 ma«.
1394 1845 1449 1882 pr.

164 1879 251 1913 417.
289 1879 365 1922 Ita,
391 1879 503 1914 solam
531 1880 625 1923 (om.
652 1877 714 1924 Γ)
748 1892 846 1928 susp.
873 1880 907 1914 in
935 1880 1054 1927 illam,
1087 1880 1380 1920 AGEFHJim
1409 1885 1549 1920 44041

115 1926 309 1964 duodecim.
359 1929 435 1963 sola
461 1941 560 1977 susp.
586 1930 621 1964 in
648 1929 707 1965 illa
742 1929 867 1978 reliqui
892 1934 925 1965 et
951 1931 1035 1967 editi
1062 1937 1145 1968 anie
1168 1933 1254 1969 Ala.
1365 1936 1451 1971 418.
1491 1935 1553 1970 dat

117 1978 218 2013 nictu
243 1981 292 2013 12
311 1980 478 2026 quinquen
504 1991 526 2026 9
552 1991 635 2015 mir.
653 1991 750 2019 scr.-
767 1993 836 2028 que
863 1992 971 2015 manu
997 1981 1066 2017 hm
1095 1982 1202 2019 alius.
1306 1986 1392 2020 419.
1422 1985 1552 2034 pulcris

115 2030 152 2064 D
170 2029 216 2064 G.
319 2030 406 2064 420.
443 2029 592 2065 inrisum
621 2027 667 2065 Σ.
711 2030 813 2065 uultu
841 2031 911 2074 (ita
939 2030 1035 2076 libri)
1063 2032 1193 2082 decipit
1218 2031 1298 2070 I'm
1322 2037 1371 2070 40
1394 2034 1485 2079 duo}
1515 2033 1557 2072 Ψ

112 2089 196 2114 aar.
215 2089 286 2115 scr.
323 2078 452 2128 desipit
479 2078 498 2114 b
517 2091 663 2128 mmm.
703 2080 803 2129 desp.
831 2080 909 2129 ipsa
920 2079 981 2118 Λ.
1016 2082 1078 2118 illa
1103 2082 1209 2119 deum
1229 2086 1272 2121 0.
1311 2097 1432 2120 senem
1445 2097 1552 2122 tinus.

114 2129 230 2163 uirum
257 2131 308 2164 M
324 2140 489 2165 uar.scr.
600 2132 687 2166 421.
723 2137 760 2166 et
785 2143 948 2167 somnum
975 2132 1059 2168 uino
1090 2131 1434 2183 fflNOH‘Pyms
1459 2147 1553 2184 (μια-

113 2177 322 2214 tuordecim.
355 2191 555 2230 ‘sompnum
569 2182 614 2216 E.
653 2193 818 2216 sumnum
834 2179 882 2217 Γ.
983 2182 1069 2219 422.
1098 2184 1229 2221 diuers.
1255 2186 1349 2221 iacta
1369 2188 1405 2222 8.
1435 2187 1553 2222 uincta

117 2225 161 2264 Ψ
184 2231 347 2277 quinque.
378 2230 517 2279 “sapore
539 2229 578 2266 G.
622 2230 768 2266 diuersis
794 2232 1023 2280 semisepulta
1050 2234 1134 2270 locis
1159 2233 1210 2271 (D.
1312 2237 1399 2271 423.
1425 2235 1551 2272 Lothis

112 2275 160 2315 Σ.
199 2280 336 2315 acerbis
361 2279 399 2316 C.
438 2280 576 2316 aceruis
593 2282 644 2319 K.
746 2282 832 2316 424.
862 2291 938 2317 erat
965 2283 1050 2319 ludo
1079 2286 1205 2321 GKm
1226 2289 1378 2334 septem;
1411 2283 1549 2323 Ψιιαν.

112 2340 182 2365 scr.
222 2329 306 2365 luxu
334 2341 370 2364 m
396 2341 479 2366 uar.
498 2338 568 2367 scr.
608 2331 688 2366 lusu
715 2331 806 2367 lassa
834 2330 853 2366 b
881 2336 924 2367 ll
952 2338 1037 2369 neit.
1064 2334 1117 2370 ed.
1160 2335 1255 2371 sessa
1280 2337 1421 2372 iacebat
1445 2335 1498 2373 A.

163 2380 250 2416 425.
278 2380 428 2428 uestigia
453 2381 568 2428 surgit
596 2381 713 2417 otest.
733 2383 846 2418 Gron.
949 2385 1023 2418 426
1063 2384 1268 2433 Suspensus
1287 2391 1320 2422 et
1338 2386 1470 2434 gradus
1487 2388 1549 2423 41.

115 2430 212 2465 tacit.
238 2429 334 2478 pede
360 2429 476 2466 buar.
493 2442 562 2466 scr.
666 2432 751 2467 427.
781 2432 831 2467 Et
856 2433 973 2480 tetigit
1002 2434 1147 2483 (retegit
1160 2436 1320 2482 Matth.)
1337 2435 1437 2473 ΒΦ.
1476 2440 1550 2474 Pro

115 2477 241 2515 niueae
266 2481 383 2516 nescio
399 2479 484 2528 (μιὶᾱ
509 2483 544 2516 Ε
557 2479 711 2517 salmis.
740 2486 772 2517 et
797 2481 817 2517 b
833 2494 907 2518 ma.
924 2495 979 2530 pr.
1020 2485 1093 2520 niu.
1121 2492 1260 2522 sacrata
1286 2486 1368 2523 duo.
1404 2493 1549 2536 captata

115 2523 165 2562 Π
178 2539 347 2569 uui-,scia
385 2542 477 2566 secr.
501 2531 680 2567 cunabula
700 2532 783 2568 BG.
823 2532 960 2568 silentia
988 2533 1069 2571 duo.
1108 2536 1270 2572 cubicula
1290 2536 1366 2573 bm.
1411 2537 1547 2586 nimpli.

117 2578 195 2613 DE
206 2579 253 2614 G.
350 2581 437 2617 428.
466 2583 544 2627 Ita,
568 2581 666 2629 Ipsa,
692 2579 986 2619 ADOE22FMb
1006 2587 1088 2619 843
1107 2591 1274 2633 qitatuor.
1315 2587 1378 2623 llle
1396 2579 1549 2637 Tfflpse

117 2625 256 2674 reliqui.
294 2628 391 2666 Aura
414 2643 444 2667 s.
460 2630 497 2666 fl.
516 2644 553 2667 n.
573 2644 603 2667 s.
631 2632 708 2680 ipse
727 2630 779 2670 A.
882 2635 969 2670 429.
995 2634 1143 2673 librarat
1163 2633 1211 2675 Σ.
1250 2638 1415 2675 uibrabat
1433 2637 1465 2684 f.
1503 2637 1549 2675 li-

119 2677 238 2715 brauit
264 2678 312 2717 N.
348 2679 429 2718 libr.
455 2682 501 2717 ab
529 2692 616 2718 aura
643 2680 694 2718 A.
