1685 2954
149 75 208 105 Lu
685 116 690 122 ,
732 70 852 99 FASTI
881 71 1010 100 AVCTI

154 172 403 222 consignauit,
440 169 593 220 posthac
627 167 712 206 data
739 181 851 220 opera
882 183 949 208 suo
980 171 1062 208 loeo
1089 170 1375 217 enarrabuntur3
1410 168 1596 208 docebitur

153 235 262 273 etiam
287 246 352 272 cur
376 232 530 269 omissae
555 231 627 267 sint
651 231 688 268 in
715 232 838 269 tabula
862 230 1019 282 lapidea.
1043 240 1045 243 ’

817 335 863 395 ς.
891 336 930 379 2.

255 424 385 461 Fastos
405 421 610 459 Maffeanos
631 421 717 459 nihil
743 421 845 459 uides
872 422 1071 469 continere,
1098 422 1163 458 nisi
1190 434 1283 471 quae
1306 421 1450 471 publica
1474 425 1600 457 aucto·

157 485 263 522 ritate
298 484 455 521 stabilita
491 490 599 532 sunt,
636 495 718 520 cum
745 484 883 520 Caesar
910 483 1090 531 Augustus
1125 483 1237 520 fastos
1272 483 1476 519 ordinaret:
1513 480 1601 517 nihil

156 545 256 596 quod
281 546 328 583 ad
354 557 413 583 res
438 556 560 582 sacras
586 557 658 582 non
686 550 848 594 spectet,
886 544 1054 593 quoniam
1083 555 1178 592 quae
1203 543 1250 580 de
1276 544 1440 580 Caesaris
1468 542 1600 578 utrius-

156 619 229 656 que
249 606 406 643 uictoriis
427 605 632 654 traduntur,
659 605 736 642 dies
755 605 867 641 festos
885 603 1105 641 reddebant:
1135 603 1233 651 nihil,
1254 606 1338 654 quin
1360 604 1437 641 usui
1456 603 1602 653 publico

158 668 194 704 in
221 680 262 705 re
286 668 470 717 praesenti
497 667 713 704 inseruierit.
767 666 903 702 Verum
932 665 1078 701 minime
1111 665 1252 712 omnia,
1287 677 1382 715 quac
1407 665 1481 701 eius
1508 670 1604 700 tem-

157 730 256 778 poris
283 729 451 777 religioso
478 727 598 776 alicui,
623 729 685 777 qui
709 727 768 764 uel
793 725 1043 772 faciendarum
1063 726 1527 774 praetorumtendat-umque
1544 735 1604 760 re-

159 801 242 826 rum
267 789 474 827 diuinarum
499 789 669 827 delectum
693 787 822 826 habere
847 787 982 835 uellet,
1008 786 1099 823 scitu
1125 799 1216 837 opus
1243 792 1385 833 essent,
1412 797 1456 821 ea
1482 785 1605 821 tabula

161 851 337 888 continet.

261 912 404 961 Religio
432 913 684 950 Romanorum
710 923 793 948 cum
820 910 971 948 deorum
997 922 1040 947 ac
1073 910 1257 947 numinum
1286 909 1460 945 uarietate
1486 908 1607 944 Grae-

162 974 279 1020 ciam,
310 974 583 1010 cerimoniarum
618 973 724 1022 eopia
759 971 947 1009 ecclesiam
975 973 1109 1009 Christi
1144 970 1357 1007 catholicam
1394 970 1608 1019 aequipara-

162 1035 269 1082 uerit,
297 1034 532 1084 interpretem
552 1034 660 1082 longe
680 1033 924 1070 doctissimum
948 1034 1168 1084 requirebat.
1211 1032 1318 1082 Apud
1340 1032 1502 1068 Graecos
1521 1030 1609 1067 deo-

161 1108 244 1132 rum
271 1095 388 1132 cultus
413 1095 672 1145 plerorumque
698 1106 720 1131 a
754 1094 920 1132 sabuloso
946 1095 1097 1132 heroum
1124 1101 1290 1143 tempore
1316 1094 1459 1129 incertis
1485 1098 1609 1129 aucto-

163 1158 261 1193 ribus
303 1158 559 1206 repetebatur:
601 1155 756 1192 Romani
792 1157 873 1206 quis
909 1156 1192 1206 unumquodque
1226 1168 1358 1192 numen
1394 1165 1613 1204 unoquoque

165 1224 330 1267 tempore
356 1216 680 1264 commendauerst,
707 1217 896 1266 diligenter
925 1219 1121 1254 curabant:
1150 1217 1248 1266 apud
1268 1215 1462 1252 catholicos
1489 1227 1612 1252 accre-

166 1279 217 1316 uit
252 1279 463 1328 religionum
492 1285 529 1315 et
556 1283 717 1314 castuum
747 1278 962 1326 multitudo,
997 1279 1098 1315 uelut
1124 1277 1220 1326 apud
1247 1278 1384 1326 priscos
1411 1277 1612 1324 Romanos,

165 1340 230 1378 sed
258 1353 329 1377 non
355 1339 517 1377 decreuit
542 1352 686 1386 rursus,
723 1346 762 1375 ut
788 1339 886 1389 apud
913 1341 1006 1376 illos.
1059 1339 1231 1388 Agnoscis
1260 1337 1394 1387 duplici
1421 1338 1528 1375 modo
1554 1337 1613 1374 hi-

165 1403 336 1440 storicam
362 1402 466 1452 quasi
490 1400 648 1437 indolem
676 1400 728 1436 rei
755 1399 902 1437 diuinae
928 1401 1201 1446 Romanorum,
1230 1399 1329 1436 unde
1355 1400 1504 1437 scientia
1529 1405 1615 1435 nata

167 1470 222 1501 est
249 1476 399 1511 eorum,
436 1474 531 1512 quae
558 1461 806 1506 obseruanda,
842 1474 984 1511 quaeue
1010 1463 1093 1499 olim
1120 1463 1313 1498 obseruata
1339 1468 1471 1498 essent.
1521 1461 1617 1497 Eam

167 1526 331 1563 notitiam
356 1537 379 1562 a
403 1524 506 1561 fastis
531 1523 639 1561 sacris
665 1523 822 1560 Romani
850 1524 1035 1572 petebant,
1063 1536 1154 1572 quos
1179 1524 1313 1573 priuati
1340 1524 1502 1559 homines
1530 1535 1616 1572 pro-

168 1587 354 1638 ponebant
388 1585 473 1622 inde
505 1585 552 1621 ab
589 1596 684 1621 anno
712 1585 761 1622 V.
790 1584 834 1620 C.
863 1584 950 1620 449.
1004 1585 1040 1619 T
1044 1597 1113 1620 une
1147 1585 1242 1621 euim
1276 1585 1433 1634 primum
1462 1584 1497 1620 id
1532 1584 1617 1620 iuris

168 1647 326 1698 populus
353 1647 420 1683 sibi
447 1644 668 1692 uindicauit,
706 1644 804 1694 quod
831 1651 1024 1694 postquam
1050 1646 1185 1682 sactum
1211 1652 1288 1693 est,
1325 1646 1474 1682 accessit
1509 1646 1618 1682 etiam

168 1708 257 1746 illud
283 1721 355 1746 non
382 1708 538 1745 alienum
570 1707 616 1742 ab
641 1706 803 1753 historia,
830 1713 870 1742 ut
903 1718 1024 1742 rerum
1051 1719 1233 1743 sacrarum
1262 1708 1434 1756 temporis
1465 1707 1619 1744 decursu

170 1771 438 1807 immutatarum
458 1767 651 1804 memoriae
684 1766 904 1803 adderentur
929 1773 1132 1816 temporum
1161 1769 1301 1817 reipub.
1329 1768 1517 1805 Romanae
1542 1781 1619 1805 mo-

171 1832 355 1878 nimenta,
389 1830 460 1866 hoc
485 1835 540 1865 est
565 1828 705 1864 dierum
734 1827 878 1876 publica
904 1827 1022 1877 aliqua
1051 1835 1114 1865 aut
1141 1828 1301 1878 fortuna,
1330 1835 1392 1866 aut
1417 1829 1620 1866 calamitate

172 1893 362 1942 insignium
386 1897 510 1928 notae.
563 1890 659 1925 Hinc
685 1901 824 1926 summa
851 1889 1030 1938 quaedam
1057 1889 1258 1938 doctrinae,
1284 1902 1379 1941 quae
1404 1890 1505 1926 fastis
1531 1901 1618 1925 cou-

172 1954 376 2001 tinebatur‚
411 1950 542 1988 effecta
578 1956 655 1997 est,
690 1950 859 1986 historiae
891 1950 1049 1999 perutile
1081 1952 1262 2000 quoddam
1298 1951 1506 1988 subsidium.
1562 1951 1621 1987 Ea

173 2014 321 2051 scientia
352 2013 383 2049 si
416 2024 438 2049 a
473 2011 707 2061 grammatico
743 2012 883 2060 aliquo,
919 2012 1045 2059 quales
1081 2013 1176 2049 bono
1210 2014 1429 2063 reipublicae
1455 2019 1626 2062 tempore

173 2074 283 2111 fuisse
307 2073 453 2121 scimus,
480 2074 600 2110 iudicii
620 2074 656 2109 in
677 2072 802 2108 litteris
829 2072 981 2121 subacti,
1006 2074 1042 2109 in
1068 2075 1139 2109 uita
1158 2076 1282 2124 erecti,
1310 2076 1489 2124 explicata
1515 2080 1620 2111 exta-

174 2142 253 2181 ret,
281 2135 426 2182 nescio,
463 2147 510 2171 an
539 2134 575 2171 id
603 2133 865 2170 monimentum
891 2145 1023 2182 magna
1048 2135 1082 2170 iu
1110 2136 1286 2173 breuitate
1310 2136 1467 2173 indolem
1495 2136 1623 2186 populi

173 2197 330 2233 Romani
364 2197 509 2245 egregie
535 2200 841 2245 repraesentaret.
895 2194 971 2231 Sed
1005 2194 1151 2232 fortuna
1179 2198 1315 2245 uoluit,
1352 2204 1392 2233 ut
1425 2209 1498 2246 quo
1524 2204 1623 2233 tem-

174 2270 264 2308 pore
288 2257 324 2293 id
350 2257 428 2294 fieri
454 2256 639 2306 oportuit,
674 2261 840 2304 tempore
866 2261 903 2292 et
929 2255 1106 2293 fastorum
1135 2258 1266 2294 tabulis
1292 2258 1448 2295 Romani
1477 2263 1623 2294 uteren-

174 2327 234 2356 tur
258 2330 388 2367 parum
416 2317 630 2355 emendatis.
686 2316 774 2352 Inde
810 2328 832 2353 a
859 2317 1055 2354 Caesarum
1089 2325 1210 2355 aetate
1236 2331 1330 2368 quae
1364 2331 1422 2356 res
1448 2320 1483 2355 in
1508 2318 1623 2355 fastos

174 2380 296 2417 illatae
321 2385 417 2423 sunt,
446 2379 636 2415 maximam
666 2383 809 2428 partem
835 2384 967 2427 poetae
993 2391 1063 2414 non
1091 2380 1366 2416 constantissimi
1392 2392 1510 2429 neque
1536 2391 1619 2428 gra-

174 2439 310 2476 uissimi
344 2440 539 2489 praeconio
565 2439 697 2488 dignae
730 2445 826 2475 sunt.
878 2440 1013 2477 Verum
1047 2444 1173 2490 paucis
1207 2446 1259 2478 cst
1286 2440 1625 2491 philosophandum,

173 2512 261 2538 nam
285 2502 431 2537 omnino
458 2512 529 2537 non
555 2501 685 2549 placet.

274 2559 429 2598 Ouidius
457 2561 564 2609 igitur
590 2562 704 2599 fastos
731 2561 958 2609 Maffean0s‚
984 2562 1053 2600 hoc
1079 2570 1147 2610 est,
1174 2575 1298 2600 eorum
1326 2561 1473 2609 similes,
1499 2563 1624 2609 immo,

175 2627 216 2659 ut
240 2621 505 2669 demonstraui,
544 2623 727 2660 breuitate
762 2630 799 2660 et
832 2624 996 2660 instituto
1026 2636 1136 2675 quam
1161 2624 1358 2662 simillimos
1383 2629 1527 2660 secutus
1553 2628 1622 2669 est,
