1685 2954
165 84 311 118 ccxnn
798 82 855 113 m:
883 83 980 115 Dms

165 198 246 224 rum
278 185 420 223 illorum
448 180 625 219 institutio
658 176 876 221 auctoritaie
910 183 1108 222 carminum
1134 184 1392 233 Sibyllinorum
1417 196 1490 223 non
1521 185 1610 224 satis

166 253 327 286 constatt
355 253 475 283 tamen
500 244 535 280 in
562 243 629 280 illis
654 249 693 280 et
717 243 754 280 in
780 245 924 282 Cereris
949 257 1053 283 sacro
1078 253 1231 297 propter
1254 257 1421 295 graecam
1446 246 1608 285 fabulam

166 309 262 348 idem
289 317 421 344 numen
448 305 598 342 diuersis
632 305 834 344 nominibus
869 313 1118 345 consecratum
1152 319 1232 345 esse
1265 313 1339 344 tam
1375 313 1432 346 est
1464 308 1608 358 mirum,

165 383 274 423 quam
302 367 519 405 uerosimile.

266 430 458 467 Iunonis
483 429 697 478 cognomina
722 427 855 466 indicat
882 429 1055 468 Ouidius:
1089 434 1127 478 1,
1153 429 1202 467 55
1234 430 1460 479 Οαῖεηᾶανῑε,
1487 437 1530 469 ut
1554 431 1610 469 ui·

165 494 285 531 detur„
338 492 392 528 lta
418 491 512 527 enim
539 492 724 541 appellata
750 498 805 528 est
831 504 853 527 a
878 491 1120 529 Laurentibus
1147 499 1304 530 testante
1330 492 1516 529 Macrobio
1541 499 1610 530 sat.

166 560 204 602 1,
220 557 265 604 93
283 554 344 602 15,
372 552 469 589 culta
490 553 647 601 Romae,
676 559 764 589 nota
790 551 890 601 apud
906 552 1079 589 Etruscos
1105 555 1316 592 coniiciente
1333 554 1510 591 Muellero
1528 554 1609 593 Etr.

164 621 205 665 2,
230 630 268 667 p.
282 616 370 663 324,
397 614 458 664 qui
483 614 582 663 quod
607 616 653 651 ab
681 613 816 651 Ouidio
843 624 949 649 sacra
974 614 1121 650 Iunonis
1147 615 1209 651 ΚΡ
1230 616 1308 653 Iun.
1334 615 1428 653 tradi
1455 617 1611 666 scripsit,

164 691 239 716 non
273 678 323 714 ita
355 683 424 714 est.
483 676 576 713 Cum
611 675 711 725 apud
743 674 968 711 Macrobium
994 673 1033 710 11.
1061 674 1136 712 ind.
1156 683 1315 726 *propter
1347 678 1439 714 istoc
1466 678 1612 715 Iunonis

165 751 298 777 nomen
329 744 367 776 et
400 749 531 775 munus
557 738 664 775 lanus
690 736 862 773 Iunonius
887 734 1086 772 secundum
1113 736 1314 774 Varronem
1348 737 1465 775 dictus
1500 739 1611 775 tradi·

164 808 239 850 tur,
265 798 519 849 intelligendus
548 804 604 836 est
626 798 743 835 cultus
764 797 952 846 utriusque
977 798 1132 833 numinis
1158 799 1285 848 aliquis
1311 800 1522 846 communis,
1549 812 1613 836 cu·-

164 863 220 900 ius
245 861 376 899 indicia
401 866 526 898 extant
552 860 650 910 apud
673 859 845 897 Ouidium
867 857 1061 906 1,265sq.
1113 857 1250 895 Similia
1275 866 1361 896 sunt
1387 860 1485 910 apud
1511 860 1612 910 Virg.

164 925 257 962 Aen.
272 925 313 971 7,
330 924 555 959 620—623.
600 922 679 960 Csr.
697 921 847 963 Seruius
873 918 919 955 ad
948 931 984 958 u.
1004 920 1097 956 610:
1123 919 1225 957 Idem
1250 920 1392 966 (lanus)
1416 923 1614 968 Iunoniam

165 985 249 1024 inde
272 984 420 1035 pulchre
438 986 532 1021 Ιιιηο
556 988 687 1034 portas
714 983 853 1031 aperire
878 980 1009 1018 dicitur
1035 987 1072 1017 et
1090 980 1136 1017 ad
1158 985 1196 1030 2,
1217 984 1314 1019 610:
1340 987 1382 1018 ut
1400 987 1528 1032 portas
1543 986 1614 1021 Iu-

164 1059 311 1092 nonem,
346 1057 503 1095 quarum
537 1045 605 1082 dea
636 1048 708 1082 est:
741 1055 828 1080 nam
852 1047 998 1093 portam
1030 1043 1178 1080 luminis
1208 1043 1435 1082 nascentibus
1457 1045 1613 1094 praebet.

162 1108 256 1145 Iuno
282 1107 432 1144 Sororia
459 1106 555 1143 culta
581 1112 638 1143 est
663 1118 744 1142 cum
771 1105 860 1141 Iano
888 1105 1064 1151 Curiatio,
1090 1105 1240 1154 Dionys.
1260 1107 1343 1143 Hal.
1363 1109 1402 1153 3,
1417 1110 1480 1143 22.
1519 1107 1612 1144 Pro-

167 1170 303 1207 ximum
329 1174 387 1205 est
411 1169 584 1217 Sospitae
616 1179 816 1217 cognomen
841 1170 881 1214 2,
900 1166 972 1214 56,
1005 1177 1027 1202 a
1052 1166 1251 1203 Lanuuinis
1283 1173 1497 1216 acceptum,
1528 1167 1614 1205 uide

163 1227 392 1267 Ambroschii
416 1229 696 1280 disputationem
723 1241 760 1278 p.
776 1230 861 1276 184,
877 1228 962 1265 185.
1006 1228 1131 1265 Ferias
1158 1228 1222 1265 has
1241 1228 1303 1265 ΚΡ
1324 1229 1354 1264 F
1357 1229 1500 1266 ebruar.
1524 1241 1612 1279 neg-

163 1291 251 1329 lexit
273 1290 473 1328 Muellerus
500 1291 527 1327 1.
549 1289 624 1327 ind.
673 1290 834 1326 Dubium
859 1302 932 1326 non
962 1295 1031 1337 est,
1059 1290 1143 1339 quin
1171 1289 1416 1326 dedicationes
1442 1290 1614 1339 prudenti

165 1353 306 1390 dierum
340 1351 484 1389 delectu
519 1351 597 1388 fieri
632 1352 898 1388 consueuerint.
958 1351 1054 1387 Nam
1081 1352 1246 1387 Lucinae
1276 1363 1422 1400 quoque
1455 1363 1613 1401 sacrum,

163 1425 261 1464 quae
295 1413 394 1463 apud
421 1412 595 1450 Ouidium
623 1418 678 1449 est
703 1416 743 1460 2,
770 1412 1007 1459 433—4503
1041 1415 1078 1459 3,
1105 1413 1318 1448 247—258
1350 1413 1386 1449 in
1413 1413 1475 1450 ΚΓ
1501 1414 1612 1452 Mart.

163 1475 301 1513 incidit.
353 1475 519 1512 Nominis
553 1473 809 1523 originationes
836 1473 1035 1511 Ouidianas
1060 1473 1221 1509 inuenies
1253 1472 1351 1522 apud
1379 1473 1485 1511 Varr.
1513 1474 1560 1511 de
1585 1475 1610 1513 l.

164 1537 190 1574 1.
217 1537 257 1585 5,
284 1537 349 1584 49,
376 1537 438 1581 69,
464 1535 574 1573 Seru.
601 1536 626 1573 l.
653 1547 765 1585 supra
791 1535 883 1584 ind.,
909 1536 1067 1582 tertiam,
1097 1545 1191 1583 quae
1218 1540 1272 1569 est
1298 1536 1334 1579 6,
1361 1536 1424 1582 39,
1451 1535 1612 1573 fortassis

163 1599 265 1649 apud
290 1598 404 1635 Laur.
433 1597 528 1646 Lyd.
547 1599 586 1646 4,
606 1599 672 1646 29,
700 1610 738 1648 p.
755 1599 846 1634 186:
882 1591 1005 1634 Κατὰ
1031 1593 1075 1632 δὲ
1100 1591 1174 1644 τὴν
1201 1590 1364 1643 πρώτην
1390 1594 1463 1632 τοῦ
1488 1594 1615 1645 Μαρ-

163 1657 252 1698 τίου
272 1655 402 1709 μηνὸς
415 1655 552 1708 ’Ἠραν
579 1656 724 1707 ἐτίμων
751 1654 870 1696 οἱονεὶ
895 1653 967 1707 τὴν
986 1651 1165 1706 Σελήνην
1193 1651 1262 1692 διὰ
1288 1652 1361 1704 τὴν
1387 1655 1613 1705 νεομηνιάν.

163 1722 264 1759 Fieri
291 1723 388 1760 enim
413 1727 535 1771 potest
552 1727 594 1758 ut
614 1720 769 1758 Ouidius
797 1721 999 1757 meminerit
1020 1720 1164 1756 lunonis
1189 1718 1355 1755 Couellae
1380 1717 1478 1768 apud
1505 1719 1612 1756 Varr-

163 1783 212 1820 de
236 1784 262 1821 l.
285 1784 311 1820 l.
334 1786 370 1828 6,
392 1785 455 1831 27,
484 1794 703 1832 quamquam
728 1782 926 1831 simplicior
952 1782 1022 1817 loci
1049 1780 1250 1816 intellectus
1278 1780 1314 1815 in
1344 1785 1515 1829 promptu
1542 1787 1608 1817 est.

164 1846 329 1882 Nomina
353 1856 397 1881 eo
424 1845 460 1881 in
489 1845 570 1881 loco
596 1844 692 1881 idem
717 1843 931 1893 significant,
960 1841 1058 1892 quod
1080 1841 1208 1878 titulus
1222 1842 1261 1888 4,
1282 1842 1373 1877 115:
1400 1841 1527 1879 titulus
1551 1854 1613 1879 se-

163 1907 302 1944 cwndus
327 1906 396 1943 hoc
421 1907 456 1942 in
482 1906 564 1943 loco
592 1906 642 1942 ita
668 1905 822 1953 dicitnr,
850 1912 890 1942 ut
915 1917 1039 1943 rumor
1063 1902 1241 1940 secundus
1265 1902 1364 1952 apud
1390 1902 1492 1953 Virg.
1520 1905 1610 1942 Aen.

163 1969 205 2016 8,
223 1969 288 2016 92,
313 1979 425 2005 sacra
448 1967 607 2005 secunda
634 1967 733 2017 apud
761 1967 869 2005 Seru.
896 1968 987 2004 Aen.
1017 1971 1076 2011 11,
1097 1967 1183 2009 739,
1210 1964 1367 2001 secunda
1391 1964 1487 2014 loqui
1513 1965 1611 2015 apud

162 2029 323 2067 Ennium
350 2029 448 2069 Gell.
477 2033 537 2074 12,
557 2031 597 2076 4,
633 2031 756 2066 οηιηὶα
786 2028 944 2067 secunda
969 2033 1003 2065 el
1027 2026 1225 2065 obedientia
1260 2027 1382 2075 nescio
1417 2027 1478 2063 ubi
1511 2026 1610 2078 apud

163 2091 391 2129 Sallustium.
444 2092 484 2128 In
518 2091 694 2141 lupercali
725 2102 830 2127 sacro
863 2091 909 2127 ab
937 2088 1070 2127 Ouidio
1095 2092 1134 2133 2,
1163 2089 1238 2124 447
1274 2088 1476 2138 putauerim
1502 2089 1609 2125 luno-

164 2165 249 2191 nem
268 2153 467 2200 Februlim‚
493 2153 600 2190 Paul.
619 2152 724 2188 Diae.
743 2164 780 2201 p.
796 2151 861 2200 85,
878 2152 938 2196 14,
965 2164 1032 2201 pro
1051 2150 1190 2186 Lucina
1210 2150 1462 2186 nominandam
1480 2149 1607 2186 fuisse:

164 2227 202 2251 u.
218 2216 293 2251 439
319 2226 421 2252 sacer
444 2215 565 2252 hircus
590 2213 762 2250 admonet
788 2213 934 2249 lunonis
960 2213 1184 2263 Caprotinae
1210 2210 1309 2261 apud
1335 2212 1439 2249 Varr.
1465 2211 1511 2247 de
1535 2210 1559 2247 1.
1578 2210 1603 2247 1.

165 2277 204 2323 6,
224 2278 271 2312 18
300 2281 337 2312 et
363 2277 507 2313 amiculi
531 2275 678 2312 Iunonis
703 2273 802 2323 apud
831 2274 947 2311 Cicer.
975 2275 1022 2311 de
1047 2281 1122 2311 nat.
1146 2273 1248 2310 deor.
1275 2276 1312 2320 1,
1331 2274 1395 2321 29,
1409 2275 1470 2310 82.
1514 2271 1605 2309 luno

165 2338 321 2385 Regina,
348 2336 422 2374 Ou.
440 2339 479 2385 6,
497 2339 561 2382 37,
585 2336 692 2374 Varr.
719 2337 765 2373 sr.
786 2338 846 2384 18,
877 2335 923 2372 de
946 2336 969 2372 1.
992 2336 1016 2372 1.
1035 2336 1070 2380 5,
1089 2338 1152 2383 67,
1183 2335 1280 2371 Veiis
1305 2340 1455 2370 euocata
1477 2332 1605 2370 aedem

165 2396 293 2434 habuit
321 2399 358 2434 in
385 2405 508 2436 monte
533 2398 727 2446 Auentino,
753 2397 837 2434 Liu.
862 2396 898 2439 5,
919 2400 988 2444 233
1015 2400 1079 2445 22,
1099 2400 1136 2433 2.
1189 2396 1290 2432 Haec
1316 2395 1525 2443 cognomina
1545 2394 1604 2429 lu·
1648 2387 1653 2394 ”

165 2459 251 2495 noni
278 2458 401 2495 addita
425 2459 594 2506 uidentur
618 2465 701 2508 post
721 2460 963 2509 principatum
989 2458 1087 2494 illum
1108 2457 1366 2507 Capitolinum,
1394 2454 1467 2493 Ou.
1488 2458 1525 2503 6,
1541 2457 1604 2492 73.

165 2519 276 2563 Quod
296 2526 409 2556 restat
427 2523 613 2568 Monetae,
640 2521 680 2568 6,
700 2524 786 2569 183,
812 2532 857 2557 ex
883 2519 1159 2570 indigitamentis
1178 2518 1370 2566 repetitum
1398 2517 1605 2567 putauerim

164 2587 203 2617 et
227 2592 416 2630 superesse
440 2594 484 2618 ex
511 2594 555 2619 eo
583 2589 762 2632 tempore,
789 2595 861 2632 quo
888 2582 1034 2619 lunonis
1061 2592 1191 2617 nomen
1217 2579 1386 2628 generale
1413 2586 1450 2615 et
1475 2578 1605 2628 appel·
1644 2616 1646 2618 ,

165 2641 331 2691 latinum,
356 2641 454 2693 quod
481 2642 623 2693 dicitur,
649 2643 738 2681 fuit:
774 2645 874 2680 cuius
902 2644 953 2681 rei
978 2642 1145 2679 indicium
1175 2647 1232 2678 est
1260 2640 1357 2690 quod
1384 2640 1430 2678 de
1455 2638 1604 2677 lunoni-
