1685 2954
202 80 259 126 82
758 93 1078 123 rAsronvM

316 196 373 237 Et
399 197 568 235 cantant
595 191 752 247 laudes,
781 194 972 235 Termine
1001 200 1162 248 sancte,
1191 200 1296 236 tuas.

264 264 327 304 Tu
355 261 528 314 populos
555 260 758 315 urbesque
787 266 830 301 et
855 274 985 316 regna
1012 262 1197 316 ingentia
1224 261 1329 314 finis,

317 328 461 369 Omnis
490 327 567 368 erit
593 327 685 368 sine
717 334 760 369 te
789 329 995 383 litigiosus
1023 342 1135 384 ager.

263 397 388 438 Nulla
415 394 487 436 tibi
511 395 672 436 ambitio
702 401 778 437 est.
814 397 922 436 nullo
952 398 1220 450 corrumperis
1246 409 1362 438 auro:

318 463 524 518 Legitima
550 475 694 504 seruas
720 463 882 504 credita
909 477 1000 505 rura
1028 465 1121 505 fide.
1570 471 1650 505 660

264 531 312 572 Si
340 537 387 572 tu
414 529 632 585 signasses
661 531 754 571 olim
785 532 1036 585 Thyreatida
1066 538 1225 584 terram,

319 598 503 650 Corpora
529 611 610 638 non
638 599 721 638 leto
751 598 878 638 missa
907 603 1093 639 trecenta
1121 600 1267 652 forent,

263 667 358 708 Nec
383 666 489 706 foret
516 665 752 719 Othryades
776 665 990 718 congestis
1017 665 1153 706 lectus
1181 666 1222 706 in
1252 665 1393 706 armis:

318 732 355 773 0
382 737 576 786 quantum
603 731 760 784 patriae
788 731 1003 784 sanguinis
1031 731 1098 772 ille
1129 732 1261 773 dedit!

263 799 371 852 Quid
398 812 507 840 noua
536 811 628 840 cum
657 798 803 839 fierent
832 796 1068 851 Capitolia?
1096 812 1245 852 nempe
1275 799 1441 840 deorum
1574 803 1652 840 665

319 868 483 909 Cuncta
510 867 598 906 Ioui
626 865 769 907 cessit*
787 866 903 907 turba
932 867 1149 920 locumque
1179 865 1305 906 dedit.

261 936 490 987 Terminus,
517 939 565 974 ut
591 939 758 974 ueteres
786 939 1023 987 memorant,
1053 934 1247 974 inuentus
1277 933 1319 973 in
1347 933 1453 975 aede

317 1001 502 1054 Restitit,
533 1007 580 1041 et
607 1013 757 1056 magno
785 1013 880 1042 cum
909 1002 1007 1041 Ioue
1036 1001 1188 1054 templa
1216 1007 1343 1042 tenet.

263 1070 388 1111 Nunc
417 1081 580 1123 quoque
608 1081 657 1110 se
684 1081 810 1122 supra
837 1082 890 1109 ne
919 1067 1014 1121 quid
1039 1066 1118 1108 nisi
1145 1068 1280 1110 sidera
1311 1073 1465 1122 cernat,

258 1191 346 1228 656.
374 1197 497 1228 cantat
526 1190 591 1237 ΒΓ
605 1190 769 1239 quinque.
810 1197 915 1228 ter-m.
939 1191 1035 1227 facte
1060 1203 1083 1240 p
1102 1202 1184 1227 ναν.
1203 1203 1274 1230 scr.
1379 1191 1465 1228 657.
1493 1191 1601 1228 urbes
1619 1196 1656 1228 et

207 1245 252 1280 P.
292 1249 329 1278 et
354 1243 473 1278 menia
489 1241 653 1291 ingencia
669 1252 702 1278 r.
742 1242 815 1291 ing.
836 1243 955 1290 signas
974 1242 1138 1286 (Heins.;
1164 1242 1281 1290 signat
1298 1243 1431 1287 Gron.)
1448 1255 1472 1290 p
1489 1253 1572 1278 ναν.
1585 1252 1656 1278 scr.

259 1293 347 1329 658.
375 1299 412 1329 te
438 1292 640 1329 luxuriosus
666 1302 724 1339 ag.
750 1290 783 1329 b.
886 1293 973 1328 659.
1001 1291 1112 1327 Nulla
1140 1292 1197 1327 uel
1225 1293 1320 1329 amb.
1349 1292 1382 1328 b.
1427 1292 1578 1328 ambicio
1604 1288 1653 1329 Γ.

258 1344 346 1380 660.
379 1354 476 1380 seru.
503 1341 648 1379 condita
673 1352 779 1378 unus.
831 1342 929 1378 cred.
957 1343 1036 1378 iura
1066 1341 1280 1391 Dfma.pr.
1309 1342 1392 1379 duo.
1495 1343 1580 1379 661.
1614 1348 1655 1378 tu

208 1404 391 1431 seruasses
417 1393 503 1429 olim
526 1394 634 1429 31³3
654 1396 822 1440 quatuor.
862 1395 927 1429 Ila
945 1391 1140 1436 emendate,
1167 1392 1235 1439 th„
1260 1392 1361 1429 solus
1381 1404 1501 1429 mma.
1515 1404 1571 1442 pr.
1598 1398 1655 1440 ty-

209 1443 339 1481 riatida
363 1442 489 1490 Ilfeld.
528 1440 668 1491 tyriada
685 1444 735 1478 D.
777 1442 913 1491 tyatida
939 1445 998 1479 M.
1036 1442 1239 1490 thyaterida
1268 1445 1371 1492 BFp
1383 1442 1426 1490 (t.
1442 1443 1575 1490 Gron.)
1592 1445 1654 1480 43.

207 1493 387 1543 tyaterida
410 1505 519 1530 unus.
563 1491 780 1529 thiatherida
805 1490 902 1529 AN
911 1491 952 1529 A
967 1492 1036 1529 T8
1049 1496 1093 1529 12
1121 1497 1205 1529 tres.
1247 1492 1438 1529 thiaterida
1468 1495 1510 1529 E.
1560 1492 1654 1529 thia-

207 1543 332 1581 eerida
356 1555 389 1581 r.
430 1542 616 1580 triaterida
643 1540 822 1580 ΟΦΓΛ
834 1540 897 1580 Ob
910 1556 984 1580 ma.
1006 1555 1074 1580 sec.
1091 1554 1115 1591 9
1129 1555 1202 1580 ma.
1216 1554 1272 1592 pr.
1294 1555 1331 1579 m
1346 1556 1498 1582 masec.
1516 1556 1539 1591 p
1554 1543 1652 1588 (test.

206 1595 469 1641 neimosma.
484 1605 540 1643 pr.
567 1592 750 1630 duodecim
773 1598 808 1630 et
831 1598 917 1630 vett.
943 1593 996 1630 ed.
1018 1595 1091 1630 nisi
1118 1593 1211 1642 quod
1237 1593 1420 1630 trieterida
1442 1592 1539 1630 Rub.
1580 1600 1654 1630 tra-

207 1644 324 1682 terida
353 1646 400 1682 G.
451 1643 637 1680 tiraterida
661 1642 682 1679 b
698 1655 772 1680 ma.
790 1655 846 1693 pr.
896 1644 1082 1680 tiatherica
1109 1646 1145 1679 3.
1197 1644 1379 1679 triaterica
1405 1640 1455 1679 Π
1467 1640 1505 1679 Σ
1519 1641 1543 1689 f
1563 1641 1654 1689 duo;

207 1698 259 1733 Μ
271 1706 354 1732 war.
368 1706 438 1732 ser.
480 1693 654 1731 tatherica
669 1696 714 1730 Ρ.
755 1694 893 1730 tereida
911 1693 948 1731 h.
987 1693 1138 1730 thireida
1160 1697 1219 1729 11.
1260 1692 1421 1741 tyreeida
1439 1696 1500 1731 15.
1543 1694 1654 1730 tiran-

207 1745 269 1783 nia
288 1757 395 1782 unus.
427 1743 602 1782 Glosst:
628 1745 776 1788 terram]
798 1744 891 1780 inter
909 1745 1054 1793 argiuos
1071 1750 1107 1779 et
1124 1743 1399 1781 lacedaemonas
1425 1756 1520 1794 quae
1544 1745 1654 1781 etiam

208 1807 388 1844 cynosura
413 1795 596 1842 [cynuria]
624 1793 765 1832 dicitur.
867 1796 954 1831 662.
989 1806 1060 1830 non
1092 1794 1188 1830 laeto
1217 1797 1265 1830 D.
1308 1807 1380 1831 non
1406 1794 1503 1832 loeto
1528 1793 1669 1842 meld„

207 1846 361 1883 tricenta
387 1848 434 1883 Ρ.
543 1846 630 1881 663.
666 1843 750 1880 Non
782 1840 948 1881 Oflhm
974 1848 1132 1893 quatuor
1161 1848 1195 1881 et
1225 1844 1278 1882 ed.
1308 1843 1404 1882 Rub.
1448 1845 1530 1882 Rex
1557 1845 1655 1882 foret

212 1897 431 1934 Ouanscr.
479 1894 663 1932 othriades
695 1895 734 1931 G.
775 1894 934 1931 otriades
959 1897 1009 1932 1).
1050 1894 1214 1931 athiadas
1239 1898 1275 1932 E
1290 1907 1435 1945 mmm.
1471 1895 1653 1933 ethriades

206 1945 269 1985 A.
308 1946 476 1983 ecbiades
496 1943 543 1983 Γ.
588 1944 752 1982 othiades
777 1947 894 1982 Επιιι.
910 1958 979 1983 sec.
997 1944 1105 1983 var.
1144 1945 1294 1994 otyades
1325 1943 1377 1984 (D.
1417 1946 1589 1996 othrydes
1640 1972 1651 1984 .

206 1996 374 2034 odriades
401 1996 433 2043 f.
481 1995 638 2032 otriades
663 1994 718 2033 ed.
744 1994 861 2040 Rub.;
899 1993 941 2032 Φ
957 2008 1042 2033 aar.
1058 2008 1129 2033 scr.
1181 1996 1359 2045 otryades‘
1382 2002 1469 2034 αισα.
1495 1996 1550 2034 ed.
1591 1958 1649 2034 οὗ.

206 2047 302 2085 othr.
330 2047 499 2084 coniectis
519 2042 635 2083 FO}
643 2044 710 2081 Tb
717 2057 803 2096 ypr
821 2045 1016 2084 duodecim.
1056 2047 1222 2083 coniestis
1242 2044 1283 2083 Γ
1287 2050 1322 2084 8.
1362 2048 1541 2085 contextis
1566 2046 1649 2084 duo.

205 2098 320 2135 lectus
345 2098 439 2135 coni.
464 2096 594 2134 Barth.
637 2103 753 2133 tectus
779 2095 872 2135 libri.
913 2097 1033 2134 Gloss.
1048 2100 1098 2134 E:
1133 2096 1308 2134 Othiades
1343 2099 1401 2135 uel
1427 2098 1649 2148 amphiamus

205 2147 281 2185 dux
306 2147 452 2198 quidam
478 2147 539 2197 qui
564 2147 807 2198 pugnantibus
833 2147 987 2184 inuicem
1014 2147 1305 2186 lacedemonibus
1329 2155 1367 2186 et
1384 2147 1649 2186 atheniensibus

204 2211 274 2249 pro
300 2211 367 2236 suo
388 2199 550 2235 exercitu
577 2204 617 2234 ut
644 2198 828 2234 uictoriam
856 2197 1032 2235 haberent
1056 2210 1096 2235 se
1123 2198 1272 2236 deuouit
1298 2205 1336 2236 et
1359 2199 1466 2236 armis
1493 2198 1649 2235 hostium

203 2247 403 2286 suffocatus
427 2254 494 2285 est.
595 2249 685 2285 664.
711 2249 817 2297 patrii
836 2250 942 2285 P14.
982 2250 1042 2285 illa
1066 2261 1187 2286 mma.
1199 2261 1255 2299 pr.
1356 2249 1444 2286 665.
1469 2249 1540 2285 Hic
1563 2259 1650 2285 uen-

203 2311 269 2337 sus
293 2304 328 2337 et
350 2300 542 2350 proximus
566 2300 692 2335 omissi,
717 2301 756 2335 in
780 2301 885 2345 serie,
910 2301 1062 2349 ascripti
1085 2301 1125 2336 in
1149 2312 1294 2337 ειιηιηια
1316 2301 1452 2350 payina
1475 2300 1515 2335 in
1542 2295 1596 2338 Φ.

254 2351 342 2386 666.
376 2350 482 2386 turba
508 2348 678 2398 deditque
710 2347 830 2385 locum
863 2351 908 2386 G.
1021 2351 1108 2387 667.
1148 2356 1187 2387 ut
1213 2356 1413 2388 memorant
1441 2356 1583 2386 ueteres
1610 2351 1648 2386 D

205 2397 621 2446 EGFMPWTfms
645 2403 680 2436 et
701 2398 816 2436 decem
837 2399 926 2446 fere.
969 2406 1008 2437 ut
1034 2407 1235 2437 memorant
1260 2400 1420 2437 homines
1447 2399 1520 2436 inu.
1543 2396 1646 2437 1141

204 2455 372 2498 quatuor.
412 2457 613 2487 memorant
637 2450 776 2486 iunonis
803 2450 838 2486 in
865 2462 888 2498 9
906 2455 992 2488 tres.
1029 2463 1136 2488 mem.
1157 2451 1268 2496 (uet.)
1290 2456 1490 2487 conuentus
1522 2450 1645 2487 0611

203 2504 238 2536 et
261 2499 349 2546 fort.
377 2513 413 2537 m
437 2500 501 2537 sub
526 2513 602 2538 ras.
630 2498 786 2547 (aliud)
817 2500 938 2538 Gloss.
955 2502 1022 2538 44:
1052 2502 1218 2538 inuentus
1244 2502 1266 2536 i.
1295 2512 1328 2537 e.
1356 2501 1612 2549 interrogatus.

254 2551 342 2587 668.
368 2551 452 2587 ioue
479 2562 591 2600 regna
616 2558 741 2587 tenent
758 2553 793 2587 6.
894 2553 981 2589 669.
1008 2564 1048 2588 se
1065 2562 1173 2600 supra
1195 2552 1331 2599 partim
1345 2562 1424 2587 cum
1438 2549 1646 2588 membrana

202 2611 359 2648 cresum,
384 2603 518 2650 partim
544 2604 580 2638 ἱη
605 2601 721 2638 litura
745 2613 770 2638 α
792 2605 873 2639 tert.
897 2614 972 2639 ma.
997 2600 1121 2648 Ilseld.
1158 2613 1305 2650 quoque
1329 2601 1359 2637 si
1382 2600 1517 2638 frustra
1542 2612 1589 2640 ne
1617 2600 1648 2639 G

203 2651 267 2690 34.
303 2662 404 2701 supr.
435 2652 559 2700 nequit
584 2652 650 2688 nisi
676 2648 726 2690 Γ.
764 2663 812 2690 ne
836 2652 934 2702 quod
961 2664 1033 2689 non
1057 2651 1124 2688 sid.
1151 2649 1184 2689 b.
1223 2657 1348 2690 cernat
1372 2656 1557 2702 postrema
1583 2650 1645 2690 m·
