1685 2954
688 98 928 129 FABVLARES
1425 101 1532 132 xcm

91 200 219 239 Germ.
246 211 284 250 p.
304 201 355 237 77
372 198 435 246 B„
459 197 495 235 in
523 197 706 247 Hyginum
734 211 772 247 p.
800 209 834 234 a.
864 201 904 245 2,
924 200 985 244 26,
1012 212 1050 250 p.
1068 201 1144 237 478
1171 198 1271 237 illata
1298 199 1468 238 uidentur
1491 213 1537 240 ex

91 261 240 300 Ouidio.
293 262 428 298 Auctor
462 258 610 296 fabulae
644 259 691 296 de
718 259 879 295 Geminis
905 259 942 307 5,
969 262 1192 298 697-720
1226 273 1271 299 ea
1304 269 1430 312 parte,
1465 276 1540 314 qua

91 324 274 361 notissima
300 334 372 359 non
398 326 467 368 est,
497 321 639 357 uidetur
660 320 746 357 mihi
768 320 953 357 Patrocles
973 322 1149 371 Thurius,
1177 324 1251 361 uid.
1266 324 1400 360 Arnob.
1424 324 1539 373 4,25‚

93 386 261 422 Clemens
284 384 386 420 Alex.
414 383 551 419 cohort.
579 382 625 419 ad
653 390 751 432 gent.
779 395 816 432 p.
833 385 894 426 26,
918 385 961 417 ll
984 382 1094 428 Pott„
1125 398 1196 434 quo
1224 398 1308 422 usus
1326 385 1540 423 Eratosthe-

93 459 156 484 nes
178 446 320 482 uidetur
344 445 378 480 in
400 444 662 494 geographicis,
692 443 763 480 uid.
781 444 903 481 Strab.
918 448 956 492 2,
970 457 1007 494 p.
1024 446 1096 481 107
1110 457 1163 495 sq.
1186 447 1354 484 Tauchu.
1394 447 1538 485 Comm.

94 510 221 546 Germ.
250 517 358 542 manu
384 518 455 541 scr.
482 506 572 542 haec
599 505 729 552 habet,
757 518 850 556 qnae
877 517 995 554 neque
1021 506 1104 542 alibi
1130 507 1386 557 deprehend0‚
1422 521 1541 560 neque

92 568 284 607 emendare
304 579 472 617 possume
499 568 595 603 Sunt
621 568 681 616 qui
699 567 821 604 dicunt
840 567 1030 604 Herculem
1056 568 1205 605 tesbium
1232 568 1270 617 [l.
1292 573 1326 605 et
1350 569 1537 619 Theseum]

91 633 153 681 qui
177 632 214 668 ἴε
237 631 436 678 genitorum
469 630 642 666 memoria
666 629 838 679 populum
862 628 1044 678 possidere
1073 629 1111 666 id
1148 629 1240 679 quod
1276 629 1347 667 duo
1382 635 1542 670 niaxime

91 692 260 729 dicuntur
285 691 462 727 artissimi
488 689 683 727 sodalitate
707 693 858 740 parique
885 689 1068 727 industria
1095 696 1201 739 atque
1233 695 1375 740 eyreyia
1408 695 1543 731 uirtute

90 754 268 791 decoratis
293 754 381 801 apia
407 763 498 800 quae
524 755 675 788 caeteris
702 752 953 790 inmortalibus
978 751 1206 788 restantibus.
1256 754 1426 803 Namque
1443 757 1542 791 Her-

91 815 188 853 cules
213 813 394 851 duodecim
432 812 518 849 allis
551 813 785 863 pei-tectisque
820 813 864 851 ab
901 816 1052 851 euristeo
1086 818 1171 850 sunt
1201 815 1369 863 inperata
1396 820 1543 864 propter

92 879 245 915 Iunonis
265 878 434 924 Iouisque
459 877 689 912 certationem
713 875 862 913 mortali
885 877 1056 912 memoria
1082 877 1314 912 contentiones
1342 879 1543 914 animanti-

94 939 161 976 bus
185 943 219 975 et
243 936 428 988 putandae
455 949 567 973 causa
593 942 732 987 partem
759 938 907 974 caeteris
932 936 1133 975 hominibus
1154 937 1394 975 azaoezltandae
1415 940 1543 986 gratia

91 1003 248 1050 eyreyios
272 997 589 1046 memorandosque
621 997 761 1035 labores
794 1010 983 1048 pezpessus
1015 1000 1152 1035 eximia
1180 997 1365 1035 nobilitate
1399 1004 1543 1048 praeter

92 1067 251 1100 caeteros
285 1065 338 1097 est
370 1060 618 1109 pervulgatus.
655 1072 844 1109 eorwnqne
880 1060 973 1097 alter
1006 1064 1059 1097 est
1096 1058 1232 1109 [iouis]
1269 1060 1363 1098 alter
1394 1063 1543 1111 neptuni

91 1123 202 1171 filius.
241 1134 392 1171 quorum
418 1134 488 1159 non
516 1120 614 1158 abest
638 1123 900 1171 propinquitas.
918 1142 969 1149 ——
995 1122 1147 1170 Canem,
1174 1134 1283 1172 quem
1300 1125 1338 1169 4,
1355 1124 1428 1158 939
1452 1125 1544 1160 Ica-

90 1187 187 1223 rium
211 1184 372 1230 dixerat,
410 1186 641 1232 Erigone'inm
668 1191 774 1220 uocat
801 1190 911 1233 poeta
937 1183 975 1231 5,
1004 1186 1078 1220 723
1114 1191 1151 1220 et
1177 1184 1247 1220 alio
1274 1184 1354 1220 loco
1380 1183 1543 1222 fabulam

91 1247 169 1284 eius
195 1258 234 1282 se
259 1246 466 1295 exposuisse
493 1245 668 1282 affirmat:
699 1245 797 1295 quod
819 1258 899 1281 cum
920 1257 1096 1294 nusquam
1122 1244 1264 1292 fecerit,
1290 1244 1544 1294 imperfectum

91 1308 162 1344 hac
187 1319 333 1357 quoque
359 1314 463 1357 parte
489 1319 633 1344 carmen
654 1320 732 1345 esse
756 1308 998 1357 cognoscitur.
1045 1306 1103 1344 De
1129 1318 1173 1343 ea
1200 1318 1239 1343 re
1265 1306 1543 1344 eruditissimum

90 1369 161 1406 suit
188 1381 331 1405 carmen
359 1368 631 1417 Eratosthenis,
669 1371 769 1406 cuius
803 1370 1009 1418 fragmenta
1041 1368 1218 1406 illustrata
1253 1368 1335 1405 uide
1361 1370 1396 1405 in
1422 1368 1545 1406 Bern-

91 1431 221 1479 hardyi
244 1430 477 1467 Eratosthen.
505 1443 542 1480 p.
569 1432 802 1468 150-158,
846 1431 996 1468 Ascribo
1025 1430 1205 1481 quaedam
1233 1442 1278 1467 ex
1305 1431 1359 1477 iis,
1386 1444 1480 1481 quae
1505 1432 1542 1468 in

92 1505 222 1530 comm.
245 1492 371 1529 Germ.
392 1492 506 1529 Paris,
535 1493 708 1531 differunt
734 1494 779 1530 ab
807 1493 905 1530 edito
932 1501 969 1530 et
989 1494 1156 1542 Hyginoz
1180 1513 1229 1519 —
1256 1496 1357 1530 canis
1382 1493 1454 1530 leni
1477 1505 1544 1530 ue-

91 1557 198 1604 stiyio
231 1567 311 1591 eam
338 1567 528 1592 accensam
565 1555 614 1593 ad
647 1557 767 1605 patris
800 1567 931 1605 corpus
963 1555 1144 1605 perduxit.
1186 1567 1279 1604 quae
1304 1557 1381 1592 eius
1413 1567 1544 1604 corpus

92 1617 226 1666 sepelit.
269 1619 429 1666 Ipsaque
453 1629 492 1653 se
519 1619 554 1654 in
580 1617 720 1663 hymeto
741 1622 861 1654 monte
887 1617 1037 1655 contulit
1063 1617 1177 1666 ibique
1202 1616 1271 1653 sibi
1295 1616 1424 1665 laqueo
1442 1627 1545 1653 mor-

93 1683 164 1715 tem
197 1677 364 1715 adsctuit.
422 1681 514 1716 Tum
540 1679 672 1716 dicitur
694 1678 804 1716 Liber
829 1679 875 1716 ab
900 1683 988 1717 Ioue
1011 1682 1142 1730 petisse
1166 1683 1312 1729 propter
1337 1677 1432 1728 quod
1457 1681 1545 1715 Ica-

93 1741 173 1776 rius
190 1743 295 1787 pater
314 1742 482 1788 Eriyonis
506 1739 637 1787 fuisset
662 1740 830 1786 syderum
855 1744 969 1789 signis
994 1741 1257 1778 nobilitaretur.
1295 1740 1358 1777 Ad
1383 1753 1427 1777 ea
1453 1751 1547 1788 quae

93 1802 253 1848 uiryines
269 1800 503 1837 Athenienses
529 1804 725 1850 quotannis
751 1802 842 1839 diem
867 1803 1001 1849 festum
1025 1805 1260 1839 'instituerunt
1277 1803 1380 1838 Aras
1405 1801 1444 1846 [l.
1462 1797 1544 1837 A?-

95 1856 220 1911 ὥρας]
250 1874 338 1911 quos
365 1875 432 1899 nos
458 1865 594 1899 Latine
622 1862 772 1910 [oscilla]
805 1863 957 1900 dicimus
981 1863 1060 1901 ideo
1086 1865 1172 1912 quia
1197 1863 1264 1900 illa
1289 1863 1460 1912 pendente
1485 1864 1547 1912 qut

93 1925 230 1961 iactura
256 1924 295 1968 [1.
323 1928 425 1960 -tem
452 1937 477 1961 a
504 1929 608 1961 uento
633 1925 783 1969 iactari]
813 1930 1088 1972 conspexerunt,
1117 1924 1209 1974 quod
1235 1928 1288 1960 est
1315 1924 1413 1974 apud
1435 1936 1548 1973 grae-

95 1997 157 2022 cos
179 1980 379 2034 φέρεσθαι
418 1986 456 2035 [Ι.
482 1983 755 2035 αἰωρεῖσθαι].
781 2004 831 2011 ·-
873 1985 930 2021 De
957 1985 1192 2035 Serpentario
1220 1984 1374 2022 Ouidius
1410 1987 1484 2035 agit
1509 1988 1546 2031 6,

93 2046 296 2082 735-62,
343 2047 493 2084 Stamen
520 2048 667 2083 fabulae
695 2059 716 2083 a
742 2046 901 2083 Pindaro
929 2054 965 2082 et
990 2047 1201 2096 Pherecyde
1227 2048 1443 2094 institutum,
1471 2048 1545 2085 uid.

94 2107 252 2156 interpp.
278 2107 386 2155 Pyth.
409 2111 447 2155 3,
467 2108 515 2144 55
544 2115 580 2144 et
606 2108 772 2144 Mueller.
801 2106 893 2158 prol.
919 2108 1071 2157 mythol.
1096 2121 1134 2158 p.
1151 2110 1215 2156 94,
1243 2110 1466 2158 pertexuisse
1493 2109 1548 2145 ui-

94 2167 203 2205 detur
226 2168 485 2206 Eratosthenes
510 2170 545 2206 in
572 2170 770 2217 Mercurio,
800 2171 897 2220 Hyg.
923 2183 961 2220 p.
991 2182 1025 2207 a.
1053 2173 1092 2216 2,
1122 2171 1183 2217 14,
1213 2182 1249 2219 p.
1263 2171 1358 2205 453:
1387 2170 1455 2208 cfr.
1479 2174 1548 2207 Ar-

95 2231 181 2268 nob.
212 2234 245 2274 l,
266 2234 337 2278 413
364 2232 400 2275 4,
423 2232 492 2279 243
520 2231 628 2268 Seru.
649 2232 693 2268 ad
713 2234 804 2269 Aen.
822 2234 862 2280 7,
881 2234 967 2269 761.
1022 2232 1130 2276 Quae
1157 2231 1254 2282 apud
1276 2232 1460 2280 Hyginum
1485 2243 1548 2269 ea-

94 2291 178 2328 dem
204 2291 336 2341 pagina
361 2299 562 2341 sequuntur
586 2292 633 2330 de
659 2293 820 2341 Glauco,
848 2294 1038 2332 manifesto
1065 2305 1110 2329 ex
1136 2292 1258 2330 Ouidii
1285 2294 1446 2330 uersibus
1471 2294 1548 2330 750

94 2353 204 2388 ——53
232 2352 325 2388 male
350 2353 540 2389 intellectis
567 2355 804 2405 irrepserunt,
832 2368 921 2403 non,
950 2355 1049 2406 quod
1077 2356 1245 2392 Heinsius
1272 2354 1466 2392 credidisse
1492 2356 1548 2392 ui-

96 2411 224 2461 detur,
261 2411 383 2450 Ouidii
419 2414 596 2451 distichon
632 2429 676 2453 ex
703 2418 860 2467 Hygino.
914 2416 1021 2467 Apud
1055 2412 1151 2452 hunc
1180 2417 1274 2453 enim
1310 2418 1396 2454 satis
1422 2418 1547 2468 inepta

97 2474 165 2510 ista
188 2480 244 2511 est
268 2476 561 2524 narratiuncula,
597 2478 694 2528 apud
731 2485 877 2528 poetam
912 2491 999 2515 uero
1035 2479 1156 2515 omnia
1190 2479 1410 2529 perspicua,
1447 2480 1476 2516 si
1510 2479 1547 2516 in

101 2536 259 2574 uersibus
286 2536 463 2574 lenissime
488 2539 538 2574 ita
564 2539 786 2576 emendatis:

273 2600 387 2642 Tunc,
413 2610 501 2640 cunt,
520 2598 733 2637 obseruatus
759 2602 885 2649 anguis
915 2600 1096 2639 descendit
1124 2600 1174 2639 ad
1199 2601 1361 2650 umbras,

296 2665 299 2667 ’
352 2662 449 2698 Vsus
473 2665 507 2699 et
529 2661 669 2699 auxilio
695 2666 749 2699 est
773 2674 890 2712 augur
917 2662 962 2700 ab
988 2675 1104 2712 anyue
1131 2662 1219 2701 dato
