1685 2954
140 107 222 150 236
681 108 1016 155 ‘FASTonM

197 222 320 264 Ritus
348 221 424 263 crit
451 223 604 265 ueteris
629 229 824 267 nocturna
851 223 1041 267 Lemuria
1068 227 1196 268 sacri:

250 290 418 329 Inferias
443 290 580 332 tacitis
603 293 787 334 manibus
813 294 879 334 illa
909 293 1072 335 dabunt.

195 357 340 396 Annus
367 363 456 397 erat
483 357 653 412 breuior,
681 373 761 402 nec
789 360 923 403 adhuc
951 363 1019 415 pia
1046 362 1186 403 februa
1213 368 1368 414 norant,

250 424 345 464 Nec
374 429 418 464 tu
447 424 530 465 dux
559 438 755 481 mensum,
783 430 880 469 Iane
909 429 1098 482 biformis⁷
1129 441 1240 470 eras:

193 491 278 530 lam
308 497 444 531 tamen
473 493 654 534 extincto
683 493 808 535 cineri
835 509 911 537 sua
939 497 1045 538 dona
1072 497 1267 549 ferebant,
1491 499 1570 538 425

248 558 556 613 Compositique
583 573 712 614 nepos
740 563 860 603 busta
887 565 1026 616 piabat
1053 565 1130 605 aui.

191 625 350 665 Mensis
380 633 466 666 erat
491 627 639 680 Maius,
668 629 861 669 maiorum
889 629 1051 670 nomine
1080 618 1226 682 dictus,

246 691 325 743 Qui
354 699 508 744 partem
539 694 660 747 prisci
690 707 797 735 nunc
826 707 986 749 quoque
1015 698 1137 737 moris
1164 698 1300 737 habet.

191 759 289 800 Nox
315 760 384 798 ubi
412 760 491 801 iam
521 761 654 801 media
683 767 750 801 est
778 774 1001 816 somnoque
1029 763 1191 804 silentia
1218 764 1400 817 praebet,

244 827 301 866 Et
328 827 442 867 canis
470 834 512 868 et
541 830 678 868 uariae
709 829 966 872 conticuistis
996 844 1110 883 aues,
1491 832 1571 869 430
1644 844 1649 847 ·

187 894 258 933 [lle
288 906 440 934 memor
468 896 621 936 ueteris
648 895 750 936 ritus
779 895 1025 951 timidusque
1055 898 1220 939 deorum

242 961 396 1015 Surgit.
431 962 583 1004 habent
610 964 763 1017 gemini
791 965 954 1005 uincula
979 965 1087 1005 nulla
1114 953 1257 1018 pedes.

189 1027 403 1082 Signaque
432 1028 504 1069 dat
530 1029 671 1083 digitis
700 1031 833 1072 medio
863 1045 954 1073 curn
983 1034 1130 1086 pollice
1158 1032 1321 1085 iunctis,

241 1095 440 1136 Occurrat
469 1097 595 1137 tacito
624 1111 677 1138 ne
705 1100 811 1139 leuis
840 1101 977 1141 umbra
1007 1101 1096 1141 sibi.

187 1164 373 1217 Cumque
402 1176 546 1204 manus
572 1177 695 1217 puras
723 1166 890 1208 fontana
917 1168 1063 1221 perluit
1090 1167 1210 1220 unda,
1490 1170 1568 1208 435

238 1232 432 1283 Vertitur,
461 1237 504 1270 et
531 1231 672 1286 nigras
701 1233 853 1287 accipit
883 1248 953 1275 ore
981 1236 1112 1288 fabas,

183 1299 449 1352 Auersusque
472 1299 580 1339 iacit.
623 1300 699 1341 sed
726 1301 821 1341 dum
849 1303 959 1355 iacit,
986 1303 1092 1342 haec
1121 1313 1202 1355 ego
1230 1301 1359 1354 mitto,

233 1367 323 1419 His,
353 1364 495 1419 inquit,
526 1366 678 1406 redimo
708 1381 854 1422 meque
883 1380 1079 1421 meosque
1109 1369 1225 1410 fabis.

184 1433 278 1475 Hoc
302 1435 445 1474 nouies
471 1431 580 1486 dicit,
607 1447 686 1476 nec
715 1437 895 1488 respicit.
933 1437 1074 1476 umbra
1101 1442 1264 1489 putatur

179 1544 267 1580 421.
296 1551 368 1581 net.
396 1545 577 1582 celebrate
603 1546 685 1583 lem.
713 1544 755 1583 A
780 1547 888 1584 alius.
938 1549 1069 1585 ueteris
1093 1550 1261 1593 (ueteres
1294 1544 1357 1593 Φ)
1384 1546 1568 1584 celebrare

128 1594 213 1630 lem.
245 1593 430 1631 (Dbs622
457 1607 538 1639 ππ
564 1608 767 1646 pnar.scr.
868 1600 955 1636 422.
991 1598 1125 1634 dabant
1155 1601 1189 1635 Τ
1212 1602 1379 1645 quatuor.
1479 1598 1566 1634 423.

128 1645 233 1681 bren.
255 1645 407 1681 necdum
438 1647 495 1695 pia
519 1647 558 1682 G.
599 1648 697 1684 breu.
727 1648 887 1685 nondum
913 1650 972 1698 pia
992 1646 1093 1684 1141
1115 1653 1200 1684 tres.
1238 1647 1323 1683 adh.
1351 1659 1448 1684 noua
1473 1646 1567 1683 febr.

124 1706 149 1742 9
176 1694 258 1732 duo.
314 1696 428 1732 sebria
453 1694 502 1733 Γ.
558 1705 668 1734 norat
700 1696 872 1743 ²PZ(m·.2
898 1712 982 1736 ann.
1001 1699 1124 1747 impr.)
1150 1697 1230 1735 duo.
1357 1698 1445 1733 424.
1481 1697 1567 1734 Non

127 1752 167 1780 tu
198 1746 243 1781 O.
284 1746 364 1782 Nec
389 1747 459 1782 iam
486 1746 557 1782 dux
581 1745 691 1785 1141.
733 1750 904 1785 mensium
932 1747 1276 1797 HT3Al11.pr2m.
1379 1748 1468 1784 425.
1495 1748 1566 1784 cin.

125 1796 188 1844 pia
214 1796 310 1832 dona
335 1795 366 1842 f.
411 1797 552 1834 ferebat
578 1795 748 1835 21220.
878 1801 940 1835 26.
968 1799 1250 1848 Compositaque
1280 1800 1326 1836 G.
1368 1798 1475 1834 busta
1500 1809 1570 1847 pa-

126 1845 232 1882 rabat
255 1849 298 1884 T.
338 1847 459 1884 Gloss.
478 1849 534 1884 D:
561 1849 708 1898 Coinp.]
735 1850 878 1899 sepulti.
908 1858 946 1886 ut
964 1851 1126 1898 garrulus
1145 1850 1179 1884 in
1207 1850 1275 1888 δῖ.
1304 1848 1442 1885 Omnes
1468 1861 1567 1884 com-

124 1897 243 1945 posui.
346 1899 432 1934 427.
461 1904 539 1935 erat
564 1898 679 1935 dictus
705 1902 877 1936 maiorum
906 1901 1049 1936 nomine
1070 1900 1182 1942 maius
1199 1902 1244 1936 Ε.
1347 1901 1434 1935 428.
1463 1898 1570 1948 prisci

21 1970 31 1981 f
55 1947 66 1963 ‘⁴
125 1947 272 1984 nomine
290 1949 398 1984 moris
420 1948 502 1986 duo.
607 1951 693 1986 429.
723 1957 775 1986 est
794 1963 862 1987 om.
878 1949 897 1986 b
916 1963 990 1989 ma.
1008 1963 1064 2000 pr.
1104 1961 1329 2001 sompnoque
1349 1952 1393 1986 Ε.
1434 1949 1568 1985 somni-

126 2008 200 2045 que
224 1997 244 2034 b
261 2011 336 2035 ma.
351 2011 407 2048 pr.
456 2012 694 2049 somnumque
720 1997 802 2048 119
829 2006 920 2039 octo.
967 2013 1112 2037 somnos
1141 2013 1185 2036 ue
1210 2002 1278 2037 Ns
1298 2001 1509 2049 paucissimi
1533 2002 1567 2035 et

126 2051 213 2084 mett.
231 2048 285 2085 ed.
327 2061 398 2099 que
422 2062 490 2086 om.
517 2049 548 2096 f.
592 2050 738 2087 silencia
765 2049 811 2087 Γ.
851 2052 1028 2100 praebent
1052 2013 1206 2099 qulys
1229 2053 1336 2100 pauci
1353 2055 1387 2086 et
1405 2054 1491 2086 aen.
1509 2047 1566 2086 ed.

177 2101 262 2135 430.
301 2106 337 2135 et
365 2112 480 2136 uanae
506 2097 558 2136 A.
600 2101 827 2137 concinuistis
852 2115 887 2137 m
899 2115 971 2138 ma.
982 2114 1038 2151 pr.
1083 2101 1313 2137 constituistis
1339 2112 1443 2137 rma.
1457 2111 1514 2149 pr.

176 2151 262 2189 431,
299 2162 405 2186 mem.
434 2151 521 2187 ritus
547 2152 678 2187 ueteris
710 2149 752 2188 Ψ
775 2157 847 2188 ires
872 2154 996 2189 Heius.
1023 2152 1185 2198 (totidem
1215 2151 1326 2198 Cios.)
1351 2155 1437 2188 vett.
1461 2149 1545 2206 ed...

176 2202 263 2236 432.
291 2200 401 2236 habet
425 2200 594 2250 fma.pr.
696 2204 783 2238 433.
811 2202 882 2252 dig.
902 2203 1038 2239 medico
1058 2201 1266 2238 Ananscr.
1308 2201 1395 2250 poll.
1414 2205 1564 2247 sumpta

124 2253 375 2299 mma.pz·.20
392 2250 473 2288 duo.
514 2252 600 2300 poll.
620 2253 739 2288 iuncto
766 2257 802 2290 2.
849 2254 936 2302 poli.
965 2254 1064 2289 uictis
1090 2255 1149 2289 14.
1251 2253 1338 2303 435..
1365 2251 1443 2286 Ter
1466 2259 1561 2285 man·

126 2303 244 2336 Ema.
259 2313 313 2349 pr.
357 2302 506 2350 Terque
531 2314 627 2338 man.
655 2305 690 2339 E
707 2316 728 2339 ιι
751 2308 942 2340 correctore
967 2301 1012 2349 f?
1028 2305 1204 2339 122023.
1244 2314 1339 2338 man.
1359 2303 1483 2346 (manu
1503 2295 1561 2343 Φ)

123 2362 216 2398 pure
247 2354 279 2387 B
294 2352 406 2388 GEF
417 2349 550 2388 ΦΓΛ
560 2350 613 2389 M
626 2350 754 2389 OPH
771 2351 858 2389 ΨΑ
873 2353 938 2390 Tb
949 2354 997 2402 ἡ]
1010 2356 1061 2390 r4
1073 2355 1096 2389 8
1107 2355 1130 2390 9
1157 2352 1414 2407 ἀιιοτῖουίρὶηιξς
1425 2361 1462 2406 θρ
1477 2359 1560 2384 aar.

124 2398 194 2436 scr'.
233 2401 381 2437 fontana
411 2415 454 2438 ue
480 2401 532 2438 A.
569 2403 661 2439 sont.
689 2404 822 2452 proluit
850 2407 917 2440 Ρ3
938 2409 1105 2452 quatuor.
1208 2405 1296 2439 436.
1325 2406 1450 2448 accipit
1476 2404 1562 2434 ante

128 2452 161 2486 Β
177 2450 249 2486 GD
262 2454 295 2487 Ε
306 2414 486 2490 FG}M
495 2451 582 2489 NP
593 2451 748 2500 ΨΤῙύι
761 2467 783 2501 p
794 2467 811 2490 r
822 2456 877 2490 49
889 2458 934 2490 13
947 2458 995 2490 20
1004 2458 1050 2489 33
1063 2456 1111 2490 34
1120 2454 1167 2490 35
1178 2455 1227 2490 36
1252 2448 1490 2506 vtiyinlirdum
1520 2445 1562 2483 (D

124 2502 174 2535 44
186 2512 266 2537 var.
283 2513 352 2538 scr.
454 2505 542 2540 437.
573 2504 824 2552 Aduersusque
851 2506 920 2541 GE
934 2504 999 2541 sub
1013 2517 1089 2541 frus.
1104 2498 1373 2541 ΓΛΝΡΠΔ
1389 2498 1559 2535 sbsma.

124 2562 180 2599 pr.
199 2554 236 2587 3.
282 2552 363 2588 iacit
392 2560 427 2589 et
454 2554 539 2589 dnm
564 2552 625 2591 A.
665 2555 746 2591 iacit
772 2556 827 2591 hic
853 2554 938 2591 dum
967 2555 998 2591 b.
1044 2554 1107 2591 sed
1134 2566 1212 2589 cum
1238 2554 1329 2587 iacet
1355 2560 1560 2607 punt-‚son

175 2604 259 2638 438.
287 2602 409 2651 inquid
438 2607 622 2654 Emaqir.
663 2605 736 2654 inq.
762 2606 874 2642 relino
901 2605 970 2642 dno
989 2610 1023 2641 ct
1040 2604 1118 2640 edd.
1135 2615 1225 2655 saec.
1243 2613 1318 2637 xv.
1359 2612 1430 2660 que
1457 2611 1560 2658 mere·-

122 2664 193 2701 que
220 2651 239 2689 b
259 2664 331 2689 ma.
352 2649 414 2702 pf:
428 2665 474 2691 m.
583 2657 669 2692 439.
705 2656 804 2692 Haec
831 2653 1032 2692 FAMN
1045 2650 1178 2690 OPJI
1190 2648 1365 2688 ‘11:131
1382 2662 1457 2699 cys
1483 2649 1559 2687 alu.

125 2703 199 2740 Hos
231 2704 439 2740 Ouanscr.
480 2716 562 2742 nou.
593 2706 678 2742 dixit
708 2705 797 2743 (ΞΛ
824 2711 988 2752 (mutuor.
1030 2710 1173 2753 petatur
1199 2702 1377 2751 buta-vi·-
