1685 2954
652 141 852 170 SELECTIS
1292 140 1490 173 ccxxxix

42 245 202 297 Aprilem
236 243 425 283 translatio
458 240 544 279 satis
577 241 737 291 placeat.
787 240 846 277 De
878 245 986 290 togae
1020 239 1135 291 purae
1166 240 1398 294 sollemnibus
1424 241 1487 293 qni

42 308 266 358 scripserunt
293 306 496 343 indicantur
521 314 543 340 a
569 303 703 340 Beiero
729 301 776 339 ad
806 302 883 339 Cic.
903 302 1005 339 Lael.
1027 315 1060 339 c.
1078 306 1137 348 10,
1165 306 1277 351 §.33,
1303 316 1340 354 p.
1357 304 1406 340 56
1424 305 1486 343 ed.

42 370 194 408 Teuhn.
247 366 483 415 Hanc-igitur
507 365 659 402 alteram
688 365 819 401 ueteris
848 376 1021 400 romanae
1048 365 1228 414 religionis
1249 372 1388 415 partem
1410 367 1487 403 exi-

41 433 164 469 stimo.
214 431 368 468 Dubium
396 440 468 464 non
496 432 566 473 est,
593 428 678 476 quin
707 437 752 462 ex
780 432 935 475 utraque
962 438 1115 474 graecae
1141 426 1344 477 theologiae
1371 428 1488 465 bene-

41 493 123 531 ficio
149 493 331 531 luculenta
357 489 492 526 Bacchi
518 501 623 525 sacra
651 495 738 525 nata
762 487 929 534 fuissent,
958 479 1022 524 nisi
1049 500 1093 524 ex
1119 488 1159 525 S.
1183 490 1227 525 C.
1255 502 1350 526 anno
1375 491 1422 528 V.
1441 491 1486 528 C.

40 557 127 601 566,
150 567 228 592 cum
248 554 438 603 gliscerent
461 552 635 595 licentius,
665 561 831 599 repressa
852 549 1018 587 fuissent.
1058 551 1151 586 Hinc
1171 551 1278 599 igitur
1297 559 1362 597 est,
1386 553 1485 602 quod

40 630 160 657 rerum
187 615 344 652 omnium
374 612 472 663 apud
501 613 667 649 Graecos
693 611 920 648 sollemnium
948 624 1020 648 non
1053 612 1118 648 nisi
1154 614 1279 649 umbra
1308 615 1487 663 quaedam

40 683 212 727 usurpata
249 683 328 724 est,
365 682 404 712 ut
439 686 550 724 supra
585 674 657 710 dixi
693 686 730 723 p.
757 685 960 711 cnxxwl:
1005 687 1071 723 pro
1107 675 1249 711 bacchis
1283 674 1486 712 furentibus

38 752 128 776 anus
155 740 346 785 innocuae,
376 749 442 787 pro
470 736 578 785 orgiis
603 736 751 773 secretis
778 735 973 772 discubitus
1000 736 1179 786 publicus,
1207 748 1273 786 pro
1304 736 1387 772 uino
1414 737 1487 773 liba

37 801 185 837 mellita.

140 861 385 899 Tellurem
413 872 485 896 non
512 860 588 896 sine
615 871 724 896 causa
744 859 862 895 Varro
884 860 1068 896 coniunxit
1089 872 1170 895 cum
1190 858 1274 908 Ope
1295 867 1332 896 et
1351 860 1487 910 Magna

36 929 175 970 matre,
202 923 248 960 fr.
268 925 330 970 16,
358 933 453 972 quae
479 921 578 971 apud
606 921 842 971 Augustinum
868 920 914 956 fr.
933 925 957 956 2
983 934 1054 958 non
1082 928 1362 959 enumerantur:
1395 923 1487 960 leni·

37 986 105 1022 bus
131 986 226 1022 enim
253 997 334 1021 sese
366 985 551 1031 attingunt
577 983 850 1020 discriminibus,
908 982 1100 1029 Tellurem,
1132 982 1386 1030 Tellumonem,
1413 985 1487 1022 Al-

36 1051 161 1092 torem,
190 1050 370 1085 Rusorem
395 1058 417 1082 a
444 1046 612 1084 Varrone
639 1044 841 1080 nominatos
868 1055 913 1080 ex
939 1044 1219 1093 indigitamentis
1245 1045 1400 1094 proferri
1426 1047 1486 1084 in-

35 1109 175 1145 tellexit
201 1108 457 1144 Ambroschius
484 1120 522 1157 p.
538 1108 586 1142 63
614 1117 715 1151 ann„
744 1117 814 1140 non
841 1111 962 1141 tamen
990 1107 1075 1142 satis
1102 1107 1316 1144 obseruasse
1341 1108 1487 1146 uidetur

35 1181 81 1206 ex
112 1170 179 1206 illis
212 1169 564 1218 indigitamentorum
599 1166 848 1203 iterationibus
882 1175 965 1203 nata
991 1167 1136 1204 demum
1169 1170 1316 1205 numina
1350 1171 1486 1208 maiora

36 1237 75 1268 et
99 1230 249 1277 selecta,
276 1243 349 1266 non
376 1231 523 1267 subesse
553 1229 607 1265 iis.
660 1228 772 1265 Velut
793 1229 922 1265 Tellus
949 1230 1045 1266 culta
1073 1237 1127 1266 est
1153 1231 1251 1267 seriis
1279 1233 1486 1270 sementinis

35 1304 117 1329 cum
139 1292 289 1338 Cerere,
317 1291 391 1329 Ou.
412 1296 447 1339 l,
466 1294 556 1339 671,
584 1297 621 1328 et
647 1290 859 1326 Fordicidiis
886 1291 1010 1340 paucis
1036 1291 1163 1328 diebus
1190 1299 1274 1342 post
1295 1293 1486 1342 Cererem,

34 1353 176 1398 4,665.
230 1354 368 1397 Quaeri
393 1354 521 1404 possit,
549 1365 636 1390 num
662 1352 861 1389 secundum
890 1353 1182 1402 indigitamenta,
1210 1355 1245 1390 in
1273 1355 1404 1404 quibus
1430 1363 1487 1394 tot

34 1414 93 1452 dei
119 1416 304 1465 agricolae
331 1416 451 1452 traditi
477 1423 575 1463 sunt,
603 1414 687 1451 uide
713 1427 823 1469 supra
850 1428 886 1465 p.
904 1427 1136 1461 chxxvn,
1162 1416 1208 1452 ad
1228 1418 1485 1466 agriculturam

34 1488 151 1526 aeque
177 1478 404 1527 pertinuerit,
432 1484 544 1527 atque
569 1476 617 1513 ad
643 1476 733 1514 deos
759 1471 907 1521 inferos,
935 1484 1045 1527 prout
1071 1478 1205 1527 legitur
1229 1479 1264 1515 in
1288 1479 1484 1518 Deciorum

34 1537 229 1576 deuotione
254 1539 336 1576 Liu.
357 1542 393 1584 8,
409 1541 455 1587 93
485 1543 543 1584 10,
562 1541 626 1575 29.
678 1539 718 1575 Si
745 1540 897 1575 mutauit
923 1539 1082 1575 officium
1109 1539 1178 1575 dea
1205 1540 1354 1587 Sabina,
1383 1555 1484 1580 com-

34 1601 189 1636 mutauit
213 1613 294 1636 cum
314 1600 399 1652 Ope
421 1602 569 1637 numine
588 1601 803 1637 Latinorum
830 1612 947 1650 aeque
974 1607 1132 1647 uetusto,
1160 1602 1297 1652 quippe
1321 1604 1357 1639 in
1385 1605 1485 1654 regia

35 1672 118 1696 cum
144 1661 207 1708 iis,
233 1675 323 1710 quos
350 1663 606 1700 Ambroschius
632 1663 826 1710 indicauit,
854 1662 931 1699 deis
957 1662 1068 1698 culto.
1120 1663 1237 1700 Varro
1265 1663 1312 1701 de
1339 1665 1362 1702 l.
1391 1666 1415 1702 l.
1444 1669 1484 1714 6,

34 1725 101 1769 21,
127 1733 172 1758 eo
198 1723 340 1759 iu·loco
367 1722 489 1773 Opem
515 1725 724 1761 Consiuiam
752 1725 884 1761 dictam
913 1724 1035 1773 prodit
1070 1731 1106 1761 et
1140 1725 1235 1762 idem
1270 1727 1349 1763 sine
1372 1727 1484 1764 dubio

35 1784 122 1820 olim
148 1783 278 1820 Festus
304 1797 342 1834 p.
365 1786 452 1828 249,
474 1788 521 1821 17
547 1786 645 1822 dext.
706 1786 764 1822 De
791 1785 877 1835 Ope
904 1787 939 1821 Τ
942 1787 1004 1821 atii
1038 1779 1158 1834 regis*
1169 1787 1267 1836 apud
1302 1789 1408 1825 Varr.
1437 1789 1485 1826 de

34 1845 61 1883 l.
83 1845 106 1883 l.
128 1846 167 1892 5,
187 1847 237 1883 74
264 1846 364 1882 uarie
389 1846 539 1882 iudicari
565 1854 698 1895 potest.
745 1846 825 1895 Ops
846 1846 1017 1882 Consiuia
1045 1846 1198 1894 primum
1227 1849 1323 1884 culta
1350 1857 1406 1886 est
1426 1861 1484 1886 se-

34 1907 189 1957 paratim
216 1907 300 1943 vlu
317 1906 379 1943 Kl'
399 1907 508 1957 Sept.
559 1908 701 1945 Deinde
725 1921 791 1944 cur
817 1920 898 1944 cum
925 1907 1305 1946 Saturnoconiuncta
1330 1911 1390 1958 sit,
1416 1911 1484 1948 do-

34 1975 94 2005 cet
119 1968 250 2006 Festus
277 1981 314 2019 p.
337 1969 504 2016 186,25‚
538 1970 673 2006 scilicet
706 1976 860 2020 propter
894 1968 1001 2005 officii
1039 1971 1347 2018 communionem3
1383 1979 1486 2023 post-

33 2042 144 2080 quam
170 2031 268 2067 seriis
295 2029 429 2077 (Macr.
448 2037 516 2068 sat.
538 2036 574 2079 l,
594 2032 658 2077 10)
686 2039 722 2068 et
748 2031 885 2081 templo
913 2030 1011 2078 (Liu.
1032 2032 1095 2078 39,
1116 2034 1165 2066 22
1187 2038 1223 2067 et
1239 2031 1394 2070 fortasse
1412 2035 1485 2071 Fe-

32 2097 110 2128 stus
136 2105 174 2141 p.
192 2094 279 2140 189,
297 2095 349 2128 20
368 2093 457 2140 sin.;
483 2093 526 2130 P.
548 2094 731 2130 Victorem
743 2094 907 2142 'insuper
933 2093 1070 2139 liabeo)
1097 2093 1290 2130 coniuncta
1315 2102 1395 2142 est,
1429 2096 1485 2132 in-

31 2153 262 2190 ‘tei-ueniente
294 2153 420 2191 sabula
447 2166 579 2204 graeca
606 2155 776 2205 deposuit
801 2154 888 2190 illud
916 2154 1130 2191 conserendi
1156 2155 1315 2193 officium
1341 2156 1485 2194 habita-

32 2226 105 2264 que
131 2220 186 2251 est
211 2227 279 2265 pro
297 2216 432 2264 Terra,
460 2215 768 2266 quemadmodum
789 2209 880 2252 Ῥέα
903 2217 1130 2253 Graecorum
1156 2230 1178 2254 a
1205 2219 1349 2266 tragicis
1376 2219 1485 2257 etiam

33 2275 299 2321 uetustioribus,
328 2277 401 2314 uid·
423 2278 595 2315 Clausen.
618 2290 656 2328 p.
672 2280 712 2325 9,
738 2290 822 2315 ann.
845 2280 904 2315 17.
959 2278 1149 2315 Vetustam
1176 2280 1262 2316 satis
1284 2292 1364 2317 esse
1390 2281 1486 2318 hanc

31 2333 124 2386 Opis
150 2337 485 2387 interpretationem
512 2351 534 2376 a
561 2340 728 2376 Varrone
753 2340 800 2377 de
827 2341 849 2377 l.
866 2341 890 2377 l.
906 2340 944 2387 5,
961 2340 1010 2377 57
1038 2340 1207 2378 traditam
1234 2342 1484 2380 docentssritus

30 2403 189 2446 ueteres,
217 2399 382 2436 Macrob.
404 2407 471 2437 sat.
495 2406 532 2448 l,
550 2405 617 2438 lo:
646 2404 742 2439 Huic
768 2402 855 2439 deae
879 2401 1039 2439 sedentes
1063 2407 1152 2439 uota
1178 2405 1383 2454 concipiant
1407 2410 1486 2443 ter-.-

31 2469 179 2508 tamque
204 2460 247 2497 de
271 2460 454 2499 &industria
480 2467 635 2512 tanyunt
668 2464 762 2510 (cfr.
789 2465 836 2501 de
863 2465 1015 2502 Tellure
1041 2465 1198 2502 eundem
1224 2466 1272 2503 ib.
1299 2470 1337 2513 3,
1359 2469 1410 2515 9)
1446 2474 1485 2504 et

31 2520 131 2568 apud
149 2522 367 2570 Varronem,
396 2523 480 2560 uide
506 2537 618 2575 supra
645 2539 682 2576 p.
701 2537 913 2563 chxxvn
969 2527 1061 2562 Hinc
1087 2526 1218 2564 deinde
1243 2527 1324 2565 fieri
1343 2530 1484 2580 potuit,

33 2587 75 2616 ut
95 2580 246 2622 Ouidius
265 2587 304 2632 6,
318 2586 393 2621 279
418 2597 463 2622 ex
490 2585 575 2636 Ope
601 2587 791 2635 lunonem,
821 2588 1009 2635 Cererem,
1038 2587 1191 2625 Vestam
1219 2597 1323 2627 natas
1348 2593 1485 2629 seribea

31 2647 103 2679 ret.
154 2643 264 2683 Vides
295 2645 349 2683 his
377 2647 678 2685 uicissitudinibus
705 2661 968 2699 usquequaque
994 2656 1173 2688 uersatam
1200 2653 1357 2702 priscam
1386 2654 1493 2691 Ter-.

31 2713 97 2741 rae
131 2703 339 2754 religionem
365 2707 451 2746 nihil
488 2710 574 2746 noui
600 2717 664 2747 aut
690 2711 826 2760 egregii
852 2711 1066 2761 prodidisse.
1119 2713 1219 2759 Quid
1246 2721 1342 2752 esset
1369 2727 1482 2753 uene-
