1685 2954
167 61 252 106 206
731 72 1029 105 nsronvm

268 176 325 217 Et
353 175 420 216 uel
449 185 554 228 equo
580 185 767 229 magnus,
793 175 861 216 uel
889 175 995 228 pede
1022 175 1148 216 maior
1177 179 1277 216 erat.

215 242 348 295 Quem
376 241 516 283 Rutuli
545 243 786 296 Turnusque
815 243 902 284 suis
931 243 1138 283 asciscere
1167 247 1368 295 temptant

269 310 471 351 Partibus.
509 311 614 351 haec
643 317 783 351 contra
813 310 895 351 dux
924 311 982 351 ita
1010 311 1176 351 Tuscus
1204 309 1280 351 ait:

216 378 312 419 Stat
340 375 435 417 mihi
463 389 542 417 non
570 390 696 430 paruo
725 378 856 418 uirtus
883 390 988 419 mea.
1026 378 1194 419 uolnera
1220 383 1351 418 testor
1516 381 1595 418 885

271 445 488 498 Armaque,
521 458 626 498 quae
654 447 785 499 sparsi
813 447 1014 500 sanguine
1044 458 1172 499 saepe
1201 458 1305 486 meo.

217 510 298 562 Qui
324 513 434 565 petis
463 511 673 565 auxilium,
710 526 792 553 non
822 514 989 567 grandia
1017 513 1153 554 diuide
1180 525 1342 554 mecum

272 580 472 632 Praemia,
499 580 551 620 de
576 580 748 621 lacubus
775 580 960 633 proxima
987 587 1125 620 musta
1149 582 1244 620 tuis.

215 646 342 686 Nulla
362 658 473 687 mora
490 654 555 688 est
573 660 733 700 operae.
761 653 944 687 uestrum
966 653 1034 687 est
1053 647 1165 700 dare,
1181 647 1347 687 uincere
1365 653 1557 688 nostrum.

275 712 409 763 Quam
435 713 535 755 uelit
562 716 731 754 Aeneas
760 714 841 754 ista
868 720 1023 768 negata
1050 715 1164 755 mihi!
1522 719 1603 756 890

214 781 455 821 Annuerant
483 780 644 821 Rutuli:
673 781 910 821 Mezentius
937 782 1066 822 induit
1094 795 1217 822 arma.

268 848 402 889 Induit
427 850 608 902 Aeneas,
640 849 934 903 alloquiturque
963 851 1122 890 Iouem:

212 917 388 957 Hostica
419 917 626 970 Tyrrheno
656 923 755 957 uota
783 923 848 957 est
875 917 1079 957 uindemia
1108 918 1219 972 regi:

268 982 448 1036 Iuppiter
475 998 504 1024 e,
527 985 623 1023 latio
652 985 820 1037 palmite
847 992 983 1025 musta
1010 985 1132 1026 feres.

213 1051 326 1091 Vota
355 1052 497 1091 ualent
522 1052 697 1091 meliora.
739 1049 851 1092 cadit
878 1052 1115 1093 Mezentius
1141 1053 1303 1106 ingens,
1523 1055 1601 1093 895

273 1118 413 1173 Atque
443 1117 668 1174 indignanti
695 1124 865 1172 pectore
893 1121 1051 1175 plangit
1078 1122 1254 1162 humum.

213 1274 301 1308 882.
339 1272 388 1308 Et
414 1274 451 1309 in
477 1285 553 1310 ras.
582 1286 629 1311 m.
676 1274 733 1310 uel
762 1286 829 1322 ego
856 1287 974 1324 magn.
1004 1278 1048 1312 E.
1091 1287 1184 1325 equo
1211 1275 1328 1310 nullus
1357 1273 1413 1310 uel
1442 1272 1601 1311 FGOb.

161 1335 256 1372 equo
291 1323 436 1359 dubium
472 1325 526 1359 uel
555 1322 615 1360 Λ.
737 1327 823 1361 883,
862 1326 980 1368 Quem
1016 1334 1142 1362 turnus
1179 1326 1358 1373 rutulique
1390 1325 1461 1360 suis
1494 1336 1602 1360 unus.

158 1374 255 1409 rutili
281 1377 315 1410 E
331 1386 401 1410 ma.
417 1386 471 1419 pr.
490 1376 540 1410 N.
592 1375 687 1410 rituli
712 1374 774 1412 A.
822 1376 947 1411 rutulis
973 1382 1068 1411 turn.
1095 1377 1226 1412 Atesi.
1251 1377 1412 1423 Gron.9.
1463 1373 1602 1410 rutulus

160 1431 257 1459 turn.
286 1422 530 1460 FM2Pm20
551 1437 689 1471 nonem,
717 1424 1014 1474 edd-Athrim.
1030 1426 1181 1463 Mediol.
1220 1424 1402 1474 rutulique
1427 1426 1498 1460 suis
1525 1432 1601 1460 tur-

159 1487 226 1510 nus
253 1485 325 1509 asc.
348 1474 377 1521 f.
418 1481 544 1510 turnus
572 1477 643 1510 suis
673 1478 856 1524 Dma.pr.
897 1477 1093 1512 adsciscere
1120 1480 1163 1513 E.
1203 1477 1374 1511 acuissere
1397 1472 1599 1511 (Bruma-ec.

161 1524 333 1560 ascissere
359 1523 407 1562 Γ.
457 1526 667 1561 abscindere
696 1529 755 1561 14.
804 1539 986 1562 accessere
1015 1526 1044 1562 b.
1099 1538 1280 1562 arces-cere
1307 1524 1366 1561 A.
1416 1536 1601 1561 accersere

163 1573 280 1611 (Dsub
299 1587 373 1611 ras.
410 1588 592 1611 arcessere
618 1589 651 1611 m
680 1581 823 1652 segnem.
862 1583 1015 1625 temptat
1035 1579 1156 1613 DGr.
1199 1583 1315 1610 tentat
1339 1575 1470 1610 Atest.
1486 1575 1600 1611 Gron-

157 1625 215 1672 ἴε.
253 1633 394 1662 tentant
418 1624 483 1662 (1Γέ
500 1625 721 1663 αῖὶὶΗοῐηε.“.
829 1629 913 1662 884.
943 1628 1032 1662 haec
1051 1639 1119 1662 om.
1138 1625 1169 1661 b.
1208 1625 1308 1660 Part.
1329 1624 1397 1660 hoc
1414 1627 1462 1661 D.
1497 1624 1599 1662 Part.

156 1676 224 1711 hos
244 1678 366 1712 Ns22
384 1681 527 1725 septem.
567 1676 665 1712 Part.
687 1677 782 1712 hunc
807 1689 912 1713 umis.
956 1677 1054 1713 Part.
1085 1689 1104 1712 e
1132 1683 1256 1711 contra
1278 1673 1413 1711 ΦΠΣ
1429 1679 1600 1723 (mutuom

156 1728 295 1763 Naar.
315 1739 383 1763 scr.
428 1727 527 1762 Part.
557 1734 593 1762 et
620 1735 744 1762 contra
771 1725 819 1762 A
846 1731 927 1763 ires.
973 1733 1098 1763 contra
1126 1739 1189 1762 rex
1215 1725 1345 1762 Nb40
1371 1725 1479 1762 alius.
1526 1724 1600 1761 dux

157 1777 224 1812 sibi
250 1779 312 1812 41.
352 1777 424 1812 dux
452 1789 595 1826 quoque
623 1781 707 1814 neit.
725 1776 777 1813 ed.
822 1777 967 1813 thuscus
1000 1779 1045 1813 G.
1087 1784 1225 1813 truscus
1250 1774 1301 1812 (D.
1340 1783 1430 1813 tusc.
1458 1782 1517 1812 eat
1547 1773 1599 1812 Ψ.

207 1828 294 1862 885.
323 1827 388 1863 Sat
415 1827 446 1863 b.
490 1827 572 1863 Stat
598 1839 678 1863 mea
705 1829 755 1863 N.
800 1827 904 1863 michi
932 1825 980 1865 Γ.
1008 1829 1109 1876 parui
1142 1824 1193 1863 Ψ.
1235 1828 1362 1863 uirtus:
1390 1838 1470 1863 mea
1496 1825 1597 1862 uuln.
1663 1860 1679 1863 „

159 1874 297 1914 PHA
310 1890 339 1914 s.
397 1879 495 1913 uuln.
524 1878 602 1922 (ita
630 1878 666 1913 ll.
696 1882 736 1914 ut
760 1878 924 1924 uidetur)
961 1887 1069 1914 testes
1095 1877 1187 1915 Am
1205 1877 1270 1913 snb
1290 1889 1380 1921 ras„
1407 1877 1489 1914 cluo.
1672 1879 1680 1887 ”

210 1930 295 1964 886.
327 1940 434 1977 saepe
461 1941 525 1964 suo
557 1926 773 1965 manuscr.
883 1931 969 1965 887.
1006 1930 1167 1964 ausilium
1194 1926 1243 1965 Γ.
1355 1929 1441 1964 888.
1479 1926 1598 1963 lacub.

158 1977 205 2014 da
230 1979 315 2014 mihi
336 1986 451 2014 musta
478 1990 584 2014 arnus.
625 1987 742 2015 musta
771 1979 856 2014 meis
877 1982 919 2015 Τ.
1023 1981 1109 2015 889.
1139 1979 1248 2014 Nulla
1275 1990 1409 2028 operae
1435 1989 1536 2014 mora
1553 1977 1599 2014 sit

157 2036 266 2065 uestr.
300 2031 358 2065 10.
399 2037 453 2065 est
480 2030 579 2078 operi
608 2032 797 2065 Emenseo.
813 2026 1012 2077 OPif‘Ey
1027 2041 1212 2066 ma.sec.s
1229 2041 1354 2066 nouem
1375 2033 1409 2065 et
1425 2032 1510 2064 uett.
1526 2027 1598 2072 ecl&

161 2077 296 2115 ffluar.
313 2091 382 2116 scr.
423 2088 477 2115 est
498 2087 656 2115 nostrum
678 2079 712 2115 d.
735 2093 770 2115 u.
791 2087 948 2116 uestrum
970 2083 1013 2117 Τ.
1052 2087 1214 2117 nostrum
1242 2092 1309 2116 om.
1329 2091 1349 2116 φ’
1366 2091 1507 2128 vna-pr.
1543 2081 1598 2114 est

161 2129 315 2166 alterum
341 2141 490 2178 prorsus
515 2143 585 2167 om.
604 2128 679 2166 FF
678 2129 727 2167 A
735 2128 786 2166 M
795 2128 838 2165 N
849 2129 917 2177 Τί
920 2143 938 2167 r
958 2136 991 2167 et
1005 2135 1088 2167 neit.
1107 2130 1175 2178 ed„
1202 2132 1239 2166 in
1263 2128 1333 2176 fimo
1354 2133 1490 2179 ponunt
1509 2121 1600 2165 ΟΠ

158 2182 210 2216 20
235 2191 312 2224 sex,
337 2184 376 2217 in
401 2179 472 2227 fine
496 2185 658 2229 repetunt
685 2179 811 2229 Dffly.
914 2183 1000 2218 890.
1029 2182 1117 2218 uelis
1143 2183 1204 2217 44.
1245 2192 1325 2216 aen.
1354 2180 1412 2216 ille
1438 2182 1496 2216 33.
1533 2175 1593 2212 illa

159 2231 326 2280 neganda
354 2228 412 2278 (ὓς
445 2229 658 2268 Ψπιαν.εον.
696 2232 802 2275 michi
828 2235 872 2269 E.
974 2233 1062 2268 891.
1098 2233 1283 2267 Anuerant
1313 2228 1518 2277 mmmm„
1542 2225 1593 2261 Et

158 2289 314 2317 nueraut
339 2294 412 2318 ma.
429 2294 498 2319 sec.
546 2281 742 2318 Innuerant
773 2284 818 2319 G.
859 2282 1064 2318 Adueniant
1091 2294 1160 2318 rut.
1189 2294 1208 2318 s
1231 2281 1310 2318 «luo.
1355 2279 1446 2315 rutili
1470 2279 1591 2333 qu.

154 2342 212 2378 pr.
231 2329 277 2367 Γ.
323 2334 523 2368 mezencius
552 2334 640 2368 DE.
682 2340 832 2369 merent.
861 2332 891 2368 b.
933 2345 1023 2369 mez.
1051 2333 1169 2368 intulit
1200 2329 1251 2368 Ψ.
1353 2331 1437 2366 892.
1475 2327 1591 2362 lndfflt

156 2387 193 2416 et
219 2392 276 2417 en.
305 2394 335 2419 r.
438 2385 524 2418 893.
552 2383 678 2419 llostia
707 2382 1112 2432 13Tlmtnmfflrssar.
1153 2391 1296 2430 tyrreno
1319 2382 1364 2415 D.
1405 2379 1537 2414 tirreuo
1556 2378 1592 2412 Ε

94 2458 97 2460 -
160 2428 249 2467 GP.
292 2440 375 2468 nota
401 2440 456 2470 est
481 2433 512 2469 b.
616 2436 701 2470 894.
732 2434 866 2483 lupitcr
891 2435 1003 2471 elacio
1032 2436 1080 2470 D.
1124 2434 1256 2481 iupiter
1277 2430 1385 2478 gelatio
1416 2431 1456 2464 E.
1494 2427 1589 2476 lopi-

157 2488 212 2518 ter
238 2488 273 2517 et
300 2480 385 2518 latio
412 2486 455 2520 P.
498 2484 602 2533 Iupp.
633 2492 669 2520 et
697 2485 786 2520 lanio
814 2482 860 2520 Γ.
901 2486 1009 2534 palm.
1039 2485 1122 2520 uina
1147 2481 1206 2519 A.
1244 2480 1338 2517 seras
1366 2476 1500 2524 A(l'''.2).

205 2532 290 2568 895.
319 2534 414 2569 ualet
438 2534 466 2579 f.
513 2535 594 2570 mel.
622 2534 787 2583 caditque
813 2547 903 2571 mez.
933 2532 979 2571 Γ.
1022 2534 1223 2571 mezencius
1251 2527 1390 2567 DGF.
1434 2533 1588 2564 merent.

154 2581 186 2619 b.
236 2590 387 2619 mezent.
416 2585 521 2620 armis
554 2583 603 2621 Ψ.
716 2587 802 2621 896.
837 2586 959 2634 thue
986 2588 1030 2622 P.
1085 2583 1268 2631 indignato
1296 2588 1390 2629 pect.
1420 2583 1588 2627 (mutuor.

153 2638 248 2682 pect.
276 2634 395 2682 pulsat
420 2631 459 2669 Γ
466 2631 512 2669 Σ.
556 2642 648 2683 pect.
678 2637 792 2684 tangit
818 2639 865 2672 33
883 2641 914 2671 et
934 2638 1048 2672 nescio
1066 2635 1146 2681 quis
1170 2644 1259 2681 „pr-
1281 2630 1359 2667 e‹1.'’
1387 2631 1511 2667 Heius.
