1685 2954
609 171 710 202 mn.
740 168 979 207 va‘rvs
1212 183 1214 185 -
1436 150 1521 195 253

133 272 250 320 Bella
277 278 421 329 parant
448 277 723 326 repetuntque
749 283 849 313 suas
878 275 923 310 et
950 269 1075 310 frater
1103 273 1147 309 ct
1174 266 1282 321 Idas,

189 344 401 396 Leucippo
428 339 517 381 fieri
545 346 697 392 pactus
724 346 895 392 uterque
924 350 1064 392 gener.

133 414 212 455 His
239 423 362 462 amor,
391 413 436 448 ut
463 413 666 460 repetant,
695 406 786 459 illis,
813 411 860 445 ut
888 403 1058 445 reddere
1086 403 1225 455 nolint,

189 478 359 528 Suadet,
388 481 431 516 et
459 488 513 515 ex
543 487 671 515 causa
697 479 857 527 pugnat
885 478 1057 525 uterque
1086 471 1183 523 pari.

131 547 329 600 Effugere
358 542 582 583 Oebalidae
614 554 736 583 cursu
767 547 938 594 potuere
969 546 1215 592 sequentes:
1443 539 1523 578 705

190 613 277 654 Sed
305 612 439 652 uisum
469 609 594 650 celeri
622 610 789 650 uincere
818 615 936 660 turpe
967 607 1078 661 fuga.

132 681 253 721 Liber
281 680 332 720 ab
363 679 569 719 arboribus
597 679 713 719 locus
743 683 821 729 est,
853 681 951 728 apta
980 687 1076 716 area
1108 686 1293 728 pugnae:

191 747 475 790 Constiterant
503 744 597 785 illie.
638 758 786 786 nomen
815 741 1007 796 Aphidna
1034 743 1139 783 loco.

132 816 312 857 Pectora
341 813 539 854 traiectus
561 813 732 866 Lynceo
754 812 906 853 Castor
935 812 986 851 ab
1015 823 1116 851 ense

189 884 286 924 Non
315 886 539 935 expectato
571 881 737 922 uolnere
774 879 928 933 pressit
962 879 1142 919 humum.
1446 880 1529 916 710

140 950 261 991 Vltor
290 949 412 990 adest
439 949 599 1002 Pollux,
629 954 674 989 et
700 949 872 1002 Lyncea
894 946 1074 1000 perforat
1101 946 1226 986 hasta

194 1017 289 1069 Qua
317 1015 459 1058 ceruix
486 1016 680 1057 humeros
708 1013 947 1056 continuata
973 1013 1130 1068 premit.

134 1084 226 1126 Ibat
253 1083 296 1125 in
323 1084 436 1125 hune
462 1084 572 1137 Idas,
601 1083 753 1136 uixque
783 1088 852 1123 est
876 1082 987 1123 Iouis
1015 1083 1114 1137 igne
1142 1080 1350 1134 repulsus:

192 1152 295 1192 Tela
322 1158 460 1192 tamen
489 1152 660 1192 dextrae
688 1150 853 1190 fulmine
882 1156 1000 1203 rapta
1027 1154 1196 1203 negant.

134 1220 303 1272 Iamque
332 1219 425 1272 tibi,
453 1220 619 1271 Pollux,
649 1219 809 1260 caelum
838 1217 1010 1259 sublime
1039 1217 1222 1270 patebat,
1447 1218 1528 1256 715

193 1286 312 1340 Cum,
342 1299 448 1339 mea,
478 1286 632 1338 dixisti,
661 1285 828 1339 percipe
857 1287 994 1338 uerba,
1023 1290 1152 1338 pater.

136 1353 257 1406 Quod
286 1354 382 1394 mihi
412 1353 488 1395 das
516 1355 585 1395 uni
615 1355 794 1406 caelum,
824 1354 974 1406 partire
1004 1352 1184 1394 duobus:

190 1420 411 1463 Dimidium
440 1428 528 1464 toto
555 1435 724 1463 munere
752 1421 885 1463 maius
914 1421 1001 1462 erit.

132 1585 221 1620 701.
255 1583 370 1632 hydas
396 1587 442 1623 E.
490 1583 581 1633 ydas
611 1586 658 1622 G.
705 1583 807 1621 hidas
832 1596 864 1623 r.
976 1585 1064 1620 702.
1099 1582 1288 1632 Leucippo
1314 1584 1353 1620 in
1379 1594 1455 1620 ras.
1482 1595 1531 1620 m.

83 1633 257 1681 Leucipio
275 1637 321 1671 E.
362 1634 538 1684 Leucippi
563 1647 600 1684 p.
642 1635 825 1672 Leucadio
847 1635 908 1671 24.
949 1641 1003 1671 ut.
1022 1646 1135 1684 genus
1161 1635 1206 1671 0.
1311 1636 1398 1670 703.
1425 1645 1532 1683 repe-

85 1690 162 1720 tam
190 1681 392 1733 OEma.pr.
495 1687 583 1721 704.
612 1684 731 1722 Sudet
756 1685 790 1722 b.
831 1697 875 1722 ex
900 1697 970 1723 om.
997 1698 1029 1722 s.
1070 1689 1106 1722 et
1131 1683 1199 1721 bac
1224 1696 1334 1721 causa
1363 1685 1405 1721 G.
1448 1691 1485 1721 et
1510 1695 1534 1720 a

86 1744 197 1770 causa
223 1737 384 1771 mea.
396 1746 454 1783 pr.
465 1737 527 1770 20.
577 1741 732 1784 uterque
758 1735 848 1772 deus
872 1747 1070 1785 mmmpr.
1174 1736 1263 1772 705.
1296 1735 1460 1771 oebaliae
1487 1736 1533 1772 Ο.

86 1784 255 1822 eubalide
282 1781 330 1821 Σ.
380 1786 462 1822 oeb.
490 1797 633 1821 cursum
659 1798 709 1822 m.
756 1787 838 1822 oeb.
868 1799 1012 1821 cursum
1037 1786 1195 1822 docuere
1220 1798 1251 1822 e.
1362 1787 1448 1821 706.
1477 1786 1535 1821 ui-

85 1847 167 1872 sum
190 1840 248 1881 est
274 1836 341 1872 cel.
372 1832 1146 1885 BGEFAMPHAEefgqpstuzgzntz.
1186 1837 1329 1886 ”turpe
1353 1835 1535 1872 ”uincere
1600 1863 1611 1879 Δ,

87 1887 137 1924 D.
174 1884 263 1935 suga
288 1891 343 1922 est
371 1883 511 1921 Φακῆ.
528 1885 606 1922 edd.
709 1888 797 1922 707.
825 1894 912 1935 apta
937 1898 1024 1923 aera
1049 1898 1081 1923 r.
1183 1888 1271 1924 708.
1298 1890 1363 1924 Ita
1388 1889 1436 1925 Ζ.
1475 1886 1537 1923 In-

86 1935 253 1972 stiterant
283 1948 389 1972 unus.
437 1936 669 1972 constituant
698 1938 742 1973 Τ.
789 1936 1038 1973 Constiterant
1063 1938 1125 1973 29.
1173 1937 1246 1973 illic
1283 1937 1428 1973 nomina

86 1986 169 2022 loco
194 1999 321 2024 mma.
339 1998 396 2036 pr.
439 1986 566 2023 Const.
593 1987 654 2023 illo
680 1986 826 2023 nofnina
851 1986 925 2023 fida
950 1987 1031 2023 loco
1057 1988 1186 2024 caeteri
1211 2000 1343 2024 omnes.
1445 1988 1534 2024 709.

87 2035 235 2085 Lynceo
261 2044 382 2074 castor
403 2037 615 2073 transieetus
635 2044 785 2086 pectora
805 2037 878 2073 telo
904 2042 932 2074 t.
974 2038 1186 2074 transiectus
1207 2040 1324 2075 nescio
1341 2039 1404 2088 qui
1418 2039 1536 2075 Hein-

87 2088 187 2124 siant
203 2092 346 2136 praeter
363 2085 470 2124 BA.
510 2087 628 2124 linceo
655 2090 737 2125 DE
746 2089 793 2125 G.
831 2088 947 2124 lincea
972 2099 1148 2138 rma.pr.
1187 2089 1232 2124 ab
1258 2089 1363 2126 hoste
1388 2091 1535 2129 Muar.

87 2149 160 2174 scr.
195 2140 338 2175 Desinit
355 2137 411 2175 hic
428 2136 477 2174 Γ.
537 2137 557 2139 ”
579 2140 667 2174 710.
694 2138 803 2174 Nunc
827 2144 1036 2188 exspectato
1057 2141 1103 2176 E.
1144 2146 1302 2189 exspect.
1334 2137 1393 2177 G?
1433 2139 1534 2177 uuln-

88 2186 185 2226 libri.
287 2191 374 2225 711.
401 2189 527 2226 Victor
552 2188 612 2225 ad.
646 2189 912 2238 Gmma.pr.p.
959 2189 1042 2226 linc.
1072 2191 1153 2226 mei.
1202 2189 1296 2238 perf.
1324 2202 1410 2226 ense
1441 2192 1485 2226 E.

139 2240 229 2275 712.
265 2239 350 2283 Quo
377 2251 474 2276 ceru.
500 2242 560 2277 M.
602 2241 678 2283 Ita,
705 2241 848 2288 premit,
880 2240 953 2276 GD
968 2238 1339 2277 GAm12152022
1366 2244 1535 2290 quatuor.

90 2295 188 2328 cont.
215 2290 305 2338 tegit
329 2289 468 2339 reliqui.
547 2291 659 2326 2713.
685 2289 775 2337 ydas
805 2292 852 2327 G.
892 2289 941 2326 id.
969 2297 1007 2326 et
1033 2291 1092 2326 uix
1117 2291 1190 2327 iou.
1217 2288 1275 2328 H.
1314 2303 1386 2341 que
1411 2303 1480 2328 om.
1503 2292 1537 2327 B

90 2342 126 2377 Ε
136 2340 221 2377 GN
229 2340 290 2377 Os
315 2339 444 2377 deceni.
482 2346 537 2378 est
562 2352 631 2377 om.
658 2337 709 2377 Ψ.
751 2347 805 2377 est
830 2339 910 2376 idus
937 2340 1009 2389 ign.
1034 2340 1142 2377 bma.
1158 2352 1216 2390 pr.
1264 2343 1347 2390 igne
1372 2347 1536 2378 retentus

90 2389 174 2428 duo.
277 2392 363 2427 714.
397 2391 535 2428 Dextra
561 2391 634 2428 tela
659 2397 780 2428 tamen
805 2390 833 2427 f.
865 2393 909 2428 Τ.
954 2391 1082 2428 dextra
1106 2389 1219 2429 AN.
1267 2393 1396 2429 dextro
1420 2391 1442 2428 b
1458 2404 1534 2429 ma.

91 2451 151 2488 pr.
187 2440 349 2478 flulmine
373 2443 495 2479 Dma.
508 2453 565 2492 pr.
606 2449 712 2491 rapta
738 2448 871 2478 uocant
896 2454 932 2478 m
943 2454 1016 2479 ma.
1031 2454 1089 2491 pr.
1189 2442 1277 2480 715.
1304 2443 1368 2479 tibi
1395 2443 1535 2480 caelum

92 2491 217 2539 pollux
241 2494 286 2528 N
308 2491 392 2529 duo.
438 2493 591 2542 suplime
622 2493 668 2529 G.
714 2493 808 2529 subl.
835 2493 984 2542 petebat
1011 2495 1089 2538 Bs;
1121 2490 1394 2531 ²1‘Tuar.sor.
1440 2493 1534 2529 subl.

92 2541 243 2626 pletebas
270 2539 316 2580 Σ.
428 2544 516 2580 716.
549 2543 607 2579 En
634 2554 714 2579 mea
738 2541 773 2580 b.
819 2543 891 2580 dix.
918 2543 1088 2592 praecipe
1115 2541 1177 2581 A.
1222 2544 1293 2582 dix.
1322 2544 1468 2593 suscipe
1488 2540 1539 2579 Ν

158 2593 203 2627 12
220 2594 270 2628 20
295 2597 382 2632 tres.
430 2593 503 2631 dix.
537 2593 672 2643 perfice
697 2590 816 2630 1141.
933 2595 1021 2630 717.
1056 2593 1168 2637 Quod
1201 2594 1354 2632 dederas
1391 2595 1452 2630 uni
1483 2590 1536 2630 Ψ.

24 2674 29 2680 ,
96 2639 208 2683 Quod
232 2641 349 2680 dixisti
373 2644 436 2681 uni
460 2643 491 2691 f.
536 2643 642 2680 michi
668 2646 718 2680 D.
759 2643 824 2681 das
850 2644 910 2681 uni
935 2645 974 2681 in
998 2655 1076 2681 ras.
1107 2657 1155 2682 m.
1198 2646 1285 2683 mihi
1310 2645 1375 2682 des
1402 2645 1463 2681 uni
1494 2644 1536 2680 G.

94 2690 182 2779 migiti
199 2690 323 2782 ¹‘chisti
346 2695 486 2732 caelum
516 2691 635 2732 ‹12123
662 2693 745 2733 duo.
852 2695 940 2732 718.
975 2700 1053 2732 toto
1078 2697 1225 2736 numine
1251 2694 1342 2744 (F‘3)
1352 2693 1400 2732 Σ.
1449 2694 1534 2732 mai.

96 2752 138 2779 er
251 2769 261 2781 .
