1685 2954
129 56 229 87 CCIV
759 58 816 88 DE
846 59 947 112 Dm's,

127 159 168 205 6,
192 159 266 196 691
299 158 335 195 in
359 155 485 194 sabula
510 154 629 194 Attica
655 155 793 207 (Paos-
815 164 849 205 1,
866 162 930 209 24,
949 161 991 210 1)
1023 167 1062 199 et
1091 160 1249 212 Phrygia
1275 161 1344 213 (id.
1370 167 1410 213 2,
1430 166 1475 214 73
1505 168 1573 215 10,·

127 221 192 268 30,
208 221 251 266 9)
277 219 468 256 coniuncta
493 224 653 266 satyrum
679 221 747 269 pro'
772 221 898 259 Sileno
926 223 1058 272 posuit.

225 281 282 317 De
309 279 339 314 P
350 279 442 326 ico,
468 277 548 315 'deo
581 281 660 317 sine
692 284 939 321 controuersia
972 286 1143 335 proprio,
1178 286 1285 324 etiam
1313 285 1448 324 Ouidio
1473 294 1567 327 teste

126 344 164 388 3,
184 342 271 387 292,
297 339 381 375 nihil
410 345 477 384 est,
504 341 602 390 quod
629 349 824 380 annotetur
849 352 996 394 praeter
1019 346 1163 384 fabulas
1185 349 1336 393 Italicas,
1363 349 1410 386 de
1435 351 1566 399 quibus

124 407 288 437 ueterum
315 401 521 438 testimonia
547 403 647 452 apud
674 404 899 455 Hartungum
926 410 962 452 2,
991 420 1027 457 p.
1050 410 1119 444 173
1140 422 1195 459 sq.
1223 410 1387 446 inuenire
1413 412 1565 460 poteris,

122 468 159 498 et
193 461 313 498 locum
347 461 383 498 in
417 469 609 501 stemmate
640 477 765 514 regum
798 466 1034 516 Latinorum,
1071 470 1172 507 cuius
1205 472 1442 509 uetustiorem
1470 472 1565 508 Van-2

121 534 225 570 rone,
252 535 359 572 quem
386 524 499 560 secuti
526 525 684 564 Tertull.
711 526 759 565 sr.
780 531 841 577 13,
870 529 1038 567 Lactant.
1067 534 1104 579 1,
1123 535 1187 580 22,
1214 534 1365 583 August.
1389 545 1422 569 c.
1443 532 1480 569 d.
1501 535 1564 581 18,

121 584 183 633 15,
210 590 337 620 testem
365 597 437 621 non
465 586 562 624 noui.

218 645 276 682 De
301 646 428 683 Bona
453 647 558 697 dea,
586 649 660 687 Ou.
682 650 720 698 ὓ,
743 652 829 697 148,
857 651 976 690 Fauni
1001 654 1061 691 uel
1087 667 1235 704 sorore,
1262 657 1320 694 uel
1348 667 1474 704 uxore,
1501 657 1562 694 uel

117 707 206 757 filia,
232 708 399 745 disseruit
424 710 639 748 Clausenius
665 724 703 761 p.
723 714 952 753 849—852.
1002 715 1100 752 Num
1127 716 1163 753 ei
1185 717 1270 754 Kal.
1297 719 1400 755 Maiis
1424 718 1562 755 sacrifi·

118 776 238 806 catum
267 771 312 806 sit
338 782 360 807 a
385 771 532 809 flamine
557 773 762 821 Vulcanali,
787 774 926 823 pendet
951 775 986 812 id
1012 788 1035 813 a
1061 777 1133 814 fide
1158 778 1332 816 Macrobii
1357 786 1425 816 sat.
1454 783 1492 826 1,
1512 782 1562 814 12

117 831 156 868 in
181 831 372 868 reserenda
395 832 508 869 Cincii
534 835 714 871 sententia
739 841 775 871 et
802 846 847 871 ex
873 847 933 884 eo,
961 849 1046 874 num
1074 839 1245 876 credibile
1270 841 1315 876 sit
1340 840 1476 890 duplex
1502 851 1562 876 sa-

115 905 216 930 crum
248 893 340 929 deae
365 893 486 930 Maiae
521 906 565 931 eo
600 907 725 932 mense
759 895 882 934 fuisse.
942 898 1018 935 Sed
1053 905 1174 935 tamen
1209 900 1238 936 si
1264 900 1373 937 modo
1400 901 1560 938 inlibris

115 955 317 1006 pqfifiwm,
344 961 385 991 ut
410 955 542 992 ibidem
570 957 724 993 traditur
735 961 755 1004 ,“
773 957 878 994 Bona
904 957 973 995 dea
999 972 1067 1009 pro
1095 959 1181 1009 Ope
1207 960 1329 998 habita
1356 967 1425 1009 est,
1453 969 1490 999 et
1513 963 1559 1011 si,

113 1009 212 1066 qdod
239 1027 351 1065 supra
377 1017 502 1066 posui,
530 1025 651 1055 terrae
677 1026 794 1056 motus
823 1019 868 1056 ad
895 1021 1047 1057 eandem
1075 1022 1347 1071 pertinuerunt,
1373 1023 1559 1060 Vulcanus

113 1083 214 1115 certe
232 1078 278 1114 ab
297 1078 364 1115 hac
390 1090 445 1126 re,
471 1081 684 1129 praesertim
711 1082 746 1117 in
768 1082 946 1118 Auentino
972 1090 1110 1131 monte,
1138 1083 1198 1119 ubi
1224 1083 1317 1120 filius
1344 1084 1420 1121 eius
1438 1085 1558 1121 Cacus

113 1139 356 1188 habitauerat‚
384 1152 456 1177 non
482 1147 537 1178 est
561 1142 711 1180 alienus.
764 1143 842 1179 Alia
867 1150 922 1180 est
947 1143 1140 1181 difficultas
1167 1145 1203 1182 in
1231 1145 1445 1194 explicando
1472 1148 1558 1183 Da-

111 1202 209 1238 miac
235 1202 402 1249 nomine,
439 1202 537 1252 quod
565 1211 867 1241 commemoratur
893 1216 914 1241 a
940 1205 1055 1242 Paulo
1081 1206 1245 1242 Diacono
1271 1218 1309 1255 p.
1324 1207 1387 1254 68,
1407 1209 1431 1243 8
1457 1214 1495 1244 et
1519 1208 1557 1245 in

110 1262 249 1301 Placidi
275 1263 400 1313 glossis
427 1277 464 1313 p.
482 1265 572 1312 451,
599 1265 696 1314 quod
720 1266 805 1316 quia
831 1267 878 1302 ab
900 1266 1089 1315 Hartungo
1109 1274 1146 1304 et
1165 1268 1358 1304 Clausenio
1381 1281 1453 1304 non
1473 1269 1557 1318 pul·

111 1324 287 1362 cherrime
313 1337 335 1362 a
360 1324 474 1362 dwma
499 1333 563 1362 aut
589 1326 692 1364 lama
717 1329 910 1378 repetitum
937 1335 1006 1375 est,
1031 1328 1118 1365 inde
1143 1328 1198 1376 fit,
1225 1334 1266 1365 ut
1294 1328 1387 1366 adeo
1412 1335 1557 1379 satege-

110 1386 157 1424 rit
183 1386 398 1423 Clausenius
427 1387 462 1423 in
497 1387 605 1425 rebus
637 1388 886 1426 diuersissimis
921 1389 1165 1426 conciliandis.
1217 1389 1314 1427 Nam
1346 1391 1556 1428 uaticinatio

109 1454 148 1485 et
173 1449 317 1485 castitas
343 1455 380 1485 et
404 1448 560 1485 solitudo
587 1460 608 1486 a
635 1451 831 1487 ninolentia
857 1457 895 1488 et
921 1452 1064 1488 licentia
1096 1451 1294 1488 abhorrent
1319 1460 1356 1488 et
1382 1452 1451 1490 das
1480 1455 1556 1490 Go-

106 1510 278 1548 heimniss
297 1510 360 1548 dor
376 1510 695 1548 Liebessehnsucm
719 1514 758 1548 in
778 1511 839 1549 der
855 1513 1118 1561 unwissenden,
1145 1512 1296 1549 schemm
1320 1512 1395 1550 und
1420 1516 1555 1551 trotzi-

105 1583 172 1620 93¹¹
198 1571 522 1620 Itenyfrdiulichkeit
551 1574 586 1610 in
620 1573 744 1610 fabula
770 1575 910 1611 Milesia
937 1575 1118 1612 efficacius
1147 1582 1217 1620 est,
1243 1586 1352 1624 quam
1378 1575 1414 1612 in
1441 1587 1555 1625 quae-

107 1634 226 1670 stione
251 1636 497 1684 grammatica.
551 1634 775 1672 Crediderim
809 1635 844 1672 in
882 1641 1043 1672 ueterem
1072 1636 1163 1673 deae
1189 1636 1318 1672 Bonae
1342 1635 1555 1684 religionem

106 1696 229 1732 nescio
253 1695 340 1745 quid
366 1696 454 1732 ritus
480 1696 587 1733 alieni
613 1705 836 1746 penetrasse.
889 1697 1106 1733 Plutarchus
1133 1698 1240 1735 Caes.
1267 1709 1299 1733 c.
1320 1698 1363 1733 9:
1394 1690 1482 1740 Ἒςι
1508 1693 1555 1734 δὲ

98 1750 314 1805 ιΡωμαιόις
331 1753 443 1804 θεός,
469 1757 600 1807 inquit,
627 1752 677 1805 ἢν
699 1752 880 1807 Ἀγαθὴν
906 1752 1188 1806 ὀνομάζουσιν,
1214 1752 1348 1806 ὥσπερ
1364 1752 1556 1808 ’Έλληνες

104 1817 364 1867 Γυναικείαν,
391 1827 429 1856 et
453 1818 660 1856 Macrobius
686 1820 710 1856 l.
738 1819 834 1856 ind.:
871 1822 971 1857 Haec
996 1820 1095 1869 apud
1124 1822 1283 1858 Graecos
1305 1814 1330 1868 ἧ
1358 1816 1457 1865 θεὸς
1481 1832 1555 1871 yv-

103 1879 260 1920 ναικειά
286 1881 428 1918 dicitur.
469 1881 515 1917 Hi
533 1880 666 1918 Graeci
691 1889 824 1918 suntne
844 1882 933 1917 Iuba
954 1888 991 1919 et
1011 1882 1204 1931 Dionysius
1227 1888 1265 1919 et
1289 1881 1325 1918 id
1346 1893 1461 1931 genus
1479 1883 1553 1931 alii,

105 1945 167 1994 qui
201 1944 247 1980 de
281 1943 555 1992 antiquitatibus
587 1943 745 1979 romanis
781 1944 1027 1992 scripserunt,
1064 1955 1110 1980 an
1144 1944 1205 1994 qui
1240 1943 1313 1980 tale
1348 1955 1480 1980 numen
1514 1945 1552 1982 in

104 2007 177 2043 suis
204 2006 408 2042 ciuitatibus
429 2005 619 2041 coluerunt
631 2003 650 2041 '3
676 2005 761 2041 Non
782 2005 910 2041 mirum
936 2005 1047 2052 soret,
1073 2006 1103 2042 si
1129 2005 1255 2042 ltaliae
1281 2004 1458 2042 inferioris
1484 2006 1551 2042 ali-

102 2080 175 2117 qua
209 2067 334 2116 religio
369 2066 494 2115 ignota
528 2065 647 2102 adhuc
681 2073 787 2104 esset.
842 2066 1044 2114 Hesychius
1070 2072 1270 2103 annotante
1298 2066 1476 2103 Mu‘ellero
1501 2065 1548 2102 ad

102 2129 257 2166 Paulum
282 2128 391 2164 tradit
416 2135 467 2165 to.
497 2132 531 2172 1,
557 2141 595 2177 p.
610 2130 685 2165 883
712 2129 813 2164 Alb.:
850 2123 1032 2176 Δάμεια,
1060 2122 1183 2176 ἑορτὴ
1207 2123 1317 2174 παρὰ
1346 2125 1549 2174 Ταραντί-

100 2203 198 2234 νοις.
250 2191 448 2227 Pausanias
476 2194 535 2234 10,
560 2193 608 2225 10
627 2190 714 2226 ἧψε
756 2184 952 2237 Τάραντα
978 2188 1023 2227 δὲ
1051 2186 1121 2227 τὸν
1148 2183 1264 2237 ἥρωα
1290 2182 1550 2232 Ποσειδῶνός

100 2263 203 2302 φασι
231 2249 297 2288 καὶ
327 2248 542 2301 ἐπιχωρίας
567 2246 730 2300 νύμφης
756 2249 882 2288 παῖδα
903 2245 1013 2289 εἷναι.
1054 2252 1111 2287 Ex
1124 2250 1236 2287 schol.
1253 2249 1419 2287 Leidens.
1435 2250 1548 2300 Hein-

99 2316 175 2352 sius
201 2314 248 2351 ad
274 2315 376 2363 virg.
403 2326 460 2363 ge.
486 2318 524 2361 2,
543 2315 615 2350 197
643 2313 733 2350 haec
759 2320 908 2350 enotat:
944 2314 1090 2358 Saturi]
1119 2311 1217 2348 locus
1247 2312 1417 2358 Tarenti,
1445 2323 1548 2359 quem

103 2376 249 2414 Caclius
275 2378 312 2412 in
339 2377 463 2424 quinto
490 2375 581 2412 libro
614 2374 850 2412 historiarum
886 2373 972 2411 dicit
1006 2385 1131 2409 nomen
1159 2374 1332 2421 accepisse
1357 2384 1381 2408 α
1407 2373 1548 2409 Satura

100 2438 241 2489 puella,
277 2450 387 2486 qnam
414 2439 607 2486 Neptunus
632 2439 852 2486 compressit.
907 2436 983 2471 Fac
1016 2447 1103 2483 ergo
1130 2434 1299 2481 Sat-yram
1333 2432 1442 2469 fuisse
1469 2433 1504 2468 T
1506 2446 1546 2469 a-

100 2502 322 2538 rentinorum
348 2496 576 2547 γυναικείαν
602 2494 722 2546 thou,
758 2500 875 2548 ipsum
911 2509 1042 2534 nomen
1078 2506 1185 2544 quam
1213 2494 1318 2530 facile
1344 2495 1547 2544 comparari

101 2562 261 2612 potuerit
287 2573 368 2596 com
396 2560 523 2596 Fauna
539 2560 674 2606 Fatua,
703 2566 816 2608 patet.
862 2559 918 2595 Ea
944 2559 1022 2608 ipsa
1048 2557 1179 2603 Satyra
1205 2556 1240 2592 iu
1268 2555 1424 2592 confinio
1451 2555 1562 2598 Latii,

99 2631 136 2662 et
163 2622 385 2672 Campaniae
411 2628 714 2659 commemoratur
740 2633 763 2657 a
791 2619 938 2670 Virgilio
966 2621 1055 2657 Aen.
1083 2620 1121 2666 7,
1141 2620 1235 2656 801:
1276 2619 1355 2664 Qua
1386 2619 1547 2655 Saturne
