1685 2954
769 101 922 133 CERTIS
1454 104 1571 137 CXCV

121 204 260 244 ciorum
289 202 386 242 idem
410 200 599 241 discrimen
624 199 755 238 dixerit
779 205 926 238 sanctus
942 199 1180 254 declamator,
1204 209 1315 256 atquo
1339 205 1572 256 propriorum

119 274 158 306 et
184 266 440 308 communium,
466 276 539 314 quo
565 263 681 301 omnis
706 263 895 300 numinum
923 275 1155 302 romanorum
1180 266 1375 305 multitudo
1400 279 1570 318 compre·-

120 327 320 367 henditur‘l
346 324 478 364 deinde
503 336 663 375 quonam
690 324 800 362 modo
826 324 1022 363 docuerunt
1047 337 1134 364 arae
1159 328 1263 365 istam
1289 329 1571 379 appellationem

120 391 157 429 in
185 404 251 429 usu
277 385 412 427 fuisse?
446 393 632 437 postremo
665 386 753 437 quid
785 386 856 424 hoc
882 392 937 423 est
961 386 1178 436 locutionis,
1214 389 1496 430 adamantini-um
1522 390 1573 430 ad

121 453 254 501 famem
286 452 443 497 Garnae,
471 460 567 499 quae
591 449 671 499 ipsa
697 447 902 485 aduenticia
926 446 1067 485 suerit?
1106 448 1327 489 Putaueram
1354 459 1510 504 utroque
1534 454 1573 492 in

121 514 205 551 loco
231 512 387 562 singulas
412 523 495 548 aras
519 510 632 547 fuisse
659 510 728 546 isto
762 508 872 546 modo
904 508 1114 559 inscriptas,
1148 513 1453 561 quemadmodum
1486 516 1574 554 titu-

124 577 179 614 los
203 574 274 612 diis
301 572 536 623 aquatilibus,
563 570 635 609 diis
660 570 900 619 hortensibus,
925 569 1178 620 hospitalibus,
1203 574 1437 622 militaribus,
1462 589 1576 626 prae-

120 633 270 680 sidibus,
295 635 422 684 iratis,
450 646 540 685 quos
565 645 688 671 onmes
712 632 846 679 coliem,
872 632 944 670 dtis
969 645 1143 671 romanae
1167 635 1381 687 reipublicae
1404 640 1578 677 arcanis-

119 708 187 747 que
211 695 314 734 urbis
338 696 543 747 praesidiis,
569 694 809 740 salutaribus,
834 694 1040 743 salutiferis
1066 696 1203 734 dicatos
1230 697 1442 748 suppeditat
1466 698 1578 738 index

120 758 329 797 Orellianus
354 764 407 799 to.
425 762 464 807 2,
491 771 530 809 p.
545 758 636 796 496.
689 758 849 795 Carnam
875 758 1098 808 appellatam
1126 764 1249 796 narrat
1271 759 1481 799 Macrobius
1505 768 1575 801 sat.

120 823 159 869 1,
187 823 247 865 12,
273 832 313 870 p.
331 822 403 857 173
431 820 517 870 quia
548 819 717 856 uitalibus
741 819 907 856 humanis
942 820 1100 869 praesit,
1134 820 1293 858 iecinora
1325 826 1364 858 et
1396 821 1508 860 corda
1538 829 1578 862 et

121 882 262 919 uiscera
287 882 390 919 salua
417 890 624 930 conseruet,
649 881 789 931 templo
816 885 960 917 auctam
987 892 1010 916 a
1032 880 1150 918 Bruto
1177 888 1262 931 post
1286 889 1432 922 exactos
1454 896 1577 936 reges,

120 944 260 994 quippe
295 944 446 981 cordato
481 942 640 980 homine.
692 941 840 990 Duplex
865 941 1060 990 originatio
1091 954 1178 979 num
1204 944 1380 982 Varronis
1412 957 1493 984 esse
1518 947 1578 985 ui-

121 1006 275 1054 deatur,
308 1005 443 1042 inutilis
470 1003 567 1040 soret
592 1003 769 1053 quaesti0.
810 1003 971 1040 Grauius
999 1008 1074 1050 est,
1108 1003 1206 1053 quod
1234 1004 1391 1044 Ouidius
1417 1008 1579 1048 Carnam

121 1068 285 1118 appellat
311 1073 349 1103 et
376 1065 580 1113 Cardeam,
607 1064 654 1104 fr.
680 1066 728 1112 7,
755 1065 915 1114 explicat
942 1077 979 1102 u.
1002 1066 1072 1101 101
1090 1078 1163 1115 sq.,
1191 1068 1278 1104 127.
1329 1068 1490 1108 Dubium
1517 1072 1579 1110 uix

121 1132 189 1174 est,
217 1129 304 1178 quin
324 1127 486 1177 prudens
507 1127 622 1163 sciens
642 1125 700 1162 hic
723 1139 872 1176 quoque
894 1127 994 1177 uulgi
1015 1138 1177 1164 errorem
1194 1134 1341 1165 secutus
1366 1130 1433 1178 sit;
1461 1144 1578 1182 quae·

119 1191 210 1228 ritur
234 1196 369 1233 autem,
395 1194 516 1224 utrum
543 1187 580 1223 in
608 1198 664 1234 re,
692 1198 738 1223 an
765 1187 801 1224 in
821 1188 979 1225 nomine.
1022 1187 1193 1239 Namque
1217 1189 1296 1227 fieri
1320 1189 1490 1230 facillime
1508 1205 1578 1243 po-

120 1253 203 1300 tuit,
231 1257 272 1288 ut
299 1249 425 1287 eadem
453 1249 523 1286 dea
553 1261 625 1285 non
655 1248 765 1286 modo
793 1248 975 1296 Cardeae,
1002 1247 1068 1286 sed
1094 1250 1203 1287 etiam
1223 1250 1406 1290 Cardinae
1431 1256 1579 1295 nomine

120 1317 418 1360 consecraretur,
449 1323 494 1348 ac
527 1309 660 1347 deinde
686 1310 814 1361 populi
848 1322 913 1348 ore
947 1311 986 1347 in
1013 1311 1175 1349 Carnam
1201 1313 1328 1351 abiret.
1382 1315 1483 1354 Nihil
1508 1317 1579 1356 hac

119 1382 225 1427 parte
251 1374 399 1411 definio.
453 1373 591 1410 Verum
626 1384 708 1409 cum
743 1385 780 1409 u.
810 1374 884 1409 107
919 1372 1019 1423 quod
1051 1373 1164 1423 uulgo
1194 1374 1407 1427 legebatur,
1436 1379 1580 1418 Cranen

121 1436 180 1475 uel
210 1438 362 1475 Gramm
388 1434 512 1472 dixere
537 1436 699 1484 priores,
727 1434 764 1471 id
791 1440 984 1484 acceptum
1010 1440 1068 1472 est
1092 1448 1160 1485 pro
1186 1435 1296 1474 docta
1321 1439 1578 1482 obseruatione

121 1501 168 1537 ab
194 1499 270 1536 aliis
297 1504 334 1536 et
362 1498 553 1546 Hartungo
581 1499 620 1544 2,
649 1509 688 1546 p.
709 1498 808 1545 228,
840 1507 974 1545 magna
999 1496 1091 1533 haec
1116 1504 1172 1535 est
1196 1499 1419 1550 simplicitas.
1471 1504 1579 1544 Solet

126 1560 282 1599 Ouidius
319 1559 474 1596 maiores
506 1559 763 1608 interponere,
800 1558 942 1609 quoties
974 1558 1062 1608 quid
1095 1572 1169 1597 non
1203 1561 1395 1601 inuenuste
1421 1565 1487 1603 sibi
1513 1579 1578 1604 ex-

123 1623 337 1672 cogitauisse
368 1621 468 1657 uisus
499 1625 572 1656 est:
608 1619 691 1657 uide
718 1624 758 1668 1,
786 1623 880 1669 1033
907 1624 946 1668 2,
973 1621 1070 1669 5983
1097 1623 1137 1670 4,
1164 1625 1251 1661 329.
1304 1624 1356 1662 Vt
1388 1626 1425 1664 in
1451 1627 1576 1675 Flora,

123 1696 296 1734 graecum
323 1681 470 1732 aliquod
496 1693 628 1718 nomen
655 1682 920 1731 requirebatur,
948 1683 1047 1732 quod
1065 1683 1112 1720 ad
1139 1697 1329 1723 romanum
1355 1694 1392 1725 et
1413 1688 1578 1729 fabulam

125 1744 336 1796 quadraret.
389 1737 589 1792 Κρανάην
622 1742 689 1779 sub
721 1755 810 1794 rupe
841 1744 953 1780 latere
986 1757 1022 1780 u.
1043 1746 1115 1783 125
1148 1759 1221 1784 non
1255 1749 1350 1786 male
1382 1752 1576 1791 conuenit:

124 1801 319 1857 Κραναὸς
344 1811 443 1843 certe
469 1810 576 1841 notus
604 1809 682 1852 est,
709 1816 776 1840 nec
801 1805 882 1841 libri
908 1805 1148 1842 aduersantur
1174 1820 1236 1844 uu.
1258 1812 1343 1855 107,
1364 1813 1449 1850 151.
1502 1814 1578 1852 Fa-

125 1870 211 1906 bula
244 1868 384 1905 desumi
417 1867 597 1917 potuisset
632 1879 654 1902 a
685 1865 921 1914 Britomarti,
952 1866 1108 1904 Pausan.
1138 1871 1176 1915 2,
1205 1871 1268 1918 30,
1302 1883 1396 1921 quae
1422 1880 1579 1915 matrem

125 1930 251 1967 habuit
277 1930 455 1976 Carmen,
484 1934 633 1965 atauum
659 1928 939 1964 Carmanoremz
975 1927 1021 1964 ad
1049 1929 1337 1970 emendationem
1364 1934 1448 1972 hinc
1470 1937 1578 1975 insti-

124 1990 299 2028 tuendam
317 1990 443 2028 deerat
461 1989 546 2027 mihi
572 1989 778 2039 exemplum
797 1990 874 2026 eius
896 1990 1162 2028 consuetudinis
1189 1992 1223 2029 in
1248 1993 1441 2046 femininis,
1468 2011 1579 2049 quam

125 2053 162 2090 in
198 2053 401 2090 masculinis
437 2053 664 2089 illustrarunt
697 2051 930 2088 Burmannus
963 2051 1010 2088 ad
1044 2051 1119 2091 Ou.
1153 2055 1192 2103 6,
1219 2056 1294 2093 235
1331 2063 1368 2095 et
1399 2060 1578 2101 Vaassen.

124 2113 308 2151 animadu.
337 2127 376 2164 p.
390 2114 477 2152 358.
526 2114 731 2152 Potuerunt
746 2104 878 2151 'tamen
903 2114 1050 2151 nomina
1075 2115 1111 2151 in
1136 2116 1260 2154 fabula
1287 2119 1434 2158 uariari.
1481 2123 1578 2160 Cae-

124 2180 242 2212 terum
268 2175 315 2213 de
351 2175 440 2213 Iano
477 2176 784 2213 narratiunculam
819 2174 918 2225 apud
944 2176 1147 2214 Varronem
1182 2191 1255 2216 non
1287 2181 1445 2220 extitisse
1478 2185 1578 2222 testis

126 2243 180 2274 est
205 2238 428 2286 Augustinus
450 2241 487 2283 7,
507 2239 552 2274 4:
581 2240 638 2274 De
662 2240 757 2275 Iano
783 2237 924 2287 quide-m
948 2249 1021 2276 non
1046 2239 1135 2277 mihi
1162 2240 1273 2287 facile
1298 2244 1487 2294 quicquam
1513 2258 1578 2284 oc-

125 2300 257 2344 currit,
290 2299 384 2348 quod
411 2299 461 2337 ad
485 2299 656 2350 probrum
679 2301 869 2350 pertineat.
921 2300 1251 2339 Grammaticorum
1279 2316 1347 2354 pro
1373 2314 1580 2346 commento

127 2358 290 2409 habebis,
317 2361 347 2396 si
367 2361 511 2410 Hygino
539 2369 602 2398 aut
622 2361 782 2410 Didymo
809 2367 873 2398 aut
897 2361 958 2399 alii
982 2363 1070 2400 satis
1096 2363 1143 2401 ad
1170 2364 1257 2402 talia
1282 2366 1416 2417 ingenii
1441 2370 1580 2409 tribue·

130 2420 197 2459 rist
224 2434 292 2472 ego
321 2421 543 2460 Ouidianum
558 2423 747 2460 ‘existima

231 2483 354 2524 Venio
389 2497 487 2521 nunc
521 2484 568 2521 ad
602 2486 719 2535 ipsum
755 2485 844 2523 illud
877 2485 1028 2522 alterum
1064 2498 1177 2536 genus
1204 2486 1354 2527 deorum
1380 2497 1578 2542 certorum,

131 2543 231 2581 cuius
256 2546 443 2596 proprium
464 2553 519 2584 est
544 2545 706 2584 fabulam
728 2547 878 2591 habere,
904 2545 968 2583 sed
994 2547 1194 2597 simplicem
1220 2562 1287 2588 nec
1312 2553 1480 2603 ambigue
1504 2560 1579 2591 tra-

131 2603 269 2652 ditam,
305 2612 382 2644 tum
414 2609 561 2645 nomina
594 2608 806 2656 aliusmodi,
841 2620 951 2659 quam
986 2608 1074 2646 deos
1105 2610 1471 2661 indigitamentorum.
1532 2615 1580 2652 Hi

130 2666 285 2704 maxime
310 2665 355 2705 et‘
372 2669 571 2707 secundum
596 2670 766 2708 Seruium
794 2669 840 2707 fr.
869 2674 891 2707 1
918 2670 985 2708 soli
1011 2670 1228 2710 dirimuntur
1252 2675 1289 2713 in
1315 2686 1517 2715 communes
1542 2682 1580 2714 et

1180 2734 1269 2775 N2
