1685 2954
597 109 697 138 mn.
728 108 970 136 ‘rem-ivs
1438 88 1517 132 125

129 215 196 256 Ne
216 219 375 266 noceat,
395 210 501 268 quod
521 222 624 250 amn.
654 222 788 263 neque
807 209 913 249 enim
936 207 1020 260 tibi,
1044 207 1222 261 Bacche,
1241 206 1434 258 nocebat,

185 274 517 332 Quod'flammas
546 278 664 318 nobis
695 278 833 317 fassus
863 288 911 316 es
940 277 1030 329 ipse
1060 282 1164 317 tuas.

131 351 226 390 Nec
257 348 361 402 quod
390 359 466 386 nos
497 345 593 398 uris,
624 346 765 385 mirum
796 344 910 384 sacis,
952 350 1064 383 ortus
1093 345 1130 383 iu
1161 344 1258 397 igne

185 416 354 465 Diceris,
384 419 426 453 et
455 413 585 466 patria
613 420 753 466 raptus
785 413 835 451 ab
866 412 962 463 igne
989 424 1123 451 manu.

131 485 203 524 Illa
229 496 308 537 ego
338 494 439 533 sum,
470 481 537 521 cui
567 488 610 520 tu
640 481 785 520 solitus
815 480 1049 532 promittere
1080 479 1250 519 caelum.
1440 478 1519 516 505

187 551 266 590 Hei
291 549 399 600 mihi,
431 561 502 601 pro
534 549 650 587 caelo
681 548 814 600 qualia
843 547 948 586 dona
979 547 1084 586 fero!

130 619 311 657 Dixerat.
349 615 513 656 audibat
542 614 622 655 iam
652 615 799 655 dudum
832 615 958 654 uerba
988 614 1196 667 querentis

186 686 320 737 Liber,
349 691 394 724 ut
426 697 449 724 a
479 690 596 737 tergo
627 683 730 722 forte
760 689 934 723 secutus
962 688 1061 723 erat.

129 751 319 804 Occupat
349 753 554 804 amplexu,
584 749 852 803 lacrimasque
882 763 954 802 pei·
983 751 1124 790 oscula
1151 750 1296 799 siccat,

184 821 252 872 Et,
281 819 429 872 pariter
458 820 562 860 caeli
590 831 747 859 summa
774 823 974 870 petamus,
1006 817 1072 858 ait.
1441 819 1520 853 510

130 888 193 927 'ru
222 887 318 927 mihi
348 889 484 927 iuncta
513 894 600 926 toro
631 885 727 926 mihi
756 884 896 924 iuncta
923 886 1126 924 uocabula
1153 895 1315 924 sumes:

186 956 295 996 Nam
322 956 394 995 tibi
420 961 602 995 mutatae
630 952 779 992 Libera
807 964 953 990 nomen
984 951 1070 990 erit.

132 1023 306 1075 Sintque
335 1029 433 1062 tuae
462 1029 600 1062 tecum
630 1019 777 1059 faciam
807 1017 1056 1058 monimenta
1083 1030 1273 1070 coronae,

187 1089 400 1130 Volcanus
428 1089 581 1129 Veneri
610 1100 730 1140 quam
761 1086 885 1138 dedit,
916 1086 981 1125 illa
1012 1086 1095 1125 tibi.

130 1156 252 1198 Dicta
282 1156 396 1209 facit,
424 1168 693 1210 gemmasque
723 1166 853 1194 nouos
884 1153 1145 1194 transformat
1171 1153 1214 1192 in
1242 1153 1383 1207 ignes:
1442 1156 1522 1193 515

184 1224 323 1264 Aurea
350 1237 423 1276 per
451 1224 597 1264 stellas
624 1235 733 1263 nunc
762 1223 890 1263 micat
919 1222 986 1262 illa
1014 1233 1174 1261 nouem.

76 1382 663 1432 MNPHAEbfmma.sec.r
679 1386 932 1421 310122033
944 1386 989 1420 41
1017 1386 1169 1432 triyinta
1188 1382 1274 1429 ἄπιος
1305 1381 1440 1421 Ψαιατ.
1451 1394 1524 1420 scr.

75 1436 138 1473 Me
164 1443 242 1473 tuat
268 1443 304 1472 et
330 1435 441 1473 laedit
466 1448 485 1472 s
512 1435 620 1472 alius.
667 1436 728 1471 Me
755 1442 817 1471 tua
845 1448 903 1472 me
930 1435 1039 1471 laedit
1072 1432 1144 1484 ‘Pp
1159 1435 1208 1470 40
1232 1434 1410 1479 andedum
1438 1432 1525 1470 ΕΦ

75 1488 360 1535 Νο9ιιαικεον.
402 1486 463 1522 Me
489 1493 553 1522 tua
577 1499 635 1522 me
663 1486 749 1534 legit
774 1498 881 1522 unus.
922 1486 983 1522 Me
1009 1486 1108 1521 iuuat
1134 1498 1192 1521 me
1218 1485 1329 1521 laedit
1351 1486 1427 1532 09.
1463 1485 1525 1521 Me

74 1538 175 1573 iuuat
199 1537 263 1573 sed
289 1537 383 1573 laed.
411 1534 633 1574 Λιιαικεον.
671 1537 732 1572 Me
758 1543 820 1572 tua
848 1537 994 1583 (Mutua
1024 1528 1253 1580 Bam-‚sciui
1290 1547 1349 1572 me
1375 1535 1525 1571 laudant

80 1589 115 1624 B
131 1587 283 1623 secundo
303 1587 379 1624 loco
398 1590 638 1636 Zeimm.pr.;
664 1585 703 1622 Γ
714 1599 878 1624 κακκεον.
919 1587 979 1623 Me
1006 1594 1068 1622 tua
1096 1599 1154 1622 me
1180 1585 1303 1622 laudat
1328 1583 1525 1633 quatuor&

78 1650 103 1687 p
121 1649 201 1674 aar.
216 1649 288 1674 scr.
328 1637 388 1673 Me
415 1645 477 1673 tua
493 1640 567 1683 *sed
595 1638 706 1674 laedit
729 1637 856 1686 reliqui
872 1640 998 1686 scripti
1016 1642 1050 1673 et
1071 1636 1150 1673 edd.
1171 1641 1260 1682 πῶς
1293 1633 1433 1673 GMH
1443 1648 1525 1673 nar.

80 1699 151 1724 scr.
192 1687 301 1723 laedit
329 1689 393 1722 iste
415 1690 446 1723 B
464 1686 579 1735 primo
596 1688 684 1724 loco.
725 1688 836 1724 laedit
863 1689 940 1737 ipse
959 1689 1046 1724 Ν5.
1086 1687 1236 1723 laudant
1262 1687 1321 1722 ilia
1339 1698 1525 1735 mmmpr.

80 1737 273 1787 pudendus
299 1745 376 1774 erat
405 1740 437 1773 B
457 1749 524 1774 sec.
544 1737 618 1774 loco
641 1739 669 1774 G
686 1750 719 1774 m
739 1750 813 1774 ma.
833 1751 908 1786 pr.;
934 1750 1053 1787 puar.
1068 1750 1138 1774 scr.
1186 1738 1377 1786 pudendus
1405 1743 1464 1772 eat
1494 1738 1527 1772 B

78 1799 246 1825 uun-eor.
350 1789 437 1823 501.
465 1787 544 1822 Nec
570 1800 651 1824 noc.
679 1785 950 1835 FNffffbyma.
963 1800 1021 1836 pr.
1035 1800 1054 1824 r
1071 1793 1158 1823 tres.
1185 1799 1266 1823 amo
1294 1798 1360 1822 nec
1385 1784 1529 1823 EAN

84 1836 248 1886 Obey
277 1838 343 1875 alii
370 1842 404 1873 et
428 1842 514 1873 uctt.
543 1837 596 1873 ed.
638 1849 756 1886 neque
782 1850 851 1875 om.
880 1850 910 1874 r.
950 1850 1032 1874 amo
1058 1850 1105 1874 ne
1131 1838 1215 1887 quid
1244 1838 1305 1873 tibi
1331 1834 1389 1874 Π.
1431 1838 1527 1874 enim

78 1888 149 1925 hoc
175 1889 239 1924 tibi
261 1890 298 1926 C.
340 1887 453 1924 bache
473 1889 552 1924 mei.
591 1889 733 1924 nocebit
750 1890 938 1937 Emmpr.
953 1901 983 1925 s.
1086 1889 1173 1924 502.
1203 1888 1274 1931 Qui
1300 1887 1435 1924 flamm.
1459 1889 1526 1925 Gs.

80 1938 192 1983 Quod
220 1940 320 1975 nobis
343 1939 505 1975 flammas
531 1937 625 1975 DA
643 1938 751 1986 aliuq.
853 1941 939 1975 503.
967 1938 1051 1976 Non
1080 1939 1177 1987 quod
1197 1941 1244 1977 P.
1284 1940 1353 1974 urit
1368 1937 1430 1976 A.
1467 1951 1528 1975 or-

79 1997 137 2026 tus
164 1990 211 2025 ab
237 1987 378 2026 Huar.
396 2001 465 2025 scr.
569 1990 654 2026 505.
686 1989 769 2025 Non
796 2001 863 2036 ego
879 1988 941 2025 A.
1045 1991 1131 2027 506.
1160 1989 1204 2025 Ei
1232 1988 1314 2024 mihi
1334 1987 1526 2037 (michiD)

78 2038 620 2086 ABDFGber893536.
660 2040 742 2075 Heu
770 2040 855 2075 mihi
888 2037 938 2076 Ψ.
978 2040 1058 2076 Vae
1083 2039 1167 2075 mihi
1193 2051 1395 2089 pannuscr-
1436 2052 1528 2089 qua-

80 2091 130 2126 lia
156 2090 288 2126 damna
317 2090 398 2127 duo.
507 2091 593 2126 507.
625 2090 708 2125 Dix.
736 2090 900 2126 audierat
924 2089 1009 2127 libri
1032 2094 1184 2139 praeter,
1211 2102 1300 2139 quos
1324 2101 1466 2139 sequor,
1492 2090 1530 2126 A

84 2141 202 2178 GZm
217 2153 354 2190 mcr..pr.
369 2143 415 2176 33
429 2141 490 2178 43.
535 2141 646 2176 uerba
674 2141 706 2176 Ιο
737 2141 850 2177 uentis
870 2138 920 2178 Γ.
1022 2143 1109 2177 508.
1137 2140 1249 2176 Liber
1274 2148 1311 2177 et
1337 2152 1358 2176 a
1383 2138 1528 2178 EAm.

129 2192 218 2227 509.
247 2190 367 2240 Ocup.
389 2192 435 2227 G.
471 2191 675 2239 amplexum
692 2152 745 2227 ᾗ.
779 2192 954 2239 lacrymas
975 2203 1085 2240 super
1101 2203 1174 2227 osc.
1198 2188 1249 2227 Ψ.
1352 2190 1440 2230 511.
1466 2191 1530 2227 Tu

81 2240 192 2278 modo
224 2238 277 2279 (D.
323 2242 458 2287 uincta,
485 2242 606 2277 uincta
638 2242 676 2278 G.
716 2241 810 2278 thor.
837 2243 917 2278 mei.
961 2242 1066 2277 thoro
1093 2249 1132 2278 tu
1157 2242 1281 2278 iuncta
1304 2244 1353 2278 D.
1401 2242 1528 2278 uocab.

78 2292 190 2328 sumis
218 2294 270 2336 B;
301 2293 509 2328 Guar.scr.
540 2292 688 2328 vocab.
716 2304 817 2328 sume
848 2289 945 2328 ‘fio
962 2297 1034 2329 tres
1052 2291 1128 2328 alii.
1241 2293 1328 2328 512.
1359 2291 1434 2328 Iam
1466 2292 1531 2329 tibi

79 2339 305 2391 Tpmwpr.
328 2353 405 2378 sex.
448 2342 511 2377 tibi
537 2349 675 2378 mutata
707 2345 749 2378 B.
793 2348 932 2379 mutare
958 2342 990 2379 b,
1093 2343 1179 2378 513.
1216 2349 1301 2378 tuae
1327 2355 1467 2379 mecum
1494 2340 1533 2378 Σ

80 2403 117 2437 83
139 2404 336 2440 9uar.scr.
389 2400 620 2429 monumenta
646 2389 686 2428 Γ
694 2390 712 2428 ‘3
728 2390 772 2428 b?
791 2393 856 2429 aliz
876 2390 1028 2429 Heinsss
1057 2392 1177 2429 Gloss.
1193 2395 1250 2429 D:
1276 2394 1361 2442 quia
1386 2405 1531 2443 semper

80 2450 225 2479 maneat
245 2444 419 2479 memoria
438 2443 489 2478 tui
511 2450 546 2478 et
564 2455 720 2479 coronae
742 2451 838 2479 tuae.
942 2444 1030 2479 514.
1056 2442 1250 2492 Neptunus
1268 2443 1394 2480 thetidi
1419 2456 1531 2493 quam

86 2488 137 2528 Ψ.
181 2493 241 2529 ina
265 2493 349 2535 mihi
375 2495 410 2529 E
430 2497 463 2529 et
484 2495 631 2530 Μύαν.
653 2505 724 2530 scr.
756 2495 858 2530 Vers.
887 2505 957 2531 om.
983 2506 1019 2530 m
1038 2506 1113 2529 ma.
1131 2505 1188 2542 pr.
1305 2495 1393 2530 515.
1430 2506 1531 2542 gem-

81 2552 229 2591 masque
253 2556 366 2580 nouas
398 2542 431 2580 b.
490 2555 722 2592 gemmasque
756 2556 888 2580 nouem
925 2543 1065 2593 reliqui.
1118 2556 1252 2580 nouem
1284 2557 1379 2581 mars
1414 2546 1531 2593 signat

81 2591 118 2626 in
144 2595 203 2628 11.
253 2593 288 2630 in
321 2594 441 2643 ignem
469 2592 501 2631 b.
622 2595 709 2631 516.
745 2595 868 2632 Aurea
902 2602 985 2644 post
1017 2593 1140 2631 stellas
1176 2595 1216 2632 G.
1269 2596 1332 2633 ina
1365 2594 1459 2633 diem
1493 2606 1531 2631 m

81 2653 154 2679 ma.
168 2653 224 2690 pr.
