1685 2954
638 76 738 105 mn.
770 75 982 106 ssx'rvs
1453 62 1537 106 293

142 176 346 218 Sustinuit
375 181 515 217 tantas
543 187 710 228 operum
741 177 981 217 subuertere
1012 176 1142 216 moles

196 245 360 296 Totque
389 255 489 283 suas
518 242 640 283 heres
668 243 840 296 perdere
871 244 1030 285 Caesar
1057 255 1172 295 opes.
1449 246 1528 282 640

140 312 212 352 Sic
240 309 376 364 agitur
404 321 579 349 censura
608 316 650 349 et
679 311 742 351 sic
771 311 958 363 exempla
986 316 1190 363 parantur,

194 379 299 419 Cum
330 375 481 417 uindex
510 376 612 417 alios
638 378 746 430 quod
776 382 928 430 monet,
956 378 1047 431 ipse
1076 378 1185 419 facit.

138 513 262 554 Nulla
290 515 388 551 nota
417 515 483 550 est
511 511 703 551 ueniente
733 512 810 564 die,
841 524 962 565 quam
992 511 1152 554 discere
1181 513 1330 565 possis.

191 578 328 618 Idibus
355 575 510 618 inuicto
539 585 635 619 sunt
663 580 761 620 data
791 579 942 632 templa
968 580 1070 619 Ioui.

133 648 190 687 Et
217 646 297 686 iam
328 643 609 698 Quinquatrus
636 645 779 687 iubeor
805 660 967 687 narrare
993 645 1189 688 minores:
1443 650 1523 688 645

190 715 314 754 Nunc
342 712 444 753 ades
474 726 497 752 o
527 714 700 767 coeptis,
730 714 840 755 flaua
866 715 1070 767 Minerua,
1097 716 1212 755 meis.

134 781 218 824 Cur
245 792 382 835 uagus
410 779 563 821 incedit
591 787 679 822 tota
708 781 859 823 tibicen
887 782 927 821 in
954 783 1067 834 urbe,

190 848 298 899 Quid
326 847 404 888 sibi
431 861 645 901 personae,
675 850 770 903 quid
800 856 902 903 toga
930 850 1055 904 longa
1084 847 1258 891 uolunt?

132 917 206 958 Sic
235 928 327 969 ego.
368 916 432 956 sie
460 916 596 968 posita
625 916 808 957 Tritonia
834 916 1008 969 cuspide
1037 916 1161 957 dixit:

185 983 360 1022 Possem
386 983 540 1023 utinam
571 984 721 1024 doctae
749 984 877 1024 uerba
906 984 1054 1024 referre
1085 985 1210 1024 deae:
1441 987 1521 1024 650

133 1048 402 1102 Temporibus
434 1055 618 1090 ueterum
650 1052 829 1092 tibicinis
857 1064 960 1092 usus
987 1064 1154 1092 auorum

185 1118 369 1170 Magnus
398 1123 441 1157 et
469 1118 510 1157 in
540 1130 690 1172 magno
720 1130 884 1172 semper
909 1119 1062 1160 honore
1090 1119 1179 1160 fuit.

128 1184 334 1225 Cantabat
362 1184 482 1237 fanis,
513 1186 709 1226 cantabat
737 1186 837 1226 tibia
864 1185 985 1238 ludis,

185 1250 393 1291 Cantabat
419 1253 594 1292 maestis
623 1252 723 1291 tibia
751 1252 970 1292 funeribus.

128 1319 271 1360 Dulcis
299 1324 387 1359 erat
415 1318 605 1358 mercede
634 1319 756 1359 labor.
800 1326 1046 1373 tempusque
1076 1323 1279 1370 secutum,
1437 1323 1515 1359 655

123 1477 210 1513 639.
238 1475 391 1512 Instituit
409 1472 465 1512 Π.
503 1475 579 1512 Sed
597 1475 715 1511 timuit
736 1481 828 1512 tant.
850 1477 1050 1511 Euan-ver.
1091 1486 1152 1522 op.
1171 1473 1383 1510 submittere
1407 1485 1516 1512 unus.

122 1529 209 1563 640.
238 1531 355 1574 Atque
372 1529 431 1562 M.
535 1527 621 1562 641.
649 1525 711 1561 Sic
738 1536 889 1562 censura
918 1525 1036 1573 agitur
1058 1524 1096 1561 (7.
1138 1526 1239 1560 Inter
1263 1523 1357 1561 hunc
1381 1528 1415 1560 et
1439 1536 1513 1573 seq.

75 1588 219 1613 uersum
244 1577 281 1611 ὶη
308 1578 342 1612 Ε
365 1578 639 1624 interponuntur
663 1575 770 1613 haec:
796 1574 820 1612 1'
839 1575 985 1612 Scilicet
1011 1574 1182 1623 exemplis
1209 1574 1336 1611 melius
1362 1586 1514 1612 censura

72 1628 250 1676 probatur
276 1637 320 1662 .1.
348 1638 475 1674 appro.
578 1628 664 1662 642.
693 1629 769 1671 Ita,
795 1625 940 1672 uindex,
971 1626 1090 1662 GZm
1101 1628 1149 1660 22
1174 1629 1258 1661 tres.
1295 1623 1404 1661 iudex
1430 1637 1514 1663 cae-

73 1679 152 1714 teri.
190 1676 277 1712 alios
303 1682 507 1712 commonet
528 1674 575 1714 Σ.
677 1678 764 1712 643.
789 1676 900 1711 Nulla
926 1687 1027 1711 mora
1053 1680 1108 1711 est
1131 1687 1200 1722 τηρ
1215 1673 1289 1711 duo
1304 1679 1337 1711 et
1353 1676 1439 1712 uett.
1457 1675 1512 1713 ed.

72 1727 131 1763 die
157 1738 228 1776 qua
260 1723 389 1762 Φιιαν.
403 1737 472 1762 scr.
487 1731 567 1763 test.
579 1728 702 1763 Heius.
743 1726 801 1762 die
827 1726 912 1774 quin
939 1725 1010 1762 duo
1025 1729 1059 1761 et
1070 1729 1159 1761 πιθα.
1171 1723 1225 1761 ed.
1258 1727 1332 1768 Ita,
1359 1725 1512 1770 discere,

73 1780 116 1813 N
128 1780 162 1814 Τ
185 1776 266 1813 dieo.
310 1775 443 1812 ducere
474 1777 503 1813 G
511 1780 600 1813 EM
607 1779 642 1812 P
665 1776 796 1820 decenn
822 1787 944 1824 φασιν.
962 1787 1033 1811 scr.
1078 1774 1198 1810 dicere
1225 1776 1366 1812 caeteri.
1413 1776 1511 1825 posis

74 1830 194 1865 Ema.
205 1838 260 1875 pr.
300 1827 432 1875 possim
460 1829 506 1863 Z.
550 1827 730 1874 „possum
756 1827 827 1862 imo
854 1826 965 1873 possit
975 1825 999 1839 ’⁹
1025 1837 1062 1860 m
1078 1823 1142 1860 sub
1154 1836 1232 1861 ras.
1273 1837 1398 1874 posses
1422 1830 1510 1863 tres.

121 1878 208 1913 645.
236 1877 468 1925 quinquatres
497 1879 529 1912 B
544 1878 612 1913 GD
627 1879 818 1912 Ema.rec.
835 1872 1238 1924 GQJMNPHAqs
1262 1877 1392 1923 uiginti
1416 1888 1511 1913 amus

71 1931 105 1964 et
123 1932 208 1964 ttett.
229 1926 283 1963 ed.
321 1927 556 1976 quinquatriis
583 1930 617 1964 E
628 1938 768 1977 mmpr.
786 1925 860 1970 (uel
872 1925 989 1962 simile
1001 1924 1102 1973 quid)
1110 1939 1121 1970 3
1153 1926 1180 1962 G
1196 1937 1278 1961 nar.
1294 1937 1365 1962 scr.
1402 1926 1509 1975 quin-

73 1978 232 2027 quatrios
260 1979 295 2013 E
312 1989 384 2013 ma.
403 1989 472 2013 sec.
492 1974 539 2013 Σ.
588 1976 831 2026 quinquadras
864 1973 914 2012 Ψ.
963 1979 1199 2024 quinquatros
1223 1974 1324 2011 AT
1343 1978 1508 2024 quinque.

71 2027 317 2077 quinquatreis
344 2027 376 2063 b.
419 2028 523 2073 Quod
546 2029 659 2074 recepi
684 2038 757 2064 non
780 2028 852 2062 nisi
880 2025 1038 2075 Fefmp
1065 2030 1206 2062 constat
1230 2024 1408 2063 habuisse.
1452 2027 1508 2062 iu-

71 2078 140 2115 beo
168 2090 199 2114 s.
241 2089 337 2113 narr.
365 2079 503 2125 priores
532 2080 702 2114 FMPs.
744 2089 842 2112 narr.
868 2076 1010 2112 furores
1036 2074 1097 2112 A.
1200 2077 1286 2112 646.
1314 2076 1422 2112 Nunc
1447 2076 1508 2112 sa-

73 2140 159 2164 ueas
186 2128 321 2176 caeptis
352 2130 396 2164 Τ.
436 2128 521 2164 ades
548 2128 698 2176 inceptis
726 2129 822 2163 1³23.
926 2128 1014 2162 648.
1041 2125 1125 2174 quid
1149 2126 1244 2176 stola
1277 2123 1505 2174 GHma.pr.

72 2178 395 2214 Zm22252941.
436 2185 521 2227 toga
548 2178 647 2225 larga
682 2175 732 2214 Ψ.
773 2178 881 2225 longa
904 2177 994 2213 uelit
1018 2174 1124 2213 NH.
1164 2177 1271 2225 longa
1295 2177 1409 2213 uelint
1438 2179 1482 2213 Τ.

121 2230 205 2265 649.
236 2227 385 2263 titonida
415 2226 468 2265 «D.
571 2230 658 2265 650.
683 2227 820 2263 Possim
846 2240 881 2263 m
908 2229 1072 2275 quinque.
1120 2227 1216 2263 Pace
1243 2227 1349 2262 uelim
1375 2226 1506 2262 doctae

71 2278 132 2313 34.
176 2278 323 2314 Possem
350 2290 445 2314 nunc
471 2285 599 2328 pactae
629 2281 672 2314 Τ.
723 2278 857 2313 utinam
883 2283 1014 2326 pactae
1043 2280 1307 2324 BDEma.pr.
1324 2274 1510 2314 GMPff‘

71 2325 109 2363 Σ
116 2327 225 2377 lif-113
241 2326 500 2377 ᾶῑιοᾶειιὶρὶηιὶς
534 2330 562 2365 G
570 2330 691 2365 Fuar.
703 2340 774 2364 scr.
814 2329 948 2364 utinam
967 2328 1120 2377 placitae
1139 2329 1180 2363 F.
1223 2328 1358 2363 utinam
1384 2332 1505 2364 tantae

71 2377 120 2414 A
135 2381 198 2416 35.
245 2384 283 2414 ut
311 2386 429 2414 castae
455 2391 571 2423 unns3
598 2381 646 2415 M
663 2390 744 2415 nar.
762 2389 833 2414 scr.
883 2385 935 2413 ut.
964 2390 1115 2427 magnae
1139 2388 1248 2413 unus.
1296 2383 1348 2413 ut.
1375 2389 1503 2427 pacem

71 2439 178 2466 tinus.
221 2435 271 2464 ut.
298 2440 388 2477 pace
415 2428 499 2466 duo.
603 2429 689 2466 651.
718 2429 812 2465 tibic.
840 2440 947 2464 ausus
974 2431 1018 2464 E.
1068 2440 1151 2464 usus
1178 2439 1341 2464 amorum
1366 2426 1428 2464 A.

122 2479 207 2514 652.
232 2478 354 2527 Magn.
382 2492 463 2515 cum
491 2488 610 2529 magn.
638 2478 668 2515 b.
773 2479 860 2515 653.
889 2479 1095 2515 Cantabant
1124 2482 1183 2514 ll.
1285 2478 1371 2515 655.
1397 2489 1505 2514 secu-

73 2533 148 2563 tum
175 2527 390 2623 (fsequuturn
418 2531 474 2575 E)
500 2537 561 2576 ,est
587 2525 1418 2578 BEFGma.sec.Q>AMNPHAEbep
1443 2528 1504 2564 ui-

68 2579 161 2626 qimi
203 2589 270 2616 ere.
1458 2580 1462 2583 ’
