1685 2954
79 98 280 128 LXXXVIII
606 97 794 127 lemvs
823 99 1003 128 FxoVLvs

82 203 167 234 sunt
191 197 292 235 initio
317 196 494 234 lemmatis
520 196 629 247 longe
655 209 678 235 a
702 195 861 248 uulgatis
886 197 1111 245 recedentia,
1136 196 1200 235 sed
1225 196 1366 234 inutilia
1383 203 1528 247 praeter

81 257 173 295 haee
197 265 402 309 postrema:
440 258 620 295 Phrixeum
654 264 774 296 autem
807 259 988 310 perlatum
1018 260 1166 299 Colchos
1198 260 1275 296 eius
1307 261 1432 296 arietis
1454 261 1527 297 im-

81 319 238 357 molasse
271 319 464 369 pellemque
497 321 574 356 eius
602 332 753 358 auream
785 322 860 358 ioui
894 333 1073 362 sacrasse.
1107 321 1186 359 ideo
1219 332 1298 357 eum
1330 331 1457 369 parere
1487 325 1530 358 nt

83 379 272 417 heraoides
305 380 399 429 φιοὰ
430 380 591 430 deposito
624 381 753 419 uellere
788 394 898 420 aureo
930 385 972 420 in
1005 383 1141 420 caelum
1173 385 1222 419 sit
1252 386 1425 432 receptus.
1488 381 1530 418 In

84 439 250 477 Piscibus
275 452 313 489 p.
329 442 377 476 62
396 440 441 477 Β.
477 441 660 491 Rutgersii
696 443 954 480 correctionem
987 445 1102 481 sancit
1127 444 1254 481 codex.
1306 443 1347 479 In
1373 441 1532 491 Aquario

85 513 124 550 p.
143 502 194 537 68
217 500 262 538 Β.
289 502 422 538 omittit
448 502 668 553 interpolata
693 517 714 541 a
740 505 879 552 Siculo,
906 516 1013 552 quem
1042 505 1152 542 Aldus
1178 505 1362 555 sequitur,
1387 502 1534 539 librario

86 562 200 597 uerba
228 561 336 599 baec:
365 564 404 599 in
432 569 552 601 monte
577 565 710 610 Aetna,
738 567 799 614 qui
824 570 877 602 est
902 565 1102 603 altissimus
1124 568 1163 603 in
1188 566 1329 604 Sicilia.
1383 563 1536 601 Videtur

85 622 196 659 etiam
217 624 426 673 amplificari
444 624 579 674 Nigidii
601 627 859 671 testimonium,
887 638 968 662 cum
996 627 1045 662 ita
1070 634 1264 676 pergatur:
1290 626 1348 663 Ab
1375 626 1537 673 antiquis

88 682 230 731 quidem
255 684 325 721 dici
351 685 548 723 aristheum
575 687 746 736 apollinis
771 685 902 733 filium.
941 687 981 722 lu
1009 687 1234 737 Capricorno
1262 688 1419 724 narratio
1447 687 1536 722 ube-

88 744 164 780 rior
189 744 322 781 codicis
348 745 432 785 Par.
459 748 642 784 emendari
669 746 934 796 propemodum
970 753 1112 796 potest:
1136 739 1321 796 'Niyidius
1346 747 1388 784 de
1413 747 1537 795 capri-

89 817 197 842 corno
224 808 276 843 sic
302 806 425 854 refert,
453 808 650 844 immortali
676 807 809 844 honore
835 807 1009 844 donatum
1034 809 1128 856 quod
1155 810 1242 858 [leg.
1272 812 1355 857 quo]
1381 811 1421 845 in
1445 812 1538 844 tem-

88 878 175 915 pore
199 867 303 916 phico
328 869 367 905 in
391 873 509 906 monte
537 872 661 906 Tauro
693 869 897 918 speluncam
930 868 1076 906 haberet
1108 874 1142 906 et
1168 871 1372 918 Aegyptum
1402 869 1538 906 incole-

89 933 156 965 ret.
195 930 419 966 immortales
437 929 656 967 conhibuisse
674 929 759 966 dum
778 931 918 980 possint
947 929 1032 979 [leg.
1062 930 1249 967 consilium
1269 930 1437 967 habuisse
1453 941 1541 967 num

91 991 251 1036 possent]
280 992 312 1026 ei
336 989 519 1028 obsistere.
566 1004 646 1028 cum
672 993 724 1028 eis
742 991 936 1030 ‘consilium
960 991 1131 1040 panderet
1160 992 1201 1037 [1.
1230 994 1311 1028 Ρατι
1338 991 1480 1039 daret],
1507 992 1563 1028 si-

91 1060 203 1097 neque
239 1054 358 1087 terras
389 1051 585 1100 relinquere
609 1052 759 1100 uellent,
790 1065 901 1102 neque
933 1053 1094 1103 phitonis
1123 1055 1347 1090 immanitati
1378 1055 1544 1090 resistere

91 1113 234 1160 possint
269 1112 308 1156 [l.
337 1115 523 1161 possent]‚
558 1114 757 1150 inconsulte
785 1113 832 1160 [3]
868 1113 1009 1163 figuras
1042 1117 1273 1152 immutarent
1306 1117 1343 1151 in
1376 1117 1543 1163 quamuis

93 1172 243 1217 uellent,
279 1186 342 1209 seu
368 1174 501 1211 bestius
533 1187 597 1211 seu
628 1175 809 1213 uolucrem
833 1178 965 1225 piscem
991 1176 1156 1226 pecudem
1183 1176 1274 1220 [uid.
1303 1175 1422 1221 Ald.],
1458 1175 1543 1213 dum

94 1237 235 1284 tempus
261 1234 310 1271 ad
334 1235 574 1272 ulciscendum
607 1248 646 1272 se
680 1237 888 1274 ostenderet.
930 1249 1084 1286 namque
1109 1242 1237 1274 terras.
1252 1237 1448 1286 relinquere
1471 1249 1544 1274 non

96 1294 180 1332 dari
215 1300 429 1345 potestatem
460 1298 721 1334 immortalium
757 1299 842 1348 [leg.
869 1298 1030 1346 -libus]‚
1066 1297 1238 1347 confiyere
1273 1299 1312 1343 [1.
1349 1298 1542 1344 considere]

98 1361 219 1393 autem
245 1369 326 1394 cum
355 1357 544 1394 sceleribus
576 1361 653 1396 eius
685 1359 870 1408 indiynum
902 1359 1047 1396 deorum
1073 1363 1276 1409 potestatis.
1318 1360 1380 1397 sed
1403 1362 1546 1397 ratione

98 1418 230 1466 impios
255 1420 360 1468 poeni
386 1419 573 1468 splendore
590 1420 704 1457 diuini
721 1420 860 1457 consilii
880 1421 918 1465 [1.
942 1432 1079 1469 poenas
1094 1421 1245 1471 pendere
1264 1420 1398 1458 diuinis
1415 1423 1544 1466 cons.].

98 1480 230 1528 Itaque
254 1481 464 1518 inmortales
488 1484 638 1518 mutatis
663 1480 791 1529 βψω-ξε
815 1483 947 1530 ignotis
974 1481 1014 1525 [l.
1041 1485 1114 1527 -ti]
1141 1482 1299 1531 tiphonis
1323 1487 1407 1519 ante
1426 1482 1547 1520 oculos

100 1539 220 1578 crebro
244 1541 495 1586 versabantur,
521 1542 615 1578 unde
640 1542 755 1579 adhuc
780 1543 915 1579 multas
940 1542 1073 1580 bestias
1093 1555 1159 1592 pro
1181 1543 1251 1580 diis
1269 1543 1460 1580 obseruant
1485 1557 1546 1582 co-

101 1600 248 1651 luntque
272 1603 452 1653 Aegyptii.
513 1607 569 1641 Εο
594 1603 727 1653 typhon
754 1606 916 1642 contuenit
943 1609 977 1640 et
1002 1607 1176 1641 neminem
1203 1605 1349 1642 deorum
1376 1604 1426 1642 ibi
1450 1606 1548 1644 uidet

101 1661 293 1701 aduersari
317 1665 480 1713 sibimet,
506 1678 664 1703 uacuam
687 1670 824 1703 terram
854 1668 1020 1714 co9nouit
1045 1665 1323 1703 dominantibus.
1374 1666 1549 1704 Arbitra-

102 1727 163 1760 tus
188 1723 272 1762 deos
303 1738 341 1763 se
373 1729 509 1764 ueritos
542 1727 657 1774 fuisse
685 1732 831 1776 propter
862 1732 994 1763 metum
1020 1726 1274 1764 dominabatur
1308 1733 1342 1765 et
1374 1730 1550 1778 inperitum

104 1784 146 1829 [1.
174 1786 369 1834 inparatus
395 1788 458 1832 ad]
495 1787 667 1834 fortunae
691 1791 904 1824 uarietatem
930 1792 963 1823 et
987 1789 1136 1836 periculi
1160 1791 1334 1827 instantis
1363 1792 1549 1838 maynitu-

104 1845 236 1885 dinem.
288 1849 389 1885 Nam
414 1853 498 1897 post
522 1851 666 1886 XVIII
689 1848 778 1895 dies,
803 1853 845 1885 ut
871 1848 1013 1893 dicitur,
1040 1850 1227 1887 consilium
1254 1849 1293 1895 [Ι.
1321 1851 1418 1897 -lioJ
1444 1848 1550 1889 deum

105 1909 289 1955 repentino
316 1909 361 1945 ab
396 1909 453 1946 his
484 1910 695 1960 discerptus.
744 1909 785 1947 ob
817 1909 857 1947 id
889 1910 1029 1957 factum
1061 1910 1231 1960 hodieque
1262 1924 1353 1961 quae
1380 1912 1484 1958 Μελ]
1511 1915 1552 1951 in.

106 1968 270 2018 Aegypto
296 1970 362 2008 hos
386 1971 461 2008 dies
481 1974 622 2008 XVIII
642 1970 757 2017 festos
780 1977 970 2020 perpetuos
994 1971 1196 2021 quodannis
1219 1975 1464 2011 institurrwnt.
1504 1978 1551 2013 In

107 2029 235 2077 quibus
261 2030 382 2068 diebus
407 2034 440 2068 si
467 2032 583 2081 [quid]
611 2034 799 2080 nascitur,
832 2033 989 2082 amplius
1020 2046 1130 2083 quam,
1161 2046 1222 2072 eos
1247 2035 1322 2073 dies
1342 2041 1420 2086 'witon
1443 2038 1549 2073 uiuit.

107 2090 250 2137 leton
281 2091 497 2139 interficitur
530 2095 569 2130 in
606 2094 735 2143 templo
760 2095 913 2143 Aeyypti
938 2094 1123 2144 Memphi,
1157 2095 1218 2132 ubi
1244 2108 1321 2134 mos
1350 2095 1424 2143 fuit
1459 2097 1551 2136 solio

106 2153 205 2200 reyio
237 2152 400 2191 decorari
433 2166 554 2203 reges,
590 2157 652 2204 qui
682 2167 794 2204 reyna
826 2158 961 2192 ineunt.
1003 2155 1051 2192 ibi
1082 2158 1175 2192 enim
1209 2159 1324 2194 sacris
1357 2160 1552 2197 initiantur

108 2214 265 2260 primuni
290 2219 331 2251 ut
357 2215 488 2253 dicitur
511 2218 606 2253 satis
628 2216 791 2264 religiose
815 2219 1013 2254 tunicatum
1033 2215 1081 2262 [ἲ]
1100 2222 1208 2255 tauro
1230 2231 1330 2267 quem
1355 2221 1454 2268 apim
1480 2233 1553 2270 ap-

110 2273 248 2321 pellant
281 2277 404 2324 iuyum
438 2282 587 2328 portare
621 2289 724 2326 quem
758 2278 862 2315 deum
896 2281 1095 2316 maximum
1131 2279 1298 2328 Aeyyptii
1329 2283 1552 2332 existimant.

115 2336 164 2371 Vt
189 2347 335 2385 cumque
366 2350 479 2375 unum
508 2337 553 2387 [ἶέ]
580 2339 809 2388 perducentes
842 2345 884 2377 ut
917 2339 1038 2377 labore
1070 2341 1177 2388 periti
1201 2342 1450 2380 existimentur
1481 2343 1553 2380 hu-

111 2407 246 2433 manae
270 2402 494 2438 necessitatis
517 2405 558 2437 ut
586 2400 624 2445 [Ι.
651 2403 707 2446 ne]
736 2401 912 2438 crudelius
938 2413 1029 2450 quae
1054 2400 1119 2437 sub
1150 2403 1202 2438 eis
1235 2407 1320 2439 sunt
1352 2409 1553 2453 aeriputan-

113 2461 175 2494 tur
194 2457 486 2507 [arbitrentur-22}
530 2462 764 2500 Deduc-untur
789 2475 812 2500 a
837 2462 1020 2500 sacerdote
1035 2462 1171 2499 Eisidis
1195 2465 1234 2500 in
1259 2463 1373 2501 locum
1399 2468 1460 2514 qui
1485 2477 1552 2504 no-

115 2522 216 2556 tatur
243 2520 371 2567 admos-
394 2529 427 2560 et
449 2523 679 2561 iureiurando
706 2523 902 2572 adiguntur
926 2536 1036 2573 neque
1067 2536 1218 2561 mensem
1243 2537 1352 2575 neque
1376 2526 1466 2564 diem
1491 2529 1552 2566 iu-

114 2581 362 2620 tercalandnm
393 2587 558 2622 iurarent
592 2598 693 2635 quem
727 2587 764 2622 in
791 2583 854 2634 [Ρὲ]
890 2585 1024 2632 festum
1057 2585 1147 2623 diem
1183 2588 1456 2636 irnnmtaWros,
1491 2588 1555 2626 sed

120 2642 327 2682 GGGLXV
346 2651 569 2696 peracturos,
594 2650 688 2687 sicut
712 2649 916 2687 institutum
941 2649 998 2686 ita
1022 2646 1068 2686 ab
1093 2650 1264 2699 antiquis.
1301 2648 1424 2688 deinde
1448 2650 1554 2689 aliter
