1685 2954
593 94 811 126 COLLATVS
840 94 990 127 ovxmo
1392 97 1513 130 xcvn

67 199 137 236 13:
163 196 273 235 credo
298 204 418 235 tamen
439 207 483 232 ex
503 193 636 233 Ouidio
662 194 933 246 interpolatum,
961 202 1002 235 ut
1021 196 1128 236 etiam
1146 197 1332 249 p.63‚11,
1347 202 1395 237 12
1419 199 1510 239 haec

65 259 200 296 uerba:
228 258 322 308 quod
345 262 379 295 et
404 256 586 294 camillum
611 255 790 304 dicebant,
815 269 910 306 quae
929 258 1108 296 Muellero
1134 271 1281 311 quoque
1304 260 1509 311 displicent,

64 333 110 358 ex
137 320 211 359 On.
239 322 278 368 4,
292 321 387 364 779,
413 325 450 355 et
475 331 512 368 p.
533 320 619 365 103,
636 319 685 353 14
710 317 889 355 Iunonale
914 331 1046 356 nomen
1074 332 1118 358 ex
1143 324 1180 368 6,
1199 323 1261 360 63.
1286 343 1336 350 -
1369 323 1444 361 Ou.
1471 326 1509 373 4,

64 384 136 420 761
165 396 221 432 sq.
260 383 337 418 Nec
363 379 559 426 Dryadas,
591 390 657 415 nec
681 390 749 416 nos
773 379 963 417 uideamus
988 380 1094 418 labra
1123 385 1291 431 Dianae,
1316 396 1380 422 nee
1407 388 1510 423 Fau-

63 457 161 481 num.
199 444 298 480 Fest.
321 454 360 491 p.
377 443 463 489 193,
479 442 523 477 5:
555 442 699 478 Cincius
724 452 831 489 quom
855 442 919 489 qui
946 440 1009 479 ‹leo
1035 441 1162 492 deeque
1187 444 1372 491 obstiterit,
1398 446 1437 484 id
1457 452 1512 485 est

63 508 125 556 qui
149 504 288 548 uiderit,
314 502 410 552 quod
432 502 548 539 uideri
573 501 681 548 nefas
705 507 809 539 esset.
854 502 961 541 Paul.
987 516 1025 553 p.
1042 507 1129 553 187,
1151 509 1220 543 11:
1253 506 1513 547 Oblucuuiasse

62 567 317 614 (oblucimasse
335 577 367 601 c.
385 562 450 610 B.)
478 562 641 601 (licebant
660 565 800 613 antiqui
820 568 936 601 mente
954 577 1108 615 errasse,
1134 570 1242 616 quasi
1264 570 1303 604 -ἱη
1328 569 1407 607 luco
1426 570 1512 609 ‹leo-

60 641 142 667 rum
168 627 280 665 alicui
304 627 514 664 occurrisse.
539 647 590 652 —
616 624 690 663 Ou.
715 625 802 664 ibid.
830 639 865 663 u.
883 628 981 664 763:
1006 627 1104 665 Pelle
1126 629 1253 678 procul
1274 629 1417 667 morbos
1441 638 1512 669 etc.

59 691 161 727 Fest.
188 701 226 739 p.
247 690 338 735 210,
361 691 431 724 22:
463 699 569 736 quom
597 686 751 725 elicitur:
783 688 947 726 Auen-tas
971 689 1151 735 morbum,
1183 695 1351 736 mortem,
1382 691 1512 739 labem,

59 751 239 795 nebulam,
263 751 516 798 iinpetiyinem.
539 770 588 778 —
615 748 690 787 On.
707 751 746 796 4,
759 751 855 786 780:
882 752 964 788 Lac
989 752 1133 787 niueum
1150 757 1251 801 potes
1268 765 1513 802 pumat-ream·

60 825 127 863 que
157 825 302 863 sapam.
343 811 449 847 Paul.
467 824 506 861 p.
524 812 588 859 56,
608 815 675 849 12:
707 812 915 849 Burranica
938 813 1037 860 potio
1062 813 1269 862 appellatur
1296 813 1390 852 lacte
1413 818 1514 853 :nir-

59 879 137 911 tum
154 886 262 923 sapa,
285 886 310 910 a
330 873 416 919 rufo
437 873 564 918 colore,
590 884 693 921 quem
713 872 861 910 bzwrum
884 878 1032 911 uocant.
1052 895 1103 902 —
1128 873 1203 911 Ou.
1230 876 1270 922 4,
1287 877 1384 912 843:
1410 881 1515 916 rutro

65 936 163 973 Gezer
187 939 339 984 occupat
366 947 510 974 ausum.
549 934 654 973 Paul.
676 947 714 983 Ρ.
727 934 852 982 55,2:
881 946 906 971 a
926 934 1055 982 Celere,
1079 934 1307 981 interfectore
1331 940 1514 976 Remi.—

61 997 136 1036 Ou.
161 998 199 1045 4,
220 999 312 1034 936:
351 998 561 1045 Turpiaque
594 995 786 1043 obscenae,
820 995 997 1041 uidimus,
1032 1001 1122 1033 exta
1156 999 1260 1035 canis
1291 1005 1361 1037 etc.
1413 1001 1514 1039 Fest.

60 1073 99 1110 p.
117 1059 265 1107 285,31
282 1058 374 1095 sin.:
400 1058 554 1095 Rutilae
579 1069 697 1102 canes,
723 1056 762 1094 td
779 1061 832 1093 est
857 1069 929 1094 non
949 1056 1076 1106 procul
1102 1070 1128 1095 a
1151 1057 1260 1097 rubro
1287 1061 1414 1107 colore,
1439 1064 1513 1101 im-

60 1121 265 1164 ariolantur,
298 1123 340 1156 ut
367 1121 422 1156 ait
446 1119 576 1156 Ateius
605 1119 761 1168 Capito,
787 1120 935 1156 canario
961 1117 1142 1166 sacrificio
1168 1133 1235 1170 pro
1260 1121 1429 1171 frugibus
1454 1123 1515 1161 de-

58 1181 262 1234 precandae
283 1182 461 1218 saeuitiae
478 1193 594 1218 causa
611 1180 742 1218 sideris
764 1179 962 1217 caniculae.
1006 1180 1086 1218 Csr.
1103 1179 1210 1219 Paul.
1228 1195 1266 1232 p.
1282 1184 1346 1232 45,
1359 1186 1385 1220 7
1397 1198 1452 1235 sq,
1467 1205 1518 1214 -.

61 1243 136 1282 Ou.
158 1243 197 1292 5,
217 1244 312 1280 229:
340 1245 454 1279 Mars
479 1255 627 1292 quoque,
652 1244 686 1280 si
709 1244 837 1286 nescis,
863 1254 927 1290 per
951 1245 1103 1279 nostras
1125 1242 1243 1280 editus
1264 1250 1374 1282 artes.
1409 1246 1516 1285 Paul.

60 1318 100 1357 p.
118 1307 182 1353 97,
203 1307 250 1341 8:
287 1303 498 1349 (Gradiuus
522 1306 652 1352 Mars)
679 1309 720 1341 ut
749 1303 816 1341 alii
843 1303 987 1348 dicunt,
1021 1305 1107 1352 φιὶα
1131 1306 1296 1353 yramine
1325 1308 1374 1343 sit
1400 1312 1518 1357 ortus,

61 1366 156 1417 quod
183 1365 274 1414 (del.
304 1379 336 1403 c.
363 1366 429 1413 B.)
460 1369 763 1417 interpretantm·‚
800 1368 888 1415 quia
914 1377 1047 1403 corona
1074 1371 1143 1405 etc.
1169 1386 1218 1394 --
1258 1366 1331 1404 Ou.
1361 1369 1399 1416 6,
1429 1371 1517 1418 139,

62 1432 159 1467 141:
193 1431 262 1466 Est
287 1428 362 1466 illis
387 1428 560 1478 strigibus
585 1440 713 1466 nomen
739 1449 789 1458 -
813 1440 876 1465 seu
903 1430 1062 1465 carmine
1085 1427 1199 1476 fiunt,
1235 1431 1454 1480 Naeniaque
1479 1433 1519 1468 in

60 1491 225 1529 uolucres
247 1493 387 1527 stlat-sa
417 1489 556 1539 βψω-αι
589 1503 696 1528 anus.
748 1491 850 1526 Fest.
877 1502 914 1539 p.
933 1492 1021 1538 314,
1043 1493 1090 1526 33
1118 1492 1205 1527 sin.:
1244 1492 1440 1542 Stri[9e·m,
1478 1498 1520 1532 ut

61 1555 117 1590 ait
144 1551 311 1601 Vei-ripas
342 1554 478 1589 Graeci
503 1555 630 1599 syrnia
658 1551 862 1603 ap[pellant
890 1579 900 1588 .
930 1578 940 1588 .
969 1579 979 1588 .
1008 1552 1033 1601 .]
1063 1553 1157 1602 quod
1182 1553 1357 1602 maleficis
1390 1555 1520 1593 mulie-

61 1613 164 1652 ribus
196 1625 326 1651 ‘nomen
360 1614 515 1651 inditum
549 1619 625 1663 est,
661 1627 755 1664 quas
779 1614 958 1651 uolaticas
982 1615 1092 1652 etiam
1117 1620 1265 1653 uocant.
1293 1637 1343 1644 —
1378 1616 1452 1654 Ou.
1481 1620 1521 1666 6,

63 1677 160 1712 206:
192 1678 257 1712 Est
282 1675 333 1712 ibi
356 1687 430 1713 non
454 1687 594 1726 paruae
618 1688 741 1726 parua
770 1675 936 1714 columna
962 1681 1072 1713 notae
1097 1682 1134 1714 et
1150 1690 1230 1727 sqq.
1269 1677 1374 1715 Paul.
1400 1692 1436 1729 p.
1456 1683 1521 1727 33,

63 1738 109 1773 7:
133 1757 186 1767 —-
217 1741 301 1773 ante
327 1739 429 1773 euius
455 1737 627 1786 templum
661 1743 741 1775 erat
772 1738 982 1782 columella«,
1019 1751 1111 1786 (piae
1144 1738 1272 1776 bellica
1301 1740 1520 1789 uocabatur,

64 1809 174 1847 super
199 1809 309 1846 quam
332 1797 481 1834 hastam
504 1798 696 1846 iaciebant,
723 1811 832 1848 quum
854 1800 982 1837 bellum
1003 1798 1236 1836 indicebatur.
1277 1802 1379 1838 Haec
1399 1803 1522 1839 omnia

64 1872 139 1897 non
165 1860 218 1896 ita
243 1867 328 1896 sunt
354 1865 577 1908 comparata,
604 1866 644 1895 ut
665 1859 818 1896 Ouidius
845 1872 941 1910 quae
959 1860 1144 1896 Verrianis
1169 1861 1297 1898 similia
1323 1862 1447 1911 habet,
1474 1864 1521 1900 ab

65 1922 127 1959 illo
153 1921 325 1958 habuisse
350 1920 497 1967 debeat,
526 1932 607 1964 cum
635 1921 815 1970 quaedam
843 1921 941 1972 apud
968 1922 1185 1958 uetustiores
1211 1922 1340 1959 Verrio
1367 1925 1521 1974 scripto-

64 1994 124 2020 res
148 1983 308 2019 extitisse
341 1983 420 2032 ipse
447 1981 578 2018 Festus
613 1989 650 2018 et
675 1982 812 2020 Paulus
839 1984 1110 2020 annotauerint.
1162 1984 1219 2021 De
1245 1985 1353 2022 rebus
1380 1987 1521 2036 priscis,

65 2044 175 2082 sacris
202 2043 440 2093 praesertim,
475 2049 512 2079 et
537 2042 584 2080 de
610 2044 806 2081 uerborum
831 2045 1092 2094 significatione
1116 2046 1338 2095 scripserunt
1362 2048 1520 2097 plurimi.

64 2105 124 2143 De
157 2110 316 2154 utroque
350 2110 565 2153 argumento
598 2104 734 2142 Santra
768 2112 808 2143 et
831 2107 1024 2143 Veranius.
1072 2106 1230 2144 Santrae
1263 2110 1524 2157 antiquitatum

65 2167 147 2205 libri
166 2167 372 2216 allegantur
397 2165 444 2201 ab
471 2166 633 2216 interpp.
655 2167 741 2203 Maii
764 2168 811 2204 ad
831 2168 932 2218 Virg.
951 2168 1042 2205 Aen.
1062 2171 1101 2215 2,
1124 2170 1218 2205 171:
1245 2169 1336 2205 liber
1354 2170 1429 2206 eius
1449 2175 1523 2206 ter-

65 2230 135 2267 tius
161 2229 204 2266 de
229 2229 447 2276 antiquitate
469 2226 658 2265 uerbormn
685 2229 731 2265 ab
759 2228 883 2266 iisdem
911 2228 958 2265 ad
987 2229 1026 2277 5,
1048 2229 1108 2266 95.
1163 2229 1271 2279 Apud
1298 2230 1457 2267 Gellium
1484 2233 1524 2279 6,

66 2291 116 2328 15
142 2304 224 2328 cum
250 2289 463 2339 aequalibus
490 2289 592 2326 Aelio
619 2290 761 2327 Stilone
787 2296 825 2327 et
850 2291 975 2328 Cincio
1010 2291 1180 2341 componi
1216 2291 1379 2328 uidetur:
1413 2305 1524 2342 quam

68 2353 276 2404 opinionem
303 2350 494 2387 confirmat
519 2351 786 2400 Hieronymus,
813 2351 841 2388 is
868 2352 969 2401 ipse,
996 2353 1058 2402 qui
1083 2353 1249 2390 Suetonii
1273 2353 1372 2390 libris
1397 2353 1444 2391 de
1470 2353 1523 2390 ill.

58 2426 220 2464 gramm.
248 2413 427 2462 excerptis
446 2412 644 2451 Eusebium
672 2414 820 2451 ditauit:
847 2413 1018 2450 Santram
1045 2415 1137 2450 inter
1157 2414 1360 2452 Varronem
1387 2420 1425 2452 et
1445 2415 1524 2452 Ne—

69 2481 194 2525 potem
229 2474 390 2511 nominat
425 2473 544 2524 praef.
573 2473 620 2511 de
645 2474 771 2524 script.
798 2475 926 2512 eccles.
955 2487 986 2512 c.
1012 2479 1046 2511 1.
1101 2476 1214 2511 Huius
1249 2476 1320 2512 loci
1351 2476 1522 2512 indicium

71 2535 140 2572 Ad.
164 2536 371 2584 Lozynskio
406 2542 595 2585 acceptum
632 2536 767 2573 refero.
827 2536 1006 2573 Veranius
1039 2535 1264 2586 pontificales
1299 2539 1524 2586 quaestiones

73 2596 212 2646 scripsit
237 2603 330 2634 teste
357 2597 522 2635 Macrob.
553 2597 625 2635 sat.
651 2600 690 2645 3,
716 2597 757 2647 5,
784 2610 822 2647 p.
840 2599 928 2644 394,
955 2598 1092 2648 aliquot
1117 2597 1230 2647 libris,
1256 2598 1285 2635 si
1310 2597 1407 2635 forte
1432 2598 1524 2634 alter

73 2655 246 2694 Macrobii
271 2658 372 2695 locus
391 2662 430 2708 3,
444 2660 481 2705 6,
506 2671 546 2710 Ρ.
566 2660 641 2697 398
666 2659 715 2697 ita
739 2659 976 2709 corrigendus
1002 2660 1066 2705 sit:
1094 2660 1167 2698 Sed
1197 2661 1380 2698 Veranius
1401 2660 1524 2709 ponti-

125 2728 186 2762 Ou.
204 2729 296 2763 Fasti.
314 2730 434 2770 Proleg.
1170 2722 1207 2758 G
1477 2718 1480 2721 Ι
