1685 2954
173 103 256 149 234
726 121 1047 155 misr-unvai

229 217 412 260 Venerat
439 218 608 262 Alcides
635 221 838 264 exhausta
865 229 982 276 parte
1009 225 1200 280 laborum,

283 288 482 339 Iussaque
510 287 720 330 restabant
746 291 888 331 ultima
914 304 1021 345 pene
1050 291 1146 334 uiro.

228 353 350 393 Stare
377 352 497 394 simul
525 367 626 396 casu
654 357 800 399 Troiae
829 358 908 399 duo
939 359 1026 399 fata
1051 360 1234 403 uideres:

281 421 388 461 Hinc
418 434 516 473 puer
541 423 763 477 Aeacides,
790 426 886 467 hinc
914 427 1013 467 Ioue
1040 434 1161 469 natus
1190 436 1287 470 erat.
1527 439 1605 475 390

227 489 391 541 Excipit
419 489 596 543 hospitio
625 489 814 533 iuuenem
843 494 1070 548 Philyreius
1103 496 1237 550 heros,

279 556 335 595 Et
362 568 528 596 causam
558 557 760 600 aduentus
787 561 854 601 hic
882 568 1014 616 rogat,
1042 564 1109 603 ille
1138 564 1270 605 docet.

223 624 424 676 Perspicit
448 624 602 664 interea
625 626 783 667 clauam
811 630 1064 681 spoliumque
1089 627 1231 683 leonis,

276 691 445 743 Virque,
472 692 541 744 ait,
571 692 634 732 his
663 695 786 734 armis
814 707 1005 747 armaque
1034 695 1158 748 digna
1186 697 1284 736 uiro.

221 758 316 799 Nec
344 770 404 809 se,
434 759 529 811 quin
560 759 729 800 horrens
756 761 956 802 auderent
984 769 1157 816 tangere
1187 764 1292 804 setis
1526 772 1602 808 395

274 825 432 877 Vellus,
459 826 672 866 Achilleae
702 829 939 876 continuere
970 842 1124 870 manus.

216 893 403 946 Dumque
432 904 562 932 senex
591 899 743 935 tractat
773 896 1003 949 squalentia
1033 898 1116 937 tela
1145 899 1329 951 uenenis,

274 960 441 1000 Excidit
470 966 514 1000 et
544 961 662 1001 laeuo
691 962 775 1003 fixa
804 964 962 1017 sagitta
992 964 1099 1018 pede
1126 970 1205 1005 est.

218 1025 423 1081 Ingemuit
447 1028 611 1081 Chiron,
642 1029 846 1083 traxitque
875 1045 899 1071 e
929 1045 1099 1086 corpore
1128 1033 1287 1085 ferrum,

270 1096 326 1135 Et
353 1095 482 1148 gemit
506 1095 676 1138 Alcides
704 1099 1035 1154 Haemoniusque
1064 1114 1176 1153 puer.
1524 1103 1603 1142 400

218 1163 313 1216 Ipse
340 1169 477 1204 tamen
505 1165 638 1204 lectas
665 1165 898 1219 Pagasaeis
926 1167 1098 1209 collibus
1125 1168 1274 1208 herbas

273 1231 505 1283 Temperat,
535 1237 576 1272 et
602 1233 712 1273 uaria
741 1234 908 1273 uolnera
936 1235 1088 1275 mulcet
1117 1248 1206 1288 ope.

219 1298 344 1339 Virus
372 1298 480 1338 edax
508 1301 728 1352 superabat
756 1313 889 1353 opem,
917 1301 1163 1353 penitusque
1191 1307 1360 1355 recepta

273 1365 449 1407 Ossibus
477 1371 518 1407 et
547 1373 632 1407 toto
662 1380 830 1421 corpore
858 1368 991 1421 pestis
1016 1375 1116 1408 erat.

210 1479 297 1515 387.
330 1478 422 1514 Ven.
450 1478 596 1514 achilles
621 1478 702 1515 exh.
730 1477 777 1515 Γ.
829 1479 895 1515 alc.
924 1486 1050 1515 exacta
1078 1482 1112 1515 E
1128 1491 1200 1517 ma.
1219 1492 1287 1516 sec.
1304 1482 1353 1516 Μ
1363 1477 1408 1526 s?
1433 1481 1600 1530 (μιὶηφιες

166 1527 437 1566 ²I¹20uar.scr.
476 1529 639 1565 laborum
664 1531 704 1566 in
728 1541 805 1566 ras.
832 1542 880 1565 m.
922 1530 1053 1565 laboris
1079 1532 1124 1566 E.
1235 1532 1320 1566 389.
1355 1531 1460 1566 simul
1486 1533 1600 1568 troiae

161 1591 247 1617 casu
280 1576 330 1616 Ψ.
371 1590 474 1615 casus
499 1576 539 1615 Γ
549 1592 623 1616 ma.
639 1591 707 1616 sec.
746 1580 860 1616 troiae
886 1584 998 1628 νοεὶν.
1020 1579 1101 1626 syll.
1121 1581 1160 1616 in
1178 1592 1255 1617 ras.
1273 1593 1322 1620 m.
1423 1581 1511 1617 390.
1539 1593 1599 1617 ea-

160 1629 282 1666 chides
309 1626 357 1665 Γ.
397 1629 479 1666 ioue
504 1629 632 1679 'dignus
658 1633 717 1667 M.
819 1631 906 1667 391.
933 1629 1094 1679 hospicio
1120 1633 1199 1668 DE
1210 1628 1289 1667 GT
1293 1642 1329 1674 e.
1361 1630 1450 1667 Exc.
1479 1631 1601 1668 officio

160 1682 331 1729 quinque5
361 1681 390 1717 G
404 1691 486 1717 aar.
505 1692 576 1717 scr.
614 1680 795 1729 philireius
822 1683 856 1716 E
878 1682 917 1716 in
942 1692 1032 1724 ras„
1064 1682 1110 1716 G.
1149 1682 1301 1717 filireius
1322 1692 1353 1717 r.
1393 1680 1601 1730 phillereius

160 1733 196 1767 D
211 1732 254 1768 T.
295 1730 455 1780 philirius
480 1728 527 1767 Γ.
568 1730 741 1780 phillirius
771 1728 978 1767 OE²FAem
997 1735 1129 1780 septem
1155 1736 1188 1767 et
1212 1735 1298 1768 παι.
1318 1730 1372 1768 ed.
1414 1731 1601 1781 phillerius

160 1778 300 1818 NHb.
348 1781 507 1831 pillerius
534 1783 578 1818 P.
682 1784 767 1817 392.
803 1793 899 1817 caus.
928 1789 1077 1816 euentus
1101 1793 1125 1829 9
1150 1786 1235 1818 tres.
1285 1781 1369 1818 adu.
1398 1783 1539 1831 quaerit
1564 1789 1602 1819 et
1669 1808 1675 1817 .

159 1832 220 1868 ille
245 1835 331 1869 uelt.
359 1830 412 1868 ed.
452 1839 554 1880 roget
579 1831 598 1867 b
617 1844 690 1868 rna.
706 1843 760 1881 pr.
863 1833 948 1867 393.
977 1830 1156 1880 Prospicit
1181 1836 1242 1868 20.
1288 1832 1449 1881 Respicit
1473 1832 1601 1881 reliqui

159 1894 280 1920 omnes
304 1886 447 1929 praeter
470 1879 560 1918 (DN
567 1880 607 1918 Z
623 1887 655 1918 et
674 1881 763 1918 duos
785 1887 909 1918 tresue.
1013 1883 1098 1918 394.
1126 1883 1175 1918 ait
1201 1882 1257 1919 hic
1282 1894 1371 1919 arm.
1403 1884 1599 1920 GDEma.
1663 1885 1667 1892 '

156 1945 216 1982 pr.
232 1930 464 1970 GFAMO
477 1930 608 1970 ΨΔΣ
620 1932 714 1969 Tbr
732 1931 993 1980 duodeu29i71t25
1020 1934 1054 1968 P
1067 1944 1148 1969 uar.
1162 1945 1232 1970 scr.
1335 1934 1421 1971 395.
1449 1933 1600 1970 auderet

156 1981 251 2023 BA
262 1986 440 2021 ent2022
461 1983 633 2020 imdccim.
675 1990 773 2032 tang.
791 1983 885 2018 sensi
911 1982 1075 2031 bina-pr.
1180 1984 1266 2019 396.
1294 1980 1374 2020 ach‘.
1396 1984 1599 2021 sustinuere

162 2035 194 2071 0
209 2035 268 2070 14.
307 2033 387 2070 ach.
408 2035 614 2071 conticuere
631 2046 662 2070 s.
765 2035 851 2069 397.
879 2033 1046 2082 Dumque
1072 2034 1169 2070 sinus
1186 2037 1236 2070 M
1243 2046 1315 2071 ma.
1325 2046 1380 2083 pr.
1420 2034 1599 2070 sualentia

162 2086 208 2122 G.
248 2084 455 2134 squalencia
480 2087 529 2120 D.
569 2084 788 2134 squallencia
807 2081 852 2120 Γ.
893 2096 1034 2120 ueneno
1066 2085 1111 2120 G.
1214 2087 1298 2122 398.
1327 2086 1415 2120 Exc.
1442 2085 1477 2120 in
1503 2084 1596 2121 laeu-

156 2133 210 2172 A.
252 2135 356 2171 laeuo
385 2141 438 2171 est
464 2135 535 2171 fixa
561 2148 590 2171 s.
619 2134 713 2184 pede
731 2137 842 2171 Nms
861 2139 1003 2183 septem.
1110 2136 1195 2171 399.
1222 2135 1270 2170 Et
1297 2135 1431 2184 gemuit
1456 2133 1541 2171 chir.
1563 2135 1598 2170 P

155 2189 192 2230 3,
219 2185 359 2232 Dfort.
372 2184 435 2222 sub
451 2198 527 2222 ras.
566 2185 709 2222 schiron
726 2183 773 2221 Γ.
814 2185 948 2233 οΙι)τοιι
970 2198 1000 2221 c.
1045 2185 1245 2234 tracxitque
1262 2182 1309 2222 Γ.
1350 2197 1421 2234 que
1446 2196 1467 2220 a
1493 2195 1592 2232 corp.

158 2233 421 2272 OEAuett.ed.
463 2247 483 2272 e
511 2237 660 2276 uulnere
685 2235 715 2272 b.
819 2237 904 2272 400.
935 2236 1083 2284 lngernit
1101 2237 1167 2271 ale.
1195 2232 1592 2282 ²P‘meor3.subras-

154 2287 320 2336 Adgemit
343 2287 412 2323 alc.
443 2284 509 2322 ‹D‘e
534 2291 619 2323 tres.
660 2286 788 2323 alchid.
812 2284 861 2323 Γ.
897 2286 964 2322 alc.
996 2287 1258 2336 hermionisque
1284 2286 1314 2333 f.
1416 2286 1501 2320 401.
1528 2282 1596 2318 Ille

154 2344 274 2374 tamen
300 2336 348 2376 A
363 2335 410 2373 Ο.
451 2339 613 2386 pegaseis
642 2333 1074 2374 BGDFGQJFAPH
1088 2334 1173 2373 ΨΑ
1186 2337 1204 2373 b
1217 2336 1402 2385 t'9mp44
1420 2333 1469 2372 al.
1506 2344 1590 2381 pag·

153 2389 332 2424 montibus
358 2387 460 2425 herb.
481 2387 512 2424 b.
555 2387 674 2425 Gloss.
696 2391 750 2425 D:
777 2387 937 2436 Pegasus
964 2394 1017 2423 est
1044 2387 1231 2424 thessaliae
1256 2389 1291 2423 in
1317 2398 1388 2436 quo
1414 2395 1500 2432 argo
1528 2394 1592 2418 na-

155 2438 207 2473 uis
234 2450 315 2476 cesa
341 2445 406 2475 est.
436 2437 531 2475 unde
557 2439 593 2475 in
619 2450 749 2487 magno
779 2452 815 2474 ο.
844 2438 990 2486 lamque
1016 2437 1060 2473 fr.
1091 2451 1137 2474 m.
1164 2449 1318 2488 pegasea
1345 2448 1382 2484 p.
1408 2434 1565 2470 secabat.

203 2488 290 2525 402.
328 2489 474 2537 Colligit
506 2496 543 2525 et
568 2502 592 2539 p
608 2501 689 2528 aar.
711 2501 781 2526 scr.
831 2496 866 2526 et
894 2500 986 2524 tiana
1013 2487 1093 2525 libri
1118 2493 1258 2537 praeter
1283 2483 1370 2532 Ay
1395 2487 1437 2519 13
1453 2487 1499 2520 33
1526 2494 1592 2519 sex

155 2538 261 2575 alios.
305 2539 452 2575 uulnere
479 2537 533 2576 A.
634 2542 723 2576 403.
747 2551 879 2587 supera
904 2538 1065 2585 syllabae
1081 2551 1155 2575 naa.
1174 2550 1239 2574 rec.
1261 2538 1296 2573 in
1316 2547 1391 2571 rus.
1415 2537 1458 2570 E.
1499 2534 1592 2570 edax

152 2588 348 2625 frustrabat
374 2601 434 2637 ΟΡ·
463 2587 509 2628 Γ.
558 2591 742 2640 superabit
773 2589 907 2627 Ouar.
926 2602 996 2626 scr.
1044 2590 1237 2637 superabat
1273 2599 1363 2635 opus
1401 2585 1489 2624 OT.

204 2641 393 2727 4312th
422 2636 468 2676 Σ.
517 2648 593 2678 toto
620 2648 767 2692 pectore
794 2643 836 2678 N
861 2643 1023 2688 quinque.
1062 2641 1151 2675 Post
1175 2637 1268 2674 hunc
1292 2648 1386 2674 vers.
1415 2647 1476 2673 uu.
1502 2636 1591 2683 409,

153 2691 227 2726 410
300 2702 336 2727 ta
361 2694 404 2727 el.
