1685 2954
691 136 746 164 m·
777 135 950 167 ovlmvs
1478 137 1550 167 0111

101 235 234 287 pictum
261 235 342 275 trib.
367 234 442 272 mil.
469 233 520 272 aa
544 233 684 271 Alliam
712 233 908 271 aduersum
929 234 1060 273 Gallos
1083 238 1328 284 mcynaturum
1352 245 1427 271 rem
1452 234 1550 272 diui-

101 310 191 334 uam
221 296 415 335 ‹limina-mli
445 297 571 344 martia
606 295 736 342 fecisse
771 295 945 344 postridie
970 295 1061 334 Idus
1089 295 1303 343 Quinctiles:
1332 297 1420 333 item
1452 295 1550 345 apud

106 360 308 397 Cremeram
342 357 533 406 multisque
566 357 652 395 aliis
688 356 905 406 temporibus
937 363 972 394 et
1006 358 1095 395 locis
1127 363 1210 406 post
1241 356 1460 405 sacrificium
1494 357 1551 394 die

99 425 243 470 postero
276 417 491 456 celebratum
524 419 620 456 vitale
653 421 800 456 cessisse
834 418 1050 467 conflictuum
1112 418 1345 456 Manifestum
1371 423 1426 457 est
1458 418 1549 455 haec

99 483 150 518 ita
178 480 324 529 intelligi
351 481 533 529 potuisse,
568 481 618 517 uti
651 481 698 517 al)
726 479 861 518 Ouidio
895 481 1032 518 factum
1065 488 1102 518 et
1136 492 1158 517 a
1181 480 1378 518 Plutarcho
1407 485 1546 530 quaest.

98 544 170 582 Ro.
197 554 228 579 c.
249 541 321 578 25:
349 536 533 591 πότερον,
562 535 618 586 ὡς
645 537 683 579 οἳ
711 540 863 586 πλεῖςοι
890 540 1133 591 νομίζουσιν,
1160 540 1226 579 καὶ
1250 540 1406 590 Λίβιος
1431 544 1549 589 (certe

95 617 169 641 non
195 605 295 651 6,1)
332 598 478 652 ἷςορεῖ,
514 599 619 651 μετὰ
654 599 727 647 τὰς
753 601 988 649 Κυΐντιλιάς
1026 602 1157 649 εἷδοῦς
1183 624 1231 633 -
1267 597 1474 654 ἐξάγοντες
1508 598 1546 639 οἱ

92 662 294 712 χιλίαρχοι
323 660 367 700 τὸ
396 660 603 715 ςράτευμα
639 661 833 715 neplah»
853 660 1013 703 Ἀλλίαν
1041 661 1224 714 ποταμὸν
1251 660 1545 714 ἐκρατήθησαν

92 719 172 763 ini
199 725 365 764 Κελτῶν
389 721 506 777 μάχῃ
533 749 606 776 -,
640 729 696 765 cui
723 728 884 778 opinioni
910 728 968 764 hic
995 728 1149 779 posthac
1176 727 1328 777 opponit
1353 726 1448 763 diem
1476 726 1545 762 Al-

94 789 243 826 liensem
275 795 396 825 tamen
423 790 534 839 uulgo
562 803 634 827 non
662 790 786 827 haberi
812 789 1044 841 postr.1dus.
1091 791 1171 826 Hoc
1196 790 1302 839 igitur
1327 799 1545 825 annumera-

95 851 148 888 bis
171 862 282 900 supra
309 850 499 900 disputatis
534 851 581 889 de
618 859 779 890 ueterum
812 852 1063 889 historicorum
1095 850 1260 889 lectione.
1314 849 1410 887 Sunt
1435 861 1543 898 prae-

94 919 195 951 terea
221 913 289 949 alia
315 919 352 949 et
380 914 501 962 uaria,
539 926 633 964 quae
659 913 758 964 apud
786 914 953 951 Verrium
978 914 1083 950 aliter
1108 920 1219 963 atque
1244 911 1343 962 apud
1370 910 1546 948 Ouidium

91 975 250 1013 extitisse
274 981 475 1024 appareat:
513 987 584 1012 non
621 976 717 1013 leuia
744 975 918 1012 eiusmodi
945 974 1049 1023 dico,
1085 975 1205 1024 qualia
1231 980 1316 1013 sunt
1340 973 1482 1011 hostiae
1505 978 1544 1009 et

90 1036 166 1084 sori.
193 1036 309 1073 boui-ii
335 1036 590 1085 explicationes
617 1037 715 1086 apud
741 1037 895 1073 Paulum
922 1049 959 1086 p.
976 1039 1063 1085 102,
1083 1038 1127 1083 85
1152 1037 1268 1085 30‚5,
1293 1034 1368 1073 Ou.
1390 1038 1427 1082 l,
1445 1034 1543 1080 3363

88 1098 186 1136 582:
214 1109 287 1133 non
308 1097 385 1144 illa,
410 1109 505 1147 quae
524 1100 655 1147 partim
676 1099 818 1146 similia,
846 1099 976 1148 partim
997 1098 1177 1135 dissimilia
1198 1103 1298 1145 sunt,
1326 1097 1427 1134 uelut
1442 1093 1541 1144 apud

87 1159 193 1197 Paul.
212 1172 250 1209 p.
268 1159 378 1207 10,5‚
407 1159 490 1195 coll.
509 1158 583 1197 Ou.
599 1165 635 1209 1,
651 1162 889 1198 319—331:
919 1173 990 1197 non
1018 1159 1065 1196 de
1089 1158 1257 1195 historico
1284 1169 1420 1208 genere
1445 1168 1540 1206 quae

87 1220 268 1258 interdum
294 1219 484 1257 lectissima
509 1220 650 1270 habuit,
678 1223 778 1259 uelut
804 1221 850 1259 de
876 1221 958 1258 Ser.
978 1220 1091 1256 Tullii
1118 1220 1314 1267 natalibus,
1343 1219 1418 1256 uid.
1438 1219 1468 1254 F
1472 1223 1540 1255 est.

86 1295 126 1333 p.
143 1283 229 1327 174,
249 1283 297 1319 16
314 1281 428 1330 dext„
455 1282 502 1319 de
527 1283 579 1320 M.
607 1284 708 1321 Iunio
735 1283 851 1320 Bruto
876 1281 976 1333 quod
1004 1281 1182 1331 sagaciter
1207 1293 1252 1318 ex
1277 1281 1394 1318 Paulo
1420 1293 1459 1330 p.
1475 1283 1540 1327 31,

88 1345 136 1382 15
163 1349 347 1382 assecutus
383 1349 438 1381 est
462 1344 683 1393 Muellerus,
723 1356 819 1395 quae
856 1350 978 1381 tamen
1013 1344 1093 1381 iure
1127 1356 1194 1380 suo
1226 1343 1389 1380 auersari
1419 1341 1539 1392 potuit

85 1413 209 1457 poeta.
263 1406 497 1455 Quamquam
522 1406 627 1455 illud,
654 1406 753 1457 quod
781 1405 880 1456 apud
906 1406 1056 1442 Festum
1082 1417 1120 1454 p.
1136 1406 1225 1453 372,
1247 1408 1268 1441 1
1287 1405 1356 1442 sin.
1383 1403 1430 1441 de
1455 1403 1536 1440 Ma-

85 1467 294 1514 tronalium,
320 1472 360 1503 ut
381 1473 488 1517 puto,
513 1468 651 1518 origine
678 1468 848 1515 traditur,
877 1479 950 1503 non
977 1472 1057 1504 erat
1082 1467 1242 1504 alienum
1267 1467 1313 1504 ab
1332 1465 1457 1504 Ouidii
1480 1465 1537 1502 in-

83 1531 210 1568 stituto
235 1530 274 1577 3,
294 1529 380 1566 243.
432 1529 659 1566 Dissentiunt
692 1534 819 1578 aperte
845 1527 1000 1567 Ouidius
1034 1534 1071 1565 et
1096 1528 1267 1573 Verrius,
1300 1540 1382 1565 cum
1411 1528 1472 1565 ille
1497 1530 1538 1575 3,

85 1591 133 1628 95
161 1590 330 1640 Pelignos
356 1591 575 1628 Sabinorum
602 1597 745 1641 gentem
772 1590 937 1640 appellat
969 1589 1190 1639 astipulante
1217 1590 1417 1627 Niebuhrio
1451 1589 1536 1628 hist.

84 1652 157 1690 Ro.
181 1656 218 1700 l,
240 1664 277 1702 p.
293 1656 382 1700 111,
409 1652 466 1690 hic
487 1665 531 1690 ex
554 1653 695 1702 Illyrico
717 1658 815 1689 ortos
835 1651 1044 1700 affirmauit,
1070 1651 1175 1689 Paul.
1194 1656 1337 1702 p.222,
1359 1654 1427 1688 10:
1453 1663 1536 1688 cum

85 1713 234 1751 Verrius
258 1713 380 1763 palatii
414 1715 530 1752 incola
556 1715 699 1764 scripsit
732 1715 944 1764 piscatorios
977 1713 1082 1751 ludos
1115 1714 1194 1750 fieri
1227 1719 1327 1750 trans
1354 1713 1535 1760 Tiberim,

85 1774 160 1813 uid.
186 1775 286 1812 Fest.
314 1779 456 1824 p.213‚
484 1780 505 1813 1
533 1776 599 1812 sin.
635 1781 673 1812 et
706 1778 847 1825 p.238‚
868 1777 918 1812 24
943 1775 1062 1823 dext.,
1098 1774 1252 1812 Ouidius
1287 1786 1376 1811 uero
1401 1776 1440 1821 6,
1459 1776 1535 1811 237

84 1837 121 1874 in
156 1849 285 1886 campo
312 1837 469 1873 Martio:
514 1849 595 1872 cum
632 1837 885 1884 grammaticus
915 1836 1165 1886 Quinquatrus
1189 1837 1379 1873 Mineruae
1412 1847 1535 1872 sacras

85 1898 225 1936 censuit
256 1910 336 1935 esse
362 1903 515 1947 propter
540 1896 667 1937 aedem
695 1896 730 1932 in
759 1898 937 1934 Auentino
963 1896 1191 1944 dedicatam,
1223 1898 1324 1934 Fest.
1351 1896 1490 1947 p.257‚
1507 1898 1533 1933 7

82 1961 167 2008 sin.,
193 1967 303 2010 poeta
329 1960 367 1996 in
394 1959 519 1996 Coelio
546 1966 670 1995 monte
697 1961 734 2004 3,
751 1959 839 1995 835.
892 1958 1082 1995 Sententia
1107 1959 1223 1996 Verrii
1249 1959 1296 1996 de
1322 1970 1448 1996 earum
1472 1958 1533 1995 fe·-

82 2022 217 2059 riarum
246 2023 404 2070 nomine,
432 2034 540 2071 quam
567 2019 696 2056 eodem
723 2021 805 2057 loco
832 2020 962 2056 Festus
988 2021 1112 2068 tradit,
1136 2020 1205 2058 suit
1230 2022 1337 2058 etiam
1358 2021 1533 2057 Varronis

81 2083 131 2121 de
155 2084 181 2120 1.
198 2084 223 2120 l.
246 2085 284 2132 6,
302 2086 364 2132 14,
390 2096 500 2133 quam
526 2081 687 2118 deseruit
707 2080 860 2121 Ouidius
886 2084 1014 2130 3,810
1039 2083 1208 2133 populari
1231 2083 1366 2121 scilicet
1389 2083 1426 2119 in
1453 2094 1533 2119 car-

82 2145 192 2182 mine.
241 2145 324 2181 Duo
350 2152 434 2181 sunt
461 2144 546 2181 satis
573 2144 697 2193 grauia
726 2150 763 2180 et
789 2145 1048 2190 memorabilia,
1075 2145 1109 2180 in
1137 2146 1266 2195 quibus
1292 2144 1484 2182 manifesto
1509 2158 1532 2182 a

81 2206 212 2243 Verrio
235 2206 387 2244 discedit
408 2213 520 2257 poeta
542 2212 578 2243 et
598 2205 797 2242 Varronem
817 2206 1001 2256 sequitur:
1027 2207 1182 2256 primum
1203 2206 1232 2243 si
1250 2206 1415 2243 conferas
1441 2206 1532 2244 haec

82 2267 189 2305 Varr.
207 2268 253 2305 de
272 2269 297 2305 l.
312 2269 338 2305 1.
355 2270 392 2316 Ξ),
410 2268 503 2305 158:
536 2268 659 2306 Gliuos
678 2267 862 2305 Publicius
888 2267 933 2304 ab
960 2267 1202 2305 aedilibus
1225 2267 1378 2317 plebei
1402 2267 1532 2306 Publi-

83 2329 149 2378 cis,
177 2330 238 2378 qui
260 2341 340 2367 eum
365 2328 503 2380 publice
529 2328 789 2377 aedificaruni5
825 2329 937 2367 Ouid.
965 2329 1004 2377 5,
1020 2331 1113 2366 287:

73 2387 78 2396 '
343 2390 495 2428 Plebis
516 2391 575 2442 gul
602 2391 772 2429 aediles
796 2391 969 2443 perducta
992 2391 1139 2429 licentia
1164 2392 1253 2431 talis

46 2492 51 2496 ,
410 2453 593 2491 Publicios
618 2467 689 2501 —3

67 2513 182 2552 Fest.
204 2528 244 2565 p.
259 2517 349 2564 239,
363 2519 412 2555 28
431 2515 551 2554 dext.=
579 2515 764 2554 Publicius
791 2515 905 2553 cliuus
931 2514 1146 2564 appellatur,
1173 2527 1274 2565 quem
1299 2514 1369 2554 duo
1394 2515 1532 2563 fraires

88 2577 136 2612 L.
160 2579 220 2614 M.
240 2576 381 2615 Publici
405 2578 575 2616 Malleoli
601 2577 776 2616 aediles
801 2590 888 2615 cur.
914 2597 963 2606 -
988 2579 1203 2615 niimiertmt.
1253 2578 1452 2616 Adeundus
1478 2583 1531 2614 est

89 2634 306 2676 Niebuhrius
332 2639 413 2678 hist.
442 2637 513 2679 Ro'.
540 2643 579 2689 3,
606 2653 645 2690 p.
661 2641 724 2680 47.
777 2638 918 2678 Deinde
954 2639 1187 2677 conserantur
1220 2652 1314 2689 quae
1350 2640 1396 2678 de
1426 2651 1529 2675 sacro

89 2698 288 2748 Argeorum
313 2701 460 2740 tradunt
487 2700 642 2740 Ouidius
669 2702 707 2750 5,
735 2703 968 2750 621—662,
1001 2699 1130 2741 Festus
1157 2715 1194 2752 p.
1210 2704 1297 2750 334,
1320 2704 1366 2739 16
1389 2702 1531 2738 sin.·-=
