<?xml version="1.0" encoding="UTF-8"?>
<!DOCTYPE html PUBLIC "-//W3C//DTD XHTML 1.0 Transitional//EN"
    "http://www.w3.org/TR/xhtml1/DTD/xhtml1-transitional.dtd">
<html xmlns="http://www.w3.org/1999/xhtml" xml:lang="en" lang="en">
 <head>
  <title>
</title>
<meta http-equiv="Content-Type" content="text/html;charset=utf-8" />
  <meta name='ocr-system' content='tesseract 3.04.00' />
  <meta name='ocr-capabilities' content='ocr_page ocr_carea ocr_par ocr_line ocrx_word'/>
</head>
<body>
  <div class='ocr_page' id='page_1' title='image "./fastorumlibrisex00oviduoft_0062.png"; bbox 0 0 1685 2954; ppageno 0'>
   <div class='ocr_carea' id='block_1_1' title="bbox 156 84 1012 123">
    <p class='ocr_par' dir='ltr' id='par_1_1' title="bbox 156 84 1012 123">
     <span class='ocr_line' id='line_1_1' title="bbox 156 84 1012 123; baseline -0.002 -7"><span class='ocrx_word' id='word_1_1' title='bbox 156 86 230 117; x_wconf 75' lang='lat' dir='ltr'><em>mv</em></span> <span class='ocrx_word' id='word_1_2' title='bbox 686 116 691 123; x_wconf 50' lang='grc'>,</span> <span class='ocrx_word' id='word_1_3' title='bbox 750 84 1012 114; x_wconf 78' lang='lat' dir='ltr'>CALENDARIA</span> 
     </span>
    </p>
   </div>
   <div class='ocr_carea' id='block_1_2' title="bbox 157 183 1609 1082">
    <p class='ocr_par' dir='ltr' id='par_1_2' title="bbox 157 183 1609 1082">
     <span class='ocr_line' id='line_1_2' title="bbox 158 183 1600 227; baseline 0.001 -7"><span class='ocrx_word' id='word_1_4' title='bbox 158 191 192 221; x_wconf 77' lang='lat' dir='ltr'><em>et</em></span> <span class='ocrx_word' id='word_1_5' title='bbox 213 188 367 227; x_wconf 71' lang='lat' dir='ltr'><strong><em>esculapii</em></strong></span> <span class='ocrx_word' id='word_1_6' title='bbox 388 195 418 218; x_wconf 82' lang='lat' dir='ltr'><em>r.</em></span> <span class='ocrx_word' id='word_1_7' title='bbox 465 186 642 223; x_wconf 81' lang='lat' dir='ltr'><em>Esculapii.</em></span> <span class='ocrx_word' id='word_1_8' title='bbox 666 186 755 217; x_wconf 80' lang='lat' dir='ltr'><em>louis</em></span> <span class='ocrx_word' id='word_1_9' title='bbox 777 189 807 217; x_wconf 76' lang='lat' dir='ltr'><em>b.</em></span> <span class='ocrx_word' id='word_1_10' title='bbox 914 183 1004 218; x_wconf 90' lang='lat' dir='ltr'><em>IIII</em></span> <span class='ocrx_word' id='word_1_11' title='bbox 1024 191 1107 221; x_wconf 83' lang='lat' dir='ltr'><em>Non.</em></span> <span class='ocrx_word' id='word_1_12' title='bbox 1146 188 1269 218; x_wconf 80' lang='lat' dir='ltr'><em>Cancer</em></span> <span class='ocrx_word' id='word_1_13' title='bbox 1290 190 1409 219; x_wconf 80' lang='lat' dir='ltr'><em>occidit</em></span> <span class='ocrx_word' id='word_1_14' title='bbox 1436 190 1477 219; x_wconf 84' lang='grc' dir='ltr'><em>Ε.</em></span> <span class='ocrx_word' id='word_1_15' title='bbox 1520 192 1600 221; x_wconf 83' lang='lat' dir='ltr'><em>Dies</em></span> 
     </span>
     <span class='ocr_line' id='line_1_3' title="bbox 157 238 1599 282; baseline 0 -6"><span class='ocrx_word' id='word_1_16' title='bbox 157 249 234 277; x_wconf 85' lang='lat' dir='ltr'><em>aler</em></span> <span class='ocrx_word' id='word_1_17' title='bbox 254 248 287 276; x_wconf 83' lang='lat' dir='ltr'><em>el</em></span> <span class='ocrx_word' id='word_1_18' title='bbox 304 247 452 282; x_wconf 76' lang='lat' dir='ltr'><em>nefastus</em></span> <span class='ocrx_word' id='word_1_19' title='bbox 475 247 504 273; x_wconf 86' lang='lat' dir='ltr'><em>b.</em></span> <span class='ocrx_word' id='word_1_20' title='bbox 575 238 643 273; x_wconf 90' lang='lat' dir='ltr'><em>III</em></span> <span class='ocrx_word' id='word_1_21' title='bbox 663 245 745 273; x_wconf 86' lang='lat' dir='ltr'><em>Non.</em></span> <span class='ocrx_word' id='word_1_22' title='bbox 773 244 894 274; x_wconf 80' lang='lat' dir='ltr'><strong><em>Cancer</em></strong></span> <span class='ocrx_word' id='word_1_23' title='bbox 917 248 1035 276; x_wconf 85' lang='lat' dir='ltr'><em>occidit</em></span> <span class='ocrx_word' id='word_1_24' title='bbox 1058 249 1092 275; x_wconf 87' lang='lat' dir='ltr'><em>in</em></span> <span class='ocrx_word' id='word_1_25' title='bbox 1117 248 1226 276; x_wconf 77' lang='lat' dir='ltr'><em>Tiberi</em></span> <span class='ocrx_word' id='word_1_26' title='bbox 1253 247 1286 276; x_wconf 84' lang='lat' dir='ltr'><em>C.</em></span> <span class='ocrx_word' id='word_1_27' title='bbox 1335 248 1459 276; x_wconf 81' lang='lat' dir='ltr'><em>Occidit</em></span> <span class='ocrx_word' id='word_1_28' title='bbox 1482 255 1599 277; x_wconf 80' lang='lat' dir='ltr'><strong><em>cancer</em></strong></span> 
     </span>
     <span class='ocr_line' id='line_1_4' title="bbox 160 297 1601 334; baseline -0.001 0"><span class='ocrx_word' id='word_1_29' title='bbox 160 306 301 334; x_wconf 78' lang='lat' dir='ltr'><em>cosmice</em></span> <span class='ocrx_word' id='word_1_30' title='bbox 322 311 352 332; x_wconf 81' lang='lat' dir='ltr'><em>r.</em></span> <span class='ocrx_word' id='word_1_31' title='bbox 401 303 526 331; x_wconf 83' lang='lat' dir='ltr'><em>Occidit</em></span> <span class='ocrx_word' id='word_1_32' title='bbox 556 308 674 330; x_wconf 84' lang='lat' dir='ltr'><em>cancer</em></span> <span class='ocrx_word' id='word_1_33' title='bbox 696 303 725 330; x_wconf 81' lang='lat' dir='ltr'><em>b.</em></span> <span class='ocrx_word' id='word_1_34' title='bbox 811 297 856 331; x_wconf 92' lang='lat' dir='ltr'><em>II</em></span> <span class='ocrx_word' id='word_1_35' title='bbox 876 305 958 332; x_wconf 80' lang='lat' dir='ltr'><em>Non.</em></span> <span class='ocrx_word' id='word_1_36' title='bbox 1039 305 1160 333; x_wconf 72' lang='lat' dir='ltr'><em>Nonas.</em></span> <span class='ocrx_word' id='word_1_37' title='bbox 1191 305 1269 333; x_wconf 79' lang='lat' dir='ltr'><em>Lira</em></span> <span class='ocrx_word' id='word_1_38' title='bbox 1301 306 1404 332; x_wconf 84' lang='lat' dir='ltr'><em>oritur</em></span> <span class='ocrx_word' id='word_1_39' title='bbox 1430 304 1493 333; x_wconf 78' lang='grc' dir='ltr'><em>ΟΕ.</em></span> <span class='ocrx_word' id='word_1_40' title='bbox 1537 306 1601 334; x_wconf 84' lang='lat' dir='ltr'><em>lira</em></span> 
     </span>
     <span class='ocr_line' id='line_1_5' title="bbox 159 355 1603 395; baseline 0 -3"><span class='ocrx_word' id='word_1_41' title='bbox 159 364 275 392; x_wconf 80' lang='lat' dir='ltr'><em>oritur.</em></span> <span class='ocrx_word' id='word_1_42' title='bbox 310 361 426 395; x_wconf 79' lang='lat' dir='ltr'><em>incipit</em></span> <span class='ocrx_word' id='word_1_43' title='bbox 449 361 531 388; x_wconf 78' lang='lat' dir='ltr'><em>oriri</em></span> <span class='ocrx_word' id='word_1_44' title='bbox 554 360 688 387; x_wconf 84' lang='lat' dir='ltr'><em>cosmice</em></span> <span class='ocrx_word' id='word_1_45' title='bbox 709 366 739 388; x_wconf 76' lang='lat' dir='ltr'><em>r.</em></span> <span class='ocrx_word' id='word_1_46' title='bbox 788 360 899 389; x_wconf 86' lang='lat' dir='ltr'><em>Oritur</em></span> <span class='ocrx_word' id='word_1_47' title='bbox 920 361 983 390; x_wconf 87' lang='lat' dir='ltr'><em>lira</em></span> <span class='ocrx_word' id='word_1_48' title='bbox 1008 361 1036 388; x_wconf 82' lang='lat' dir='ltr'><em>b.</em></span> <span class='ocrx_word' id='word_1_49' title='bbox 1128 355 1229 390; x_wconf 87' lang='lat' dir='ltr'><em>VIII</em></span> <span class='ocrx_word' id='word_1_50' title='bbox 1249 363 1340 391; x_wconf 83' lang='lat' dir='ltr'><em>Idus.</em></span> <span class='ocrx_word' id='word_1_51' title='bbox 1375 363 1456 390; x_wconf 87' lang='lat' dir='ltr'><em>Dies</em></span> <span class='ocrx_word' id='word_1_52' title='bbox 1479 364 1550 391; x_wconf 87' lang='lat' dir='ltr'><em>ater</em></span> <span class='ocrx_word' id='word_1_53' title='bbox 1571 365 1603 392; x_wconf 85' lang='lat' dir='ltr'><em>et</em></span> 
     </span>
     <span class='ocr_line' id='line_1_6' title="bbox 158 410 1602 455; baseline 0 -7"><span class='ocrx_word' id='word_1_54' title='bbox 158 418 306 455; x_wconf 75' lang='lat' dir='ltr'><em>nefastus</em></span> <span class='ocrx_word' id='word_1_55' title='bbox 338 418 366 446; x_wconf 84' lang='lat' dir='ltr'><em>b.</em></span> <span class='ocrx_word' id='word_1_56' title='bbox 453 410 533 446; x_wconf 92' lang='lat' dir='ltr'><em>VII</em></span> <span class='ocrx_word' id='word_1_57' title='bbox 555 415 606 445; x_wconf 79' lang='lat' dir='ltr'><em>Id.</em></span> <span class='ocrx_word' id='word_1_58' title='bbox 653 417 715 444; x_wconf 82' lang='lat' dir='ltr'><em>Hic</em></span> <span class='ocrx_word' id='word_1_59' title='bbox 738 418 787 446; x_wconf 87' lang='lat' dir='ltr'><em>est</em></span> <span class='ocrx_word' id='word_1_60' title='bbox 808 417 883 454; x_wconf 83' lang='lat' dir='ltr'><em>finis</em></span> <span class='ocrx_word' id='word_1_61' title='bbox 907 417 1086 445; x_wconf 73' lang='lat' dir='ltr'><em>medietatis</em></span> <span class='ocrx_word' id='word_1_62' title='bbox 1109 417 1221 446; x_wconf 82' lang='lat' dir='ltr'><em>hiemis</em></span> <span class='ocrx_word' id='word_1_63' title='bbox 1243 427 1272 447; x_wconf 85' lang='lat' dir='ltr'><em>r.</em></span> <span class='ocrx_word' id='word_1_64' title='bbox 1360 413 1415 446; x_wconf 85' lang='lat' dir='ltr'><em>VI</em></span> <span class='ocrx_word' id='word_1_65' title='bbox 1439 419 1489 448; x_wconf 82' lang='lat' dir='ltr'><em>Id.</em></span> <span class='ocrx_word' id='word_1_66' title='bbox 1537 420 1602 448; x_wconf 84' lang='lat' dir='ltr'><em>Sa-</em></span> 
     </span>
     <span class='ocr_line' id='line_1_7' title="bbox 158 473 1596 513; baseline 0.001 -9"><span class='ocrx_word' id='word_1_67' title='bbox 158 475 311 513; x_wconf 79' lang='lat' dir='ltr'><em>crifitz&#39;um</em></span> <span class='ocrx_word' id='word_1_68' title='bbox 332 474 414 504; x_wconf 84' lang='lat' dir='ltr'><em>Iani.</em></span> <span class='ocrx_word' id='word_1_69' title='bbox 440 474 544 502; x_wconf 69' lang='lat' dir='ltr'><em>oritur</em></span> <span class='ocrx_word' id='word_1_70' title='bbox 567 473 703 509; x_wconf 79' lang='lat' dir='ltr'><em>delphin.</em></span> <span class='ocrx_word' id='word_1_71' title='bbox 729 475 756 502; x_wconf 86' lang='lat' dir='ltr'><em>b.</em></span> <span class='ocrx_word' id='word_1_72' title='bbox 788 474 916 510; x_wconf 77' lang='lat' dir='ltr'><em>delphin</em></span> <span class='ocrx_word' id='word_1_73' title='bbox 940 475 1043 502; x_wconf 84' lang='lat' dir='ltr'><em>oritur</em></span> <span class='ocrx_word' id='word_1_74' title='bbox 1066 477 1211 503; x_wconf 81' lang='lat' dir='ltr'><em>cosmice.</em></span> <span class='ocrx_word' id='word_1_75' title='bbox 1249 477 1319 504; x_wconf 81' lang='lat' dir='ltr'><em>dies</em></span> <span class='ocrx_word' id='word_1_76' title='bbox 1348 477 1505 511; x_wconf 74' lang='lat' dir='ltr'><em>ayonalis.</em></span> <span class='ocrx_word' id='word_1_77' title='bbox 1539 476 1596 513; x_wconf 85' lang='lat' dir='ltr'><em>fe-</em></span> 
     </span>
     <span class='ocr_line' id='line_1_8' title="bbox 157 524 1604 568; baseline 0.002 -8"><span class='ocrx_word' id='word_1_78' title='bbox 157 533 243 562; x_wconf 85' lang='lat' dir='ltr'><em>stum</em></span> <span class='ocrx_word' id='word_1_79' title='bbox 263 532 342 560; x_wconf 84' lang='lat' dir='ltr'><em>iani.</em></span> <span class='ocrx_word' id='word_1_80' title='bbox 377 531 533 558; x_wconf 82' lang='lat' dir='ltr'><em>medietas</em></span> <span class='ocrx_word' id='word_1_81' title='bbox 554 531 666 559; x_wconf 78' lang='lat' dir='ltr'><em>hiemis</em></span> <span class='ocrx_word' id='word_1_82' title='bbox 689 538 719 560; x_wconf 75' lang='lat' dir='ltr'><em>r.</em></span> <span class='ocrx_word' id='word_1_83' title='bbox 813 524 844 558; x_wconf 92' lang='lat' dir='ltr'><em>V</em></span> <span class='ocrx_word' id='word_1_84' title='bbox 872 531 921 559; x_wconf 85' lang='lat' dir='ltr'><em>Id.</em></span> <span class='ocrx_word' id='word_1_85' title='bbox 967 531 1126 567; x_wconf 76' lang='lat' dir='ltr'><em>Agonalia</em></span> <span class='ocrx_word' id='word_1_86' title='bbox 1150 532 1232 561; x_wconf 84' lang='lat' dir='ltr'><em>Iuni.</em></span> <span class='ocrx_word' id='word_1_87' title='bbox 1263 534 1400 568; x_wconf 78' lang='lat' dir='ltr'><em>Delphin</em></span> <span class='ocrx_word' id='word_1_88' title='bbox 1424 536 1538 563; x_wconf 84' lang='lat' dir='ltr'><em>oritur.</em></span> <span class='ocrx_word' id='word_1_89' title='bbox 1568 533 1604 563; x_wconf 76' lang='grc' dir='ltr'><strong>Ο.</strong></span> 
     </span>
     <span class='ocr_line' id='line_1_9' title="bbox 157 586 1604 626; baseline 0.003 -9"><span class='ocrx_word' id='word_1_90' title='bbox 157 589 289 618; x_wconf 80' lang='lat' dir='ltr'><strong><em>Festum</em></strong></span> <span class='ocrx_word' id='word_1_91' title='bbox 311 588 383 616; x_wconf 87' lang='lat' dir='ltr'><em>Iani</em></span> <span class='ocrx_word' id='word_1_92' title='bbox 406 588 564 625; x_wconf 77' lang='lat' dir='ltr'><em>ayonalz‘a.</em></span> <span class='ocrx_word' id='word_1_93' title='bbox 588 588 725 623; x_wconf 78' lang='lat' dir='ltr'><em>Delphin</em></span> <span class='ocrx_word' id='word_1_94' title='bbox 748 588 853 616; x_wconf 85' lang='lat' dir='ltr'><em>oritur</em></span> <span class='ocrx_word' id='word_1_95' title='bbox 875 587 913 614; x_wconf 88' lang='lat' dir='ltr'><em>E.</em></span> <span class='ocrx_word' id='word_1_96' title='bbox 948 586 1065 622; x_wconf 79' lang='lat' dir='ltr'><em>festum</em></span> <span class='ocrx_word' id='word_1_97' title='bbox 1090 591 1270 618; x_wconf 79' lang='lat' dir='ltr'><em>carmentis.</em></span> <span class='ocrx_word' id='word_1_98' title='bbox 1295 592 1448 626; x_wconf 81' lang='lat' dir='ltr'><em>Receptio</em></span> <span class='ocrx_word' id='word_1_99' title='bbox 1472 593 1604 621; x_wconf 84' lang='lat' dir='ltr'><em>iuturne</em></span> 
     </span>
     <span class='ocr_line' id='line_1_10' title="bbox 157 640 1603 685; baseline 0.003 -11"><span class='ocrx_word' id='word_1_100' title='bbox 157 646 193 675; x_wconf 72' lang='lat' dir='ltr'><em>in</em></span> <span class='ocrx_word' id='word_1_101' title='bbox 216 646 364 681; x_wconf 81' lang='lat' dir='ltr'><em>templum</em></span> <span class='ocrx_word' id='word_1_102' title='bbox 386 652 416 674; x_wconf 85' lang='lat' dir='ltr'><em>r.</em></span> <span class='ocrx_word' id='word_1_103' title='bbox 460 645 638 674; x_wconf 71' lang='lat' dir='ltr'><em>solstitium</em></span> <span class='ocrx_word' id='word_1_104' title='bbox 659 645 789 680; x_wconf 82' lang='lat' dir='ltr'><em>yemale.</em></span> <span class='ocrx_word' id='word_1_105' title='bbox 820 645 975 672; x_wconf 76' lang='lat' dir='ltr'><em>medietas</em></span> <span class='ocrx_word' id='word_1_106' title='bbox 997 646 1104 680; x_wconf 80' lang='lat' dir='ltr'><em>yemis.</em></span> <span class='ocrx_word' id='word_1_107' title='bbox 1130 646 1158 673; x_wconf 85' lang='lat' dir='ltr'><em>b.</em></span> <span class='ocrx_word' id='word_1_108' title='bbox 1227 640 1317 674; x_wconf 87' lang='lat' dir='ltr'><em>IIII</em></span> <span class='ocrx_word' id='word_1_109' title='bbox 1337 648 1388 676; x_wconf 86' lang='lat' dir='ltr'><em>Id.</em></span> <span class='ocrx_word' id='word_1_110' title='bbox 1413 650 1519 685; x_wconf 80' lang='lat' dir='ltr'><em>hyems</em></span> <span class='ocrx_word' id='word_1_111' title='bbox 1535 657 1603 678; x_wconf 87' lang='lat' dir='ltr'><em>me-</em></span> 
     </span>
     <span class='ocr_line' id='line_1_11' title="bbox 158 692 1604 739; baseline 0.002 -8"><span class='ocrx_word' id='word_1_112' title='bbox 158 703 270 732; x_wconf 79' lang='lat' dir='ltr'><em>diatur</em></span> <span class='ocrx_word' id='word_1_113' title='bbox 297 702 331 732; x_wconf 80' lang='lat'><em>0.</em></span> <span class='ocrx_word' id='word_1_114' title='bbox 377 703 504 739; x_wconf 81' lang='lat' dir='ltr'><em>hyemps</em></span> <span class='ocrx_word' id='word_1_115' title='bbox 525 703 631 730; x_wconf 86' lang='lat' dir='ltr'><em>media</em></span> <span class='ocrx_word' id='word_1_116' title='bbox 655 704 704 730; x_wconf 88' lang='lat' dir='ltr'><em>est</em></span> <span class='ocrx_word' id='word_1_117' title='bbox 727 702 764 730; x_wconf 87' lang='lat' dir='ltr'><em>E.</em></span> <span class='ocrx_word' id='word_1_118' title='bbox 811 701 928 737; x_wconf 84' lang='lat' dir='ltr'><em>festum</em></span> <span class='ocrx_word' id='word_1_119' title='bbox 952 703 1123 729; x_wconf 81' lang='lat' dir='ltr'><em>carmentis</em></span> <span class='ocrx_word' id='word_1_120' title='bbox 1147 692 1178 730; x_wconf 61' lang='lat' dir='ltr'><em>e&#39;t</em></span> <span class='ocrx_word' id='word_1_121' title='bbox 1201 703 1330 731; x_wconf 86' lang='lat' dir='ltr'><em>z&#39;uturne</em></span> <span class='ocrx_word' id='word_1_122' title='bbox 1351 705 1384 732; x_wconf 84' lang='lat' dir='ltr'><em>b.</em></span> <span class='ocrx_word' id='word_1_123' title='bbox 1465 700 1530 733; x_wconf 93' lang='lat' dir='ltr'><em>III</em></span> <span class='ocrx_word' id='word_1_124' title='bbox 1552 706 1604 734; x_wconf 86' lang='lat' dir='ltr'><em>Id.</em></span> 
     </span>
     <span class='ocr_line' id='line_1_12' title="bbox 164 755 1606 794; baseline 0.001 -5"><span class='ocrx_word' id='word_1_125' title='bbox 164 759 343 789; x_wconf 78' lang='lat' dir='ltr'><em>Carmentis</em></span> <span class='ocrx_word' id='word_1_126' title='bbox 372 761 403 788; x_wconf 86' lang='lat' dir='ltr'><em>et</em></span> <span class='ocrx_word' id='word_1_127' title='bbox 430 761 563 788; x_wconf 79' lang='lat' dir='ltr'><em>iuturna</em></span> <span class='ocrx_word' id='word_1_128' title='bbox 590 758 624 787; x_wconf 77' lang='grc'><strong>0.</strong></span> <span class='ocrx_word' id='word_1_129' title='bbox 671 758 733 794; x_wconf 83' lang='lat' dir='ltr'><em>fer.</em></span> <span class='ocrx_word' id='word_1_130' title='bbox 761 758 940 787; x_wconf 82' lang='lat' dir='ltr'><em>Carmentis</em></span> <span class='ocrx_word' id='word_1_131' title='bbox 971 760 1002 788; x_wconf 86' lang='lat' dir='ltr'><em>ct</em></span> <span class='ocrx_word' id='word_1_132' title='bbox 1034 759 1167 787; x_wconf 82' lang='lat' dir='ltr'><em>Iuturne</em></span> <span class='ocrx_word' id='word_1_133' title='bbox 1191 759 1227 786; x_wconf 87' lang='grc' dir='ltr'><em>Ε.</em></span> <span class='ocrx_word' id='word_1_134' title='bbox 1320 755 1363 788; x_wconf 87' lang='grc' dir='ltr'><em>ΙΙ</em></span> <span class='ocrx_word' id='word_1_135' title='bbox 1386 761 1436 789; x_wconf 77' lang='grc' dir='ltr'><strong>Ιιὶ.</strong></span> <span class='ocrx_word' id='word_1_136' title='bbox 1527 762 1606 790; x_wconf 83' lang='lat' dir='ltr'><em>Idus</em></span> 
     </span>
     <span class='ocr_line' id='line_1_13' title="bbox 160 812 1605 856; baseline 0 -9"><span class='ocrx_word' id='word_1_137' title='bbox 160 817 252 847; x_wconf 84' lang='lat' dir='ltr'><em>Iouis</em></span> <span class='ocrx_word' id='word_1_138' title='bbox 275 816 312 846; x_wconf 82' lang='lat'><em>0.</em></span> <span class='ocrx_word' id='word_1_139' title='bbox 346 816 407 853; x_wconf 87' lang='lat' dir='ltr'><em>fer.</em></span> <span class='ocrx_word' id='word_1_140' title='bbox 434 817 545 852; x_wconf 61' lang='lat' dir='ltr'><em>Magni</em></span> <span class='ocrx_word' id='word_1_141' title='bbox 567 817 651 844; x_wconf 81' lang='lat' dir='ltr'><em>iouis</em></span> <span class='ocrx_word' id='word_1_142' title='bbox 673 816 710 844; x_wconf 87' lang='lat' dir='ltr'><em>E.</em></span> <span class='ocrx_word' id='word_1_143' title='bbox 752 816 841 844; x_wconf 83' lang='lat' dir='ltr'><em>Iouis</em></span> <span class='ocrx_word' id='word_1_144' title='bbox 871 815 1000 850; x_wconf 81' lang='lat' dir='ltr'><em>festum.</em></span> <span class='ocrx_word' id='word_1_145' title='bbox 1032 816 1172 843; x_wconf 83' lang='lat' dir='ltr'><em>Donatio</em></span> <span class='ocrx_word' id='word_1_146' title='bbox 1198 812 1384 854; x_wconf 81' lang='lat' dir='ltr'><em>[nominatio</em></span> <span class='ocrx_word' id='word_1_147' title='bbox 1409 824 1495 846; x_wconf 80' lang='lat' dir='ltr'><em>mun.</em></span> <span class='ocrx_word' id='word_1_148' title='bbox 1520 813 1605 856; x_wconf 88' lang='lat' dir='ltr'><em>sec.]</em></span> 
     </span>
     <span class='ocr_line' id='line_1_14' title="bbox 159 868 1609 912; baseline -0.001 -8"><span class='ocrx_word' id='word_1_149' title='bbox 159 875 290 912; x_wconf 71' lang='lat' dir='ltr'><em>anqusti·</em></span> <span class='ocrx_word' id='word_1_150' title='bbox 304 882 334 904; x_wconf 87' lang='lat' dir='ltr'><em>r.</em></span> <span class='ocrx_word' id='word_1_151' title='bbox 382 874 580 910; x_wconf 76' lang='lat' dir='ltr'><em>sacrifitium</em></span> <span class='ocrx_word' id='word_1_152' title='bbox 603 874 696 901; x_wconf 79' lang='lat' dir='ltr'><em>iouis.</em></span> <span class='ocrx_word' id='word_1_153' title='bbox 733 874 873 901; x_wconf 79' lang='lat' dir='ltr'><em>Reddita</em></span> <span class='ocrx_word' id='word_1_154' title='bbox 898 874 946 900; x_wconf 83' lang='lat' dir='ltr'><em>est</em></span> <span class='ocrx_word' id='word_1_155' title='bbox 970 874 1139 908; x_wconf 80' lang='lat' dir='ltr'><em>prouincia</em></span> <span class='ocrx_word' id='word_1_156' title='bbox 1162 875 1304 902; x_wconf 82' lang='lat' dir='ltr'><em>romanis</em></span> <span class='ocrx_word' id='word_1_157' title='bbox 1326 875 1358 903; x_wconf 83' lang='lat' dir='ltr'><em>b.</em></span> <span class='ocrx_word' id='word_1_158' title='bbox 1436 868 1609 903; x_wconf 88' lang='lat' dir='ltr'><em>XVIIII</em></span> 
     </span>
     <span class='ocr_line' id='line_1_15' title="bbox 160 916 1607 967; baseline -0.001 -6"><span class='ocrx_word' id='word_1_159' title='bbox 160 933 212 962; x_wconf 77' lang='grc' dir='ltr'><em>ΚΡ</em></span> <span class='ocrx_word' id='word_1_160' title='bbox 235 934 330 961; x_wconf 82' lang='lat' dir='ltr'><em>Febr.</em></span> <span class='ocrx_word' id='word_1_161' title='bbox 357 930 391 959; x_wconf 81' lang='grc'><strong>0.</strong></span> <span class='ocrx_word' id='word_1_162' title='bbox 437 924 542 958; x_wconf 85' lang='lat' dir='ltr'><em>XIX</em></span> <span class='ocrx_word' id='word_1_163' title='bbox 564 931 616 958; x_wconf 76' lang='grc' dir='ltr'><em>ΚΡ</em></span> <span class='ocrx_word' id='word_1_164' title='bbox 640 931 722 966; x_wconf 88' lang='lat' dir='ltr'><em>febr.</em></span> <span class='ocrx_word' id='word_1_165' title='bbox 746 916 822 958; x_wconf 74' lang='grc' dir='ltr'><strong>ΕΝ).</strong></span> <span class='ocrx_word' id='word_1_166' title='bbox 898 922 1044 957; x_wconf 86' lang='lat' dir='ltr'><em>XVIII</em></span> <span class='ocrx_word' id='word_1_167' title='bbox 1065 930 1129 958; x_wconf 78' lang='grc' dir='ltr'><strong>ΚΓ.</strong></span> <span class='ocrx_word' id='word_1_168' title='bbox 1153 929 1271 965; x_wconf 79' lang='lat' dir='ltr'><em>festum</em></span> <span class='ocrx_word' id='word_1_169' title='bbox 1296 933 1480 960; x_wconf 78' lang='lat' dir='ltr'><em>carmentis.</em></span> <span class='ocrx_word' id='word_1_170' title='bbox 1528 939 1607 967; x_wconf 80' lang='lat' dir='ltr'><em>por-</em></span> 
     </span>
     <span class='ocr_line' id='line_1_16' title="bbox 159 981 1608 1024; baseline 0 -6"><span class='ocrx_word' id='word_1_171' title='bbox 159 991 250 1018; x_wconf 78' lang='lat' dir='ltr'><em>rime.</em></span> <span class='ocrx_word' id='word_1_172' title='bbox 291 989 453 1024; x_wconf 73' lang='lat' dir='ltr'><em>posuer-te.</em></span> <span class='ocrx_word' id='word_1_173' title='bbox 474 995 506 1016; x_wconf 76' lang='lat' dir='ltr'><em>r.</em></span> <span class='ocrx_word' id='word_1_174' title='bbox 585 981 709 1017; x_wconf 88' lang='lat' dir='ltr'><em>XVII</em></span> <span class='ocrx_word' id='word_1_175' title='bbox 730 988 795 1018; x_wconf 75' lang='grc' dir='ltr'><em>ΚΡ,</em></span> <span class='ocrx_word' id='word_1_176' title='bbox 835 986 916 1014; x_wconf 86' lang='lat' dir='ltr'><em>Item</em></span> <span class='ocrx_word' id='word_1_177' title='bbox 943 985 1123 1015; x_wconf 78' lang='lat' dir='ltr'><em>Carmentis</em></span> <span class='ocrx_word' id='word_1_178' title='bbox 1147 988 1178 1016; x_wconf 79' lang='lat' dir='ltr'><em>et</em></span> <span class='ocrx_word' id='word_1_179' title='bbox 1201 989 1369 1018; x_wconf 84' lang='lat' dir='ltr'><em>Porrimue</em></span> <span class='ocrx_word' id='word_1_180' title='bbox 1393 990 1423 1017; x_wconf 87' lang='lat' dir='ltr'><em>et</em></span> <span class='ocrx_word' id='word_1_181' title='bbox 1449 990 1608 1018; x_wconf 85' lang='lat' dir='ltr'><em>Postuen-</em></span> 
     </span>
     <span class='ocr_line' id='line_1_17' title="bbox 161 1042 1608 1082; baseline -0.001 -6"><span class='ocrx_word' id='word_1_182' title='bbox 161 1048 214 1076; x_wconf 84' lang='lat' dir='ltr'><em>tae</em></span> <span class='ocrx_word' id='word_1_183' title='bbox 241 1045 275 1075; x_wconf 82' lang='lat' dir='ltr'><em>C.</em></span> <span class='ocrx_word' id='word_1_184' title='bbox 299 1046 361 1082; x_wconf 82' lang='lat' dir='ltr'><em>fer.</em></span> <span class='ocrx_word' id='word_1_185' title='bbox 384 1047 500 1074; x_wconf 77' lang='lat' dir='ltr'><em>‘iterum</em></span> <span class='ocrx_word' id='word_1_186' title='bbox 520 1044 699 1074; x_wconf 78' lang='lat' dir='ltr'><em>Carmentis</em></span> <span class='ocrx_word' id='word_1_187' title='bbox 721 1044 759 1071; x_wconf 88' lang='grc' dir='ltr'><em>Ε.</em></span> <span class='ocrx_word' id='word_1_188' title='bbox 783 1042 901 1078; x_wconf 85' lang='lat' dir='ltr'><em>festum</em></span> <span class='ocrx_word' id='word_1_189' title='bbox 925 1045 1095 1071; x_wconf 75' lang='lat' dir='ltr'><em>concordie</em></span> <span class='ocrx_word' id='word_1_190' title='bbox 1118 1045 1157 1072; x_wconf 88' lang='lat' dir='ltr'><em>de</em></span> <span class='ocrx_word' id='word_1_191' title='bbox 1182 1047 1424 1074; x_wconf 84' lang='lat' dir='ltr'><em>consecratione</em></span> <span class='ocrx_word' id='word_1_192' title='bbox 1448 1047 1556 1081; x_wconf 81' lang='lat' dir='ltr'><em>tempti</em></span> <span class='ocrx_word' id='word_1_193' title='bbox 1578 1053 1608 1075; x_wconf 79' lang='lat' dir='ltr'><em>r.</em></span> 
     </span>
    </p>
   </div>
   <div class='ocr_carea' id='block_1_3' title="bbox 161 1097 1676 1139">
    <p class='ocr_par' dir='ltr' id='par_1_3' title="bbox 161 1097 1676 1139">
     <span class='ocr_line' id='line_1_18' title="bbox 161 1097 1676 1139; baseline -0.001 -7"><span class='ocrx_word' id='word_1_194' title='bbox 161 1097 266 1132; x_wconf 88' lang='lat' dir='ltr'><em>XVI</em></span> <span class='ocrx_word' id='word_1_195' title='bbox 286 1103 351 1132; x_wconf 71' lang='grc' dir='ltr'><strong>ΚΡ.</strong></span> <span class='ocrx_word' id='word_1_196' title='bbox 381 1102 446 1139; x_wconf 83' lang='lat' dir='ltr'><em>fer.</em></span> <span class='ocrx_word' id='word_1_197' title='bbox 480 1101 657 1131; x_wconf 78' lang='lat' dir='ltr'><em>concordie</em></span> <span class='ocrx_word' id='word_1_198' title='bbox 680 1100 717 1128; x_wconf 90' lang='grc' dir='ltr'><em>Ε.</em></span> <span class='ocrx_word' id='word_1_199' title='bbox 766 1101 871 1128; x_wconf 85' lang='lat' dir='ltr'><em>Sacra</em></span> <span class='ocrx_word' id='word_1_200' title='bbox 894 1100 998 1128; x_wconf 81' lang='lat' dir='ltr'><em>relata</em></span> <span class='ocrx_word' id='word_1_201' title='bbox 1022 1103 1178 1129; x_wconf 86' lang='lat' dir='ltr'><em>carmenti</em></span> <span class='ocrx_word' id='word_1_202' title='bbox 1202 1103 1231 1130; x_wconf 81' lang='lat' dir='ltr'><em>b.</em></span> <span class='ocrx_word' id='word_1_203' title='bbox 1345 1097 1428 1131; x_wconf 91' lang='lat' dir='ltr'><em>XV</em></span> <span class='ocrx_word' id='word_1_204' title='bbox 1446 1104 1510 1131; x_wconf 72' lang='grc' dir='ltr'><strong>ΚΡ.</strong></span> <span class='ocrx_word' id='word_1_205' title='bbox 1551 1103 1610 1132; x_wconf 84' lang='lat' dir='ltr'><em>Sol</em></span> <span class='ocrx_word' id='word_1_206' title='bbox 1668 1100 1676 1108; x_wconf 75' lang='grc'><em>’</em></span> 
     </span>
    </p>
   </div>
   <div class='ocr_carea' id='block_1_4' title="bbox 161 1157 1614 1995">
    <p class='ocr_par' dir='ltr' id='par_1_4' title="bbox 161 1157 1614 1594">
     <span class='ocr_line' id='line_1_19' title="bbox 162 1157 1608 1195; baseline -0.001 -5"><span class='ocrx_word' id='word_1_207' title='bbox 162 1163 197 1190; x_wconf 77' lang='lat' dir='ltr'><em>in</em></span> <span class='ocrx_word' id='word_1_208' title='bbox 220 1161 359 1195; x_wconf 78' lang='lat' dir='ltr'><em>aquario</em></span> <span class='ocrx_word' id='word_1_209' title='bbox 386 1159 466 1188; x_wconf 72' lang='grc' dir='ltr'><strong>(Ἓν.</strong></span> <span class='ocrx_word' id='word_1_210' title='bbox 502 1160 632 1188; x_wconf 80' lang='lat' dir='ltr'><em>Festum</em></span> <span class='ocrx_word' id='word_1_211' title='bbox 653 1158 726 1186; x_wconf 86' lang='lat' dir='ltr'><em>nisi.</em></span> <span class='ocrx_word' id='word_1_212' title='bbox 763 1157 921 1192; x_wconf 79' lang='lat' dir='ltr'><em>Templum</em></span> <span class='ocrx_word' id='word_1_213' title='bbox 940 1157 1061 1193; x_wconf 70' lang='lat' dir='ltr'><em>fin-mm</em></span> <span class='ocrx_word' id='word_1_214' title='bbox 1080 1161 1258 1188; x_wconf 80' lang='lat' dir='ltr'><em>concordie.</em></span> <span class='ocrx_word' id='word_1_215' title='bbox 1293 1160 1343 1188; x_wconf 86' lang='lat' dir='ltr'><em>sol</em></span> <span class='ocrx_word' id='word_1_216' title='bbox 1367 1161 1399 1188; x_wconf 84' lang='lat' dir='ltr'><em>in</em></span> <span class='ocrx_word' id='word_1_217' title='bbox 1418 1163 1552 1195; x_wconf 84' lang='lat' dir='ltr'><em>aquario</em></span> <span class='ocrx_word' id='word_1_218' title='bbox 1578 1163 1608 1189; x_wconf 82' lang='lat' dir='ltr'><em>b.</em></span> 
     </span>
     <span class='ocr_line' id='line_1_20' title="bbox 161 1207 1608 1250; baseline -0.001 -3"><span class='ocrx_word' id='word_1_219' title='bbox 161 1212 292 1247; x_wconf 85' lang='lat' dir='ltr'><em>XIIII</em></span> <span class='ocrx_word' id='word_1_220' title='bbox 313 1218 366 1247; x_wconf 73' lang='grc' dir='ltr'><em>ΚΡ</em></span> <span class='ocrx_word' id='word_1_221' title='bbox 389 1232 434 1237; x_wconf 86' lang='grc'><strong>-</strong></span> <span class='ocrx_word' id='word_1_222' title='bbox 457 1209 498 1243; x_wconf 89' lang='lat' dir='ltr'><em>X</em></span> <span class='ocrx_word' id='word_1_223' title='bbox 520 1216 584 1245; x_wconf 73' lang='grc' dir='ltr'><strong>ΚΡ.</strong></span> <span class='ocrx_word' id='word_1_224' title='bbox 658 1207 783 1243; x_wconf 78' lang='lat' dir='ltr'><em>VIIII</em></span> <span class='ocrx_word' id='word_1_225' title='bbox 805 1214 889 1250; x_wconf 82' lang='lat' dir='ltr'><em>Lyra</em></span> <span class='ocrx_word' id='word_1_226' title='bbox 914 1215 1071 1243; x_wconf 86' lang='lat' dir='ltr'><em>occulitur</em></span> <span class='ocrx_word' id='word_1_227' title='bbox 1101 1216 1133 1244; x_wconf 90' lang='lat' dir='ltr'><em>C&#39;.</em></span> <span class='ocrx_word' id='word_1_228' title='bbox 1208 1210 1270 1244; x_wconf 85' lang='lat' dir='ltr'><em>IX</em></span> <span class='ocrx_word' id='word_1_229' title='bbox 1288 1218 1351 1244; x_wconf 70' lang='grc' dir='ltr'><strong>ΚΓ.</strong></span> <span class='ocrx_word' id='word_1_230' title='bbox 1384 1217 1463 1245; x_wconf 84' lang='lat' dir='ltr'><em>Lira</em></span> <span class='ocrx_word' id='word_1_231' title='bbox 1487 1218 1608 1246; x_wconf 86' lang='lat' dir='ltr'><em>occuli-</em></span> 
     </span>
     <span class='ocr_line' id='line_1_21' title="bbox 162 1272 1610 1309; baseline -0.001 -5"><span class='ocrx_word' id='word_1_232' title='bbox 162 1276 218 1305; x_wconf 81' lang='lat' dir='ltr'><em>tur</em></span> <span class='ocrx_word' id='word_1_233' title='bbox 238 1275 276 1303; x_wconf 83' lang='lat' dir='ltr'><em>E.</em></span> <span class='ocrx_word' id='word_1_234' title='bbox 321 1275 384 1303; x_wconf 79' lang='lat' dir='ltr'><em>lire</em></span> <span class='ocrx_word' id='word_1_235' title='bbox 408 1275 501 1303; x_wconf 85' lang='lat' dir='ltr'><em>ortus</em></span> <span class='ocrx_word' id='word_1_236' title='bbox 523 1273 689 1309; x_wconf 82' lang='lat' dir='ltr'><em>plenarius</em></span> <span class='ocrx_word' id='word_1_237' title='bbox 711 1272 733 1299; x_wconf 84' lang='lat' dir='ltr'><em>i.</em></span> <span class='ocrx_word' id='word_1_238' title='bbox 751 1278 779 1299; x_wconf 86' lang='lat' dir='ltr'><em>e.</em></span> <span class='ocrx_word' id='word_1_239' title='bbox 799 1273 956 1300; x_wconf 83' lang='lat' dir='ltr'><em>cosmicus</em></span> <span class='ocrx_word' id='word_1_240' title='bbox 981 1274 1012 1300; x_wconf 86' lang='lat' dir='ltr'><em>et</em></span> <span class='ocrx_word' id='word_1_241' title='bbox 1034 1273 1150 1309; x_wconf 72' lang='lat' dir='ltr'><em>leyitur</em></span> <span class='ocrx_word' id='word_1_242' title='bbox 1174 1272 1281 1300; x_wconf 84' lang='lat' dir='ltr'><em>aliter.</em></span> <span class='ocrx_word' id='word_1_243' title='bbox 1328 1274 1384 1302; x_wconf 69' lang='lat' dir='ltr'><em>Vel</em></span> <span class='ocrx_word' id='word_1_244' title='bbox 1406 1275 1530 1303; x_wconf 80' lang='lat' dir='ltr'><em>eliucus</em></span> <span class='ocrx_word' id='word_1_245' title='bbox 1554 1282 1610 1303; x_wconf 87' lang='lat' dir='ltr'><em>oc·-</em></span> 
     </span>
     <span class='ocr_line' id='line_1_22' title="bbox 163 1323 1609 1369; baseline 0 -9"><span class='ocrx_word' id='word_1_246' title='bbox 163 1338 260 1360; x_wconf 81' lang='lat' dir='ltr'><em>casus</em></span> <span class='ocrx_word' id='word_1_247' title='bbox 289 1331 407 1369; x_wconf 78' lang='lat' dir='ltr'><em>leyitur</em></span> <span class='ocrx_word' id='word_1_248' title='bbox 437 1339 466 1360; x_wconf 86' lang='lat' dir='ltr'><em>r.</em></span> <span class='ocrx_word' id='word_1_249' title='bbox 514 1331 631 1359; x_wconf 85' lang='lat' dir='ltr'><em>occidit</em></span> <span class='ocrx_word' id='word_1_250' title='bbox 662 1329 723 1358; x_wconf 84' lang='lat' dir='ltr'><em>lira</em></span> <span class='ocrx_word' id='word_1_251' title='bbox 748 1329 777 1357; x_wconf 84' lang='lat' dir='ltr'><em>b.</em></span> <span class='ocrx_word' id='word_1_252' title='bbox 889 1323 992 1357; x_wconf 88' lang='lat' dir='ltr'><em>VIII</em></span> <span class='ocrx_word' id='word_1_253' title='bbox 1012 1330 1074 1358; x_wconf 72' lang='grc' dir='ltr'><em>ΚΡ.</em></span> <span class='ocrx_word' id='word_1_254' title='bbox 1111 1330 1228 1358; x_wconf 81' lang='lat' dir='ltr'><em>Pectus</em></span> <span class='ocrx_word' id='word_1_255' title='bbox 1251 1329 1353 1358; x_wconf 84' lang='lat' dir='ltr'><em>teonis</em></span> <span class='ocrx_word' id='word_1_256' title='bbox 1377 1333 1496 1360; x_wconf 85' lang='lat' dir='ltr'><em>occidit</em></span> <span class='ocrx_word' id='word_1_257' title='bbox 1523 1330 1609 1361; x_wconf 68' lang='lat' dir='ltr'><em>cm.</em></span> 
     </span>
     <span class='ocr_line' id='line_1_23' title="bbox 162 1381 1611 1425; baseline 0.001 -9"><span class='ocrx_word' id='word_1_258' title='bbox 162 1388 243 1418; x_wconf 81' lang='lat' dir='ltr'><em>Dies</em></span> <span class='ocrx_word' id='word_1_259' title='bbox 258 1384 317 1425; x_wconf 62' lang='grc' dir='ltr'><strong>αρ’.</strong></span> <span class='ocrx_word' id='word_1_260' title='bbox 346 1387 384 1416; x_wconf 84' lang='grc' dir='ltr'><em>Ε.</em></span> <span class='ocrx_word' id='word_1_261' title='bbox 429 1389 542 1424; x_wconf 81' lang='lat' dir='ltr'><em>pectus</em></span> <span class='ocrx_word' id='word_1_262' title='bbox 562 1388 665 1416; x_wconf 84' lang='lat' dir='ltr'><em>leonis</em></span> <span class='ocrx_word' id='word_1_263' title='bbox 687 1385 804 1414; x_wconf 73' lang='lat' dir='ltr'><em>occidit</em></span> <span class='ocrx_word' id='word_1_264' title='bbox 830 1387 965 1413; x_wconf 82' lang='lat' dir='ltr'><em>cosmice</em></span> <span class='ocrx_word' id='word_1_265' title='bbox 988 1394 1016 1414; x_wconf 78' lang='lat' dir='ltr'><em>r.</em></span> <span class='ocrx_word' id='word_1_266' title='bbox 1115 1381 1198 1415; x_wconf 89' lang='lat' dir='ltr'><em>VII</em></span> <span class='ocrx_word' id='word_1_267' title='bbox 1216 1386 1278 1415; x_wconf 76' lang='grc' dir='ltr'><strong>ΚΡ.</strong></span> <span class='ocrx_word' id='word_1_268' title='bbox 1374 1382 1431 1416; x_wconf 86' lang='lat' dir='ltr'><em>VI</em></span> <span class='ocrx_word' id='word_1_269' title='bbox 1445 1389 1509 1417; x_wconf 76' lang='grc' dir='ltr'><strong>ΚΓ.</strong></span> <span class='ocrx_word' id='word_1_270' title='bbox 1547 1388 1611 1417; x_wconf 81' lang='lat' dir='ltr'><em>Ca-</em></span> 
     </span>
     <span class='ocr_line' id='line_1_24' title="bbox 163 1442 1612 1480; baseline 0.001 -7"><span class='ocrx_word' id='word_1_271' title='bbox 163 1445 263 1474; x_wconf 81' lang='lat' dir='ltr'><em>storis</em></span> <span class='ocrx_word' id='word_1_272' title='bbox 290 1445 321 1473; x_wconf 82' lang='lat' dir='ltr'><em>el</em></span> <span class='ocrx_word' id='word_1_273' title='bbox 343 1445 486 1473; x_wconf 82' lang='lat' dir='ltr'><em>Pollucis</em></span> <span class='ocrx_word' id='word_1_274' title='bbox 512 1444 547 1472; x_wconf 78' lang='grc' dir='ltr'><strong>Ο.</strong></span> <span class='ocrx_word' id='word_1_275' title='bbox 594 1444 657 1480; x_wconf 84' lang='lat' dir='ltr'><em>fer.</em></span> <span class='ocrx_word' id='word_1_276' title='bbox 694 1443 840 1472; x_wconf 84' lang='lat' dir='ltr'><em>Castoris</em></span> <span class='ocrx_word' id='word_1_277' title='bbox 870 1443 900 1471; x_wconf 90' lang='lat' dir='ltr'><em>el</em></span> <span class='ocrx_word' id='word_1_278' title='bbox 922 1443 1064 1472; x_wconf 78' lang='lat' dir='ltr'><em>Pollucis</em></span> <span class='ocrx_word' id='word_1_279' title='bbox 1087 1443 1124 1471; x_wconf 88' lang='grc' dir='ltr'><em>Ε.</em></span> <span class='ocrx_word' id='word_1_280' title='bbox 1176 1442 1320 1473; x_wconf 78' lang='lat' dir='ltr'><em>Castoris</em></span> <span class='ocrx_word' id='word_1_281' title='bbox 1351 1447 1382 1473; x_wconf 87' lang='lat' dir='ltr'><em>et</em></span> <span class='ocrx_word' id='word_1_282' title='bbox 1405 1446 1547 1474; x_wconf 80' lang='lat' dir='ltr'><em>Pollucis</em></span> <span class='ocrx_word' id='word_1_283' title='bbox 1571 1447 1612 1474; x_wconf 88' lang='lat' dir='ltr'><em>de</em></span> 
     </span>
     <span class='ocr_line' id='line_1_25' title="bbox 163 1496 1614 1537; baseline 0.001 -7"><span class='ocrx_word' id='word_1_284' title='bbox 163 1502 406 1531; x_wconf 80' lang='lat' dir='ltr'><em>consecratione</em></span> <span class='ocrx_word' id='word_1_285' title='bbox 428 1501 613 1537; x_wconf 84' lang='lat' dir='ltr'><em>templorum</em></span> <span class='ocrx_word' id='word_1_286' title='bbox 635 1509 665 1529; x_wconf 83' lang='lat' dir='ltr'><em>r.</em></span> <span class='ocrx_word' id='word_1_287' title='bbox 714 1500 830 1536; x_wconf 87' lang='lat' dir='ltr'><em>festum</em></span> <span class='ocrx_word' id='word_1_288' title='bbox 853 1500 990 1535; x_wconf 79' lang='lat' dir='ltr'><em>pollucis</em></span> <span class='ocrx_word' id='word_1_289' title='bbox 1014 1502 1046 1528; x_wconf 90' lang='lat' dir='ltr'><em>et</em></span> <span class='ocrx_word' id='word_1_290' title='bbox 1070 1502 1208 1529; x_wconf 79' lang='lat' dir='ltr'><em>castoris</em></span> <span class='ocrx_word' id='word_1_291' title='bbox 1231 1502 1260 1529; x_wconf 82' lang='lat' dir='ltr'><em>b.</em></span> <span class='ocrx_word' id='word_1_292' title='bbox 1342 1496 1379 1531; x_wconf 87' lang='lat' dir='ltr'><em>V</em></span> <span class='ocrx_word' id='word_1_293' title='bbox 1399 1503 1452 1531; x_wconf 80' lang='lat' dir='ltr'><em>Kl.</em></span> <span class='ocrx_word' id='word_1_294' title='bbox 1524 1497 1614 1532; x_wconf 91' lang='lat' dir='ltr'><em>IIII</em></span> 
     </span>
     <span class='ocr_line' id='line_1_26' title="bbox 164 1555 1513 1594; baseline 0 -6"><span class='ocrx_word' id='word_1_295' title='bbox 164 1559 228 1588; x_wconf 73' lang='grc' dir='ltr'><strong>ΚΡ.</strong></span> <span class='ocrx_word' id='word_1_296' title='bbox 325 1555 397 1587; x_wconf 90' lang='grc' dir='ltr'><em>ΙΙΙ</em></span> <span class='ocrx_word' id='word_1_297' title='bbox 415 1559 478 1588; x_wconf 81' lang='lat' dir='ltr'><em>Kl&#39;.</em></span> <span class='ocrx_word' id='word_1_298' title='bbox 522 1560 618 1587; x_wconf 83' lang='lat' dir='ltr'><em>Pacis</em></span> <span class='ocrx_word' id='word_1_299' title='bbox 647 1557 681 1587; x_wconf 79' lang='lat' dir='ltr'><em>C.</em></span> <span class='ocrx_word' id='word_1_300' title='bbox 729 1558 752 1594; x_wconf 92' lang='lat' dir='ltr'><em>f.</em></span> <span class='ocrx_word' id='word_1_301' title='bbox 776 1559 873 1587; x_wconf 85' lang='lat' dir='ltr'><em>Pacis</em></span> <span class='ocrx_word' id='word_1_302' title='bbox 896 1558 953 1585; x_wconf 78' lang='lat' dir='ltr'><em>Eo.</em></span> <span class='ocrx_word' id='word_1_303' title='bbox 999 1559 1096 1586; x_wconf 71' lang='lat' dir='ltr'><em>Pacis</em></span> <span class='ocrx_word' id='word_1_304' title='bbox 1119 1557 1236 1593; x_wconf 80' lang='lat' dir='ltr'><em>festum</em></span> <span class='ocrx_word' id='word_1_305' title='bbox 1258 1565 1286 1587; x_wconf 81' lang='lat' dir='ltr'><em>r.</em></span> <span class='ocrx_word' id='word_1_306' title='bbox 1383 1557 1429 1587; x_wconf 85' lang='lat' dir='ltr'><em>II</em></span> <span class='ocrx_word' id='word_1_307' title='bbox 1448 1560 1513 1589; x_wconf 73' lang='grc' dir='ltr'><em>ΚΓ.</em></span> 
     </span>
    </p>

    <p class='ocr_par' dir='ltr' id='par_1_5' title="bbox 165 1615 1614 1995">
     <span class='ocr_line' id='line_1_27' title="bbox 257 1615 1612 1652; baseline 0.001 -7"><span class='ocrx_word' id='word_1_308' title='bbox 257 1616 321 1645; x_wconf 74' lang='lat' dir='ltr'><em>Kc.</em></span> <span class='ocrx_word' id='word_1_309' title='bbox 345 1617 441 1645; x_wconf 81' lang='lat' dir='ltr'><em>Febr.</em></span> <span class='ocrx_word' id='word_1_310' title='bbox 474 1616 548 1645; x_wconf 81' lang='lat' dir='ltr'><em>Iulii</em></span> <span class='ocrx_word' id='word_1_311' title='bbox 572 1618 603 1644; x_wconf 89' lang='lat' dir='ltr'><em>et</em></span> <span class='ocrx_word' id='word_1_312' title='bbox 628 1617 777 1651; x_wconf 73' lang='lat' dir='ltr'><em>Sospitae</em></span> <span class='ocrx_word' id='word_1_313' title='bbox 804 1615 838 1644; x_wconf 82' lang='lat' dir='ltr'><em>C.</em></span> <span class='ocrx_word' id='word_1_314' title='bbox 887 1617 1016 1644; x_wconf 82' lang='lat' dir='ltr'><em>Festum</em></span> <span class='ocrx_word' id='word_1_315' title='bbox 1042 1616 1170 1650; x_wconf 77' lang='lat' dir='ltr'><em>Sospite</em></span> <span class='ocrx_word' id='word_1_316' title='bbox 1194 1617 1225 1644; x_wconf 79' lang='lat' dir='ltr'><em>et</em></span> <span class='ocrx_word' id='word_1_317' title='bbox 1248 1617 1331 1644; x_wconf 77' lang='lat' dir='ltr'><em>iouis</em></span> <span class='ocrx_word' id='word_1_318' title='bbox 1354 1616 1390 1644; x_wconf 88' lang='grc' dir='ltr'><em>Ε.</em></span> <span class='ocrx_word' id='word_1_319' title='bbox 1436 1618 1612 1652; x_wconf 71' lang='lat' dir='ltr'><em>Repeti-atio</em></span> 
     </span>
     <span class='ocr_line' id='line_1_28' title="bbox 165 1672 1613 1709; baseline -0.001 -7"><span class='ocrx_word' id='word_1_320' title='bbox 165 1674 274 1709; x_wconf 82' lang='lat' dir='ltr'><em>templi</em></span> <span class='ocrx_word' id='word_1_321' title='bbox 302 1675 434 1709; x_wconf 79' lang='lat' dir='ltr'><em>sospite.</em></span> <span class='ocrx_word' id='word_1_322' title='bbox 487 1674 662 1702; x_wconf 85' lang='lat' dir='ltr'><em>Processio</em></span> <span class='ocrx_word' id='word_1_323' title='bbox 691 1674 734 1700; x_wconf 88' lang='lat' dir='ltr'><em>ad</em></span> <span class='ocrx_word' id='word_1_324' title='bbox 769 1680 935 1701; x_wconf 75' lang='lat' dir='ltr'><em>avernum.</em></span> <span class='ocrx_word' id='word_1_325' title='bbox 987 1673 1058 1701; x_wconf 85' lang='lat' dir='ltr'><em>Iou.</em></span> <span class='ocrx_word' id='word_1_326' title='bbox 1092 1672 1207 1701; x_wconf 75' lang='lat' dir='ltr'><em>vestul.</em></span> <span class='ocrx_word' id='word_1_327' title='bbox 1243 1673 1407 1707; x_wconf 76' lang='lat' dir='ltr'><em>capitolini</em></span> <span class='ocrx_word' id='word_1_328' title='bbox 1436 1691 1443 1699; x_wconf 92' lang='lat'><strong>.</strong></span> <span class='ocrx_word' id='word_1_329' title='bbox 1469 1693 1479 1702; x_wconf 90' lang='lat'><strong>.</strong></span> <span class='ocrx_word' id='word_1_330' title='bbox 1506 1694 1514 1703; x_wconf 93' lang='lat'><em>.</em></span> <span class='ocrx_word' id='word_1_331' title='bbox 1540 1693 1550 1703; x_wconf 91' lang='lat'><strong>.</strong></span> <span class='ocrx_word' id='word_1_332' title='bbox 1582 1681 1613 1704; x_wconf 83' lang='lat' dir='ltr'><em>r.</em></span> 
     </span>
     <span class='ocr_line' id='line_1_29' title="bbox 168 1724 1614 1767; baseline 0.001 -8"><span class='ocrx_word' id='word_1_333' title='bbox 168 1731 327 1767; x_wconf 79' lang='lat' dir='ltr'><em>Templum</em></span> <span class='ocrx_word' id='word_1_334' title='bbox 361 1730 482 1766; x_wconf 79' lang='lat' dir='ltr'><em>factum</em></span> <span class='ocrx_word' id='word_1_335' title='bbox 511 1732 642 1766; x_wconf 81' lang='lat' dir='ltr'><em>sospite.</em></span> <span class='ocrx_word' id='word_1_336' title='bbox 683 1729 864 1758; x_wconf 81' lang='lat' dir='ltr'><em>celebratur</em></span> <span class='ocrx_word' id='word_1_337' title='bbox 897 1731 1012 1758; x_wconf 83' lang='lat' dir='ltr'><em>asilum</em></span> <span class='ocrx_word' id='word_1_338' title='bbox 1035 1731 1062 1758; x_wconf 90' lang='lat' dir='ltr'><em>b.</em></span> <span class='ocrx_word' id='word_1_339' title='bbox 1156 1724 1244 1756; x_wconf 91' lang='lat' dir='ltr'><em>IIII</em></span> <span class='ocrx_word' id='word_1_340' title='bbox 1265 1730 1349 1758; x_wconf 70' lang='lat' dir='ltr'><em>Non.</em></span> <span class='ocrx_word' id='word_1_341' title='bbox 1380 1729 1464 1766; x_wconf 83' lang='lat' dir='ltr'><em>Lyra</em></span> <span class='ocrx_word' id='word_1_342' title='bbox 1487 1733 1614 1766; x_wconf 81' lang='lat' dir='ltr'><em>penitus</em></span> 
     </span>
     <span class='ocr_line' id='line_1_30' title="bbox 166 1786 1612 1822; baseline 0 -5"><span class='ocrx_word' id='word_1_343' title='bbox 166 1789 285 1817; x_wconf 78' lang='lat' dir='ltr'><em>occidit</em></span> <span class='ocrx_word' id='word_1_344' title='bbox 313 1786 348 1817; x_wconf 63' lang='grc' dir='ltr'><em>(ἕ.</em></span> <span class='ocrx_word' id='word_1_345' title='bbox 393 1787 473 1816; x_wconf 85' lang='lat' dir='ltr'><em>Lira</em></span> <span class='ocrx_word' id='word_1_346' title='bbox 495 1787 612 1814; x_wconf 85' lang='lat' dir='ltr'><em>occidit</em></span> <span class='ocrx_word' id='word_1_347' title='bbox 635 1787 665 1814; x_wconf 88' lang='lat' dir='ltr'><em>et</em></span> <span class='ocrx_word' id='word_1_348' title='bbox 689 1788 811 1822; x_wconf 60' lang='lat' dir='ltr'><em>tersum</em></span> <span class='ocrx_word' id='word_1_349' title='bbox 835 1787 938 1816; x_wconf 80' lang='lat' dir='ltr'><em>leonis</em></span> <span class='ocrx_word' id='word_1_350' title='bbox 960 1787 996 1815; x_wconf 88' lang='grc' dir='ltr'><em>Ε.</em></span> <span class='ocrx_word' id='word_1_351' title='bbox 1041 1787 1105 1814; x_wconf 83' lang='lat' dir='ltr'><em>lira</em></span> <span class='ocrx_word' id='word_1_352' title='bbox 1126 1786 1244 1814; x_wconf 82' lang='lat' dir='ltr'><em>occidit</em></span> <span class='ocrx_word' id='word_1_353' title='bbox 1266 1787 1288 1815; x_wconf 76' lang='grc' dir='ltr'><em>τ’.</em></span> <span class='ocrx_word' id='word_1_354' title='bbox 1316 1794 1344 1816; x_wconf 83' lang='lat' dir='ltr'><em>e.</em></span> <span class='ocrx_word' id='word_1_355' title='bbox 1370 1795 1390 1815; x_wconf 90' lang='lat' dir='ltr'><em>a</em></span> <span class='ocrx_word' id='word_1_356' title='bbox 1412 1788 1479 1815; x_wconf 80' lang='lat' dir='ltr'><em>sole</em></span> <span class='ocrx_word' id='word_1_357' title='bbox 1505 1790 1612 1817; x_wconf 82' lang='lat' dir='ltr'><em>disce-</em></span> 
     </span>
     <span class='ocr_line' id='line_1_31' title="bbox 168 1843 1613 1880; baseline 0 -6"><span class='ocrx_word' id='word_1_358' title='bbox 168 1847 248 1874; x_wconf 81' lang='lat' dir='ltr'><em>dens</em></span> <span class='ocrx_word' id='word_1_359' title='bbox 271 1845 372 1874; x_wconf 86' lang='lat' dir='ltr'><em>eliace</em></span> <span class='ocrx_word' id='word_1_360' title='bbox 394 1845 539 1880; x_wconf 79' lang='lat' dir='ltr'><em>apparet.</em></span> <span class='ocrx_word' id='word_1_361' title='bbox 586 1843 638 1871; x_wconf 90' lang='lat' dir='ltr'><em>leo</em></span> <span class='ocrx_word' id='word_1_362' title='bbox 661 1844 777 1872; x_wconf 81' lang='lat' dir='ltr'><em>occidit</em></span> <span class='ocrx_word' id='word_1_363' title='bbox 807 1846 944 1873; x_wconf 79' lang='lat' dir='ltr'><em>cosmice</em></span> <span class='ocrx_word' id='word_1_364' title='bbox 967 1852 996 1873; x_wconf 76' lang='lat' dir='ltr'><em>r.</em></span> <span class='ocrx_word' id='word_1_365' title='bbox 1045 1844 1169 1872; x_wconf 75' lang='lat' dir='ltr'><em>OccidIt</em></span> <span class='ocrx_word' id='word_1_366' title='bbox 1191 1843 1294 1871; x_wconf 82' lang='lat' dir='ltr'><em>leonis</em></span> <span class='ocrx_word' id='word_1_367' title='bbox 1317 1844 1440 1879; x_wconf 73' lang='lat' dir='ltr'><em>teryum</em></span> <span class='ocrx_word' id='word_1_368' title='bbox 1470 1845 1534 1874; x_wconf 84' lang='lat' dir='ltr'><em>lira</em></span> <span class='ocrx_word' id='word_1_369' title='bbox 1557 1853 1613 1874; x_wconf 90' lang='lat' dir='ltr'><em>or-</em></span> 
     </span>
     <span class='ocr_line' id='line_1_32' title="bbox 167 1895 1612 1938; baseline 0.001 -7"><span class='ocrx_word' id='word_1_370' title='bbox 167 1902 272 1931; x_wconf 73' lang='grc' dir='ltr'><em>ειῑαιιε</em></span> <span class='ocrx_word' id='word_1_371' title='bbox 296 1903 324 1930; x_wconf 74' lang='grc' dir='ltr'><strong>υ.</strong></span> <span class='ocrx_word' id='word_1_372' title='bbox 418 1895 485 1929; x_wconf 83' lang='grc' dir='ltr'><em>ΙΙΙ</em></span> <span class='ocrx_word' id='word_1_373' title='bbox 502 1901 585 1930; x_wconf 69' lang='lat' dir='ltr'><em>Non.</em></span> <span class='ocrx_word' id='word_1_374' title='bbox 623 1901 760 1936; x_wconf 71' lang='lat' dir='ltr'><em>Delphin</em></span> <span class='ocrx_word' id='word_1_375' title='bbox 782 1904 929 1931; x_wconf 66' lang='lat' dir='ltr'><em>occidere</em></span> <span class='ocrx_word' id='word_1_376' title='bbox 951 1903 1062 1938; x_wconf 66' lang='lat' dir='ltr'><em>incipit</em></span> <span class='ocrx_word' id='word_1_377' title='bbox 1089 1900 1122 1930; x_wconf 80' lang='lat' dir='ltr'><em>c.</em></span> <span class='ocrx_word' id='word_1_378' title='bbox 1159 1901 1296 1936; x_wconf 76' lang='lat' dir='ltr'><em>Delphin</em></span> <span class='ocrx_word' id='word_1_379' title='bbox 1319 1902 1436 1930; x_wconf 65' lang='lat' dir='ltr'><em>occidit</em></span> <span class='ocrx_word' id='word_1_380' title='bbox 1457 1902 1496 1930; x_wconf 80' lang='grc' dir='ltr'><strong>Ε.</strong></span> <span class='ocrx_word' id='word_1_381' title='bbox 1532 1903 1612 1932; x_wconf 79' lang='lat' dir='ltr'><em>Del-</em></span> 
     </span>
     <span class='ocr_line' id='line_1_33' title="bbox 166 1957 1568 1995; baseline 0.001 -8"><span class='ocrx_word' id='word_1_382' title='bbox 166 1960 244 1995; x_wconf 74' lang='lat' dir='ltr'><em>phin</em></span> <span class='ocrx_word' id='word_1_383' title='bbox 276 1959 393 1987; x_wconf 80' lang='lat' dir='ltr'><em>occidit</em></span> <span class='ocrx_word' id='word_1_384' title='bbox 423 1958 447 1986; x_wconf 78' lang='lat' dir='ltr'><em>i.</em></span> <span class='ocrx_word' id='word_1_385' title='bbox 471 1964 501 1986; x_wconf 89' lang='lat' dir='ltr'><em>e.</em></span> <span class='ocrx_word' id='word_1_386' title='bbox 527 1965 547 1985; x_wconf 90' lang='lat' dir='ltr'><em>a</em></span> <span class='ocrx_word' id='word_1_387' title='bbox 569 1957 638 1986; x_wconf 87' lang='lat' dir='ltr'><em>sole</em></span> <span class='ocrx_word' id='word_1_388' title='bbox 670 1959 807 1988; x_wconf 79' lang='lat' dir='ltr'><em>discedit.</em></span> <span class='ocrx_word' id='word_1_389' title='bbox 840 1962 872 1988; x_wconf 84' lang='lat' dir='ltr'><em>et</em></span> <span class='ocrx_word' id='word_1_390' title='bbox 905 1962 1010 1988; x_wconf 85' lang='lat' dir='ltr'><em>oritur</em></span> <span class='ocrx_word' id='word_1_391' title='bbox 1040 1959 1141 1987; x_wconf 84' lang='lat' dir='ltr'><em>etiace</em></span> <span class='ocrx_word' id='word_1_392' title='bbox 1162 1965 1192 1986; x_wconf 80' lang='lat' dir='ltr'><em>r.</em></span> <span class='ocrx_word' id='word_1_393' title='bbox 1241 1957 1364 1986; x_wconf 85' lang='lat' dir='ltr'><em>Occidit</em></span> <span class='ocrx_word' id='word_1_394' title='bbox 1386 1959 1514 1994; x_wconf 77' lang='lat' dir='ltr'><em>delphin</em></span> <span class='ocrx_word' id='word_1_395' title='bbox 1539 1961 1568 1988; x_wconf 82' lang='lat' dir='ltr'><em>b.</em></span> 
     </span>
    </p>
   </div>
   <div class='ocr_carea' id='block_1_5' title="bbox 167 2011 1685 2177">
    <p class='ocr_par' dir='ltr' id='par_1_6' title="bbox 167 2011 1685 2177">
     <span class='ocr_line' id='line_1_34' title="bbox 168 2011 1671 2052; baseline 0.001 -8"><span class='ocrx_word' id='word_1_396' title='bbox 168 2011 214 2044; x_wconf 92' lang='lat' dir='ltr'><em>II</em></span> <span class='ocrx_word' id='word_1_397' title='bbox 237 2018 318 2045; x_wconf 85' lang='lat' dir='ltr'><em>Non.</em></span> <span class='ocrx_word' id='word_1_398' title='bbox 355 2016 520 2051; x_wconf 71' lang='lat' dir='ltr'><em>Auyustus</em></span> <span class='ocrx_word' id='word_1_399' title='bbox 554 2016 660 2044; x_wconf 85' lang='lat' dir='ltr'><em>dictus</em></span> <span class='ocrx_word' id='word_1_400' title='bbox 689 2018 739 2045; x_wconf 79' lang='lat' dir='ltr'><em>est</em></span> <span class='ocrx_word' id='word_1_401' title='bbox 766 2018 859 2051; x_wconf 79' lang='lat' dir='ltr'><em>pater</em></span> <span class='ocrx_word' id='word_1_402' title='bbox 881 2018 998 2052; x_wconf 87' lang='lat' dir='ltr'><em>patrie.</em></span> <span class='ocrx_word' id='word_1_403' title='bbox 1044 2017 1147 2044; x_wconf 84' lang='lat' dir='ltr'><em>oritur</em></span> <span class='ocrx_word' id='word_1_404' title='bbox 1171 2016 1285 2051; x_wconf 66' lang='lat' dir='ltr'><em>aanim.</em></span> <span class='ocrx_word' id='word_1_405' title='bbox 1321 2017 1350 2043; x_wconf 86' lang='lat' dir='ltr'><em>b.</em></span> <span class='ocrx_word' id='word_1_406' title='bbox 1438 2017 1520 2045; x_wconf 75' lang='lat' dir='ltr'><em>Non.</em></span> <span class='ocrx_word' id='word_1_407' title='bbox 1542 2019 1613 2045; x_wconf 83' lang='lat' dir='ltr'><em>Au-</em></span> <span class='ocrx_word' id='word_1_408' title='bbox 1667 2011 1671 2018; x_wconf 82' lang='grc'><em>“</em></span> 
     </span>
     <span class='ocr_line' id='line_1_35' title="bbox 167 2055 1685 2113; baseline -0.001 -11"><span class='ocrx_word' id='word_1_409' title='bbox 167 2074 263 2111; x_wconf 62' lang='lat' dir='ltr'><em>gusti.</em></span> <span class='ocrx_word' id='word_1_410' title='bbox 309 2073 350 2101; x_wconf 80' lang='lat' dir='ltr'><em>Ei</em></span> <span class='ocrx_word' id='word_1_411' title='bbox 371 2074 525 2107; x_wconf 77' lang='lat' dir='ltr'><em>aquarius</em></span> <span class='ocrx_word' id='word_1_412' title='bbox 549 2072 640 2101; x_wconf 81' lang='lat' dir='ltr'><em>uadit</em></span> <span class='ocrx_word' id='word_1_413' title='bbox 663 2074 705 2100; x_wconf 79' lang='lat' dir='ltr'><em>ad</em></span> <span class='ocrx_word' id='word_1_414' title='bbox 728 2080 877 2102; x_wconf 83' lang='lat' dir='ltr'><em>occasum.</em></span> <span class='ocrx_word' id='word_1_415' title='bbox 903 2073 937 2102; x_wconf 77' lang='lat'><em>0.</em></span> <span class='ocrx_word' id='word_1_416' title='bbox 983 2075 1093 2102; x_wconf 79' lang='lat' dir='ltr'><em>Nonas</em></span> <span class='ocrx_word' id='word_1_417' title='bbox 1122 2072 1250 2108; x_wconf 81' lang='lat' dir='ltr'><em>festum.</em></span> <span class='ocrx_word' id='word_1_418' title='bbox 1297 2055 1459 2109; x_wconf 64' lang='lat' dir='ltr'><em>Augustus</em></span> <span class='ocrx_word' id='word_1_419' title='bbox 1497 2069 1613 2113; x_wconf 81' lang='lat' dir='ltr'><em>[uoca-</em></span> <span class='ocrx_word' id='word_1_420' title='bbox 1663 2064 1685 2088; x_wconf 38' lang='grc' dir='ltr'><em>Ψ</em></span> 
     </span>
     <span class='ocr_line' id='line_1_36' title="bbox 170 2124 1672 2177; baseline -0.001 -16"><span class='ocrx_word' id='word_1_421' title='bbox 170 2132 224 2161; x_wconf 85' lang='lat' dir='ltr'><em>tus</em></span> <span class='ocrx_word' id='word_1_422' title='bbox 239 2132 288 2161; x_wconf 75' lang='lat' dir='ltr'><em>esi</em></span> <span class='ocrx_word' id='word_1_423' title='bbox 308 2133 403 2166; x_wconf 82' lang='lat' dir='ltr'><em>pater</em></span> <span class='ocrx_word' id='word_1_424' title='bbox 416 2131 555 2166; x_wconf 66' lang='lat' dir='ltr'><em>pail-iae.</em></span> <span class='ocrx_word' id='word_1_425' title='bbox 581 2131 729 2159; x_wconf 81' lang='lat' dir='ltr'><em>eaeoritar</em></span> <span class='ocrx_word' id='word_1_426' title='bbox 744 2132 927 2166; x_wconf 77' lang='lat' dir='ltr'><em>yaninzedes</em></span> <span class='ocrx_word' id='word_1_427' title='bbox 949 2137 1039 2159; x_wconf 76' lang='lat' dir='ltr'><em>man.</em></span> <span class='ocrx_word' id='word_1_428' title='bbox 1053 2137 1121 2160; x_wconf 82' lang='lat' dir='ltr'><em>rec.</em></span> <span class='ocrx_word' id='word_1_429' title='bbox 1139 2124 1230 2168; x_wconf 85' lang='lat' dir='ltr'><em>a‹1d.]</em></span> <span class='ocrx_word' id='word_1_430' title='bbox 1254 2129 1291 2158; x_wconf 88' lang='grc' dir='ltr'><em>Ε.</em></span> <span class='ocrx_word' id='word_1_431' title='bbox 1328 2131 1492 2166; x_wconf 72' lang='lat' dir='ltr'><em>Auyustus</em></span> <span class='ocrx_word' id='word_1_432' title='bbox 1509 2132 1615 2160; x_wconf 83' lang='lat' dir='ltr'><em>dictus</em></span> <span class='ocrx_word' id='word_1_433' title='bbox 1660 2163 1672 2177; x_wconf 45' lang='grc' dir='ltr'><strong><em>ν</em></strong></span> 
     </span>
    </p>
   </div>
   <div class='ocr_carea' id='block_1_6' title="bbox 169 2188 1568 2224">
    <p class='ocr_par' dir='ltr' id='par_1_7' title="bbox 169 2188 1568 2224">
     <span class='ocr_line' id='line_1_37' title="bbox 169 2188 1568 2224; baseline 0.001 -8"><span class='ocrx_word' id='word_1_434' title='bbox 169 2190 221 2218; x_wconf 79' lang='lat' dir='ltr'><em>est</em></span> <span class='ocrx_word' id='word_1_435' title='bbox 251 2189 346 2224; x_wconf 76' lang='lat' dir='ltr'><em>pater</em></span> <span class='ocrx_word' id='word_1_436' title='bbox 375 2189 490 2224; x_wconf 87' lang='lat' dir='ltr'><em>patrie.</em></span> <span class='ocrx_word' id='word_1_437' title='bbox 535 2188 697 2220; x_wconf 79' lang='lat' dir='ltr'><em>Aquarius</em></span> <span class='ocrx_word' id='word_1_438' title='bbox 728 2189 782 2222; x_wconf 83' lang='lat' dir='ltr'><em>qui</em></span> <span class='ocrx_word' id='word_1_439' title='bbox 814 2189 845 2217; x_wconf 84' lang='lat' dir='ltr'><em>el</em></span> <span class='ocrx_word' id='word_1_440' title='bbox 875 2189 1058 2224; x_wconf 74' lang='lat' dir='ltr'><em>yanintedes</em></span> <span class='ocrx_word' id='word_1_441' title='bbox 1092 2189 1211 2216; x_wconf 85' lang='lat' dir='ltr'><em>dicitur</em></span> <span class='ocrx_word' id='word_1_442' title='bbox 1240 2188 1345 2214; x_wconf 86' lang='lat' dir='ltr'><em>oritur</em></span> <span class='ocrx_word' id='word_1_443' title='bbox 1380 2189 1515 2216; x_wconf 74' lang='lat' dir='ltr'><em>cosmice</em></span> <span class='ocrx_word' id='word_1_444' title='bbox 1538 2196 1568 2217; x_wconf 82' lang='lat' dir='ltr'><em>r.</em></span> 
     </span>
    </p>
   </div>
   <div class='ocr_carea' id='block_1_7' title="bbox 169 2239 1659 2394">
    <p class='ocr_par' dir='ltr' id='par_1_8' title="bbox 169 2239 1662 2394">
     <span class='ocr_line' id='line_1_38' title="bbox 174 2239 1614 2275; baseline -0.001 0"><span class='ocrx_word' id='word_1_445' title='bbox 174 2239 278 2275; x_wconf 82' lang='lat' dir='ltr'><em>VIII</em></span> <span class='ocrx_word' id='word_1_446' title='bbox 296 2245 344 2274; x_wconf 82' lang='lat' dir='ltr'><em>Id.</em></span> <span class='ocrx_word' id='word_1_447' title='bbox 368 2259 413 2265; x_wconf 91' lang='lat'><em>—-</em></span> <span class='ocrx_word' id='word_1_448' title='bbox 442 2239 500 2273; x_wconf 88' lang='lat' dir='ltr'><em>VI</em></span> <span class='ocrx_word' id='word_1_449' title='bbox 516 2244 565 2272; x_wconf 89' lang='lat' dir='ltr'><em>Id.</em></span> <span class='ocrx_word' id='word_1_450' title='bbox 661 2239 698 2273; x_wconf 91' lang='lat' dir='ltr'><em>V</em></span> <span class='ocrx_word' id='word_1_451' title='bbox 720 2244 768 2272; x_wconf 85' lang='lat' dir='ltr'><em>Id.</em></span> <span class='ocrx_word' id='word_1_452' title='bbox 794 2244 924 2273; x_wconf 85' lang='lat' dir='ltr'><em>Initium</em></span> <span class='ocrx_word' id='word_1_453' title='bbox 946 2247 1035 2274; x_wconf 80' lang='lat' dir='ltr'><em>ueris</em></span> <span class='ocrx_word' id='word_1_454' title='bbox 1062 2244 1094 2273; x_wconf 79' lang='lat' dir='ltr'><em>C.</em></span> <span class='ocrx_word' id='word_1_455' title='bbox 1118 2245 1146 2272; x_wconf 89' lang='lat' dir='ltr'><strong><em>E</em></strong></span> <span class='ocrx_word' id='word_1_456' title='bbox 1168 2251 1258 2272; x_wconf 78' lang='lat' dir='ltr'><em>man.</em></span> <span class='ocrx_word' id='word_1_457' title='bbox 1281 2250 1350 2273; x_wconf 85' lang='lat' dir='ltr'><em>rec.</em></span> <span class='ocrx_word' id='word_1_458' title='bbox 1396 2244 1532 2274; x_wconf 85' lang='lat' dir='ltr'><em>1nicium</em></span> <span class='ocrx_word' id='word_1_459' title='bbox 1553 2252 1614 2274; x_wconf 86' lang='lat' dir='ltr'><em>ue-</em></span> 
     </span>
     <span class='ocr_line' id='line_1_39' title="bbox 170 2301 1616 2337; baseline 0.001 -6"><span class='ocrx_word' id='word_1_460' title='bbox 170 2303 220 2332; x_wconf 81' lang='lat' dir='ltr'><em>ris</em></span> <span class='ocrx_word' id='word_1_461' title='bbox 242 2304 419 2332; x_wconf 82' lang='lat' dir='ltr'><em>secundum</em></span> <span class='ocrx_word' id='word_1_462' title='bbox 441 2303 603 2336; x_wconf 82' lang='lat' dir='ltr'><em>quosdam.</em></span> <span class='ocrx_word' id='word_1_463' title='bbox 654 2301 742 2330; x_wconf 81' lang='lat' dir='ltr'><em>Vnde</em></span> <span class='ocrx_word' id='word_1_464' title='bbox 766 2303 881 2330; x_wconf 87' lang='lat' dir='ltr'><em>auctor</em></span> <span class='ocrx_word' id='word_1_465' title='bbox 904 2304 935 2330; x_wconf 89' lang='lat' dir='ltr'><em>et</em></span> <span class='ocrx_word' id='word_1_466' title='bbox 960 2304 1053 2337; x_wconf 80' lang='lat' dir='ltr'><em>primi</em></span> <span class='ocrx_word' id='word_1_467' title='bbox 1074 2304 1218 2337; x_wconf 80' lang='lat' dir='ltr'><em>tempora</em></span> <span class='ocrx_word' id='word_1_468' title='bbox 1240 2303 1330 2330; x_wconf 78' lang='lat' dir='ltr'><em>ueris</em></span> <span class='ocrx_word' id='word_1_469' title='bbox 1353 2303 1447 2331; x_wconf 86' lang='lat' dir='ltr'><em>erunt</em></span> <span class='ocrx_word' id='word_1_470' title='bbox 1472 2309 1500 2331; x_wconf 80' lang='lat' dir='ltr'><em>r.</em></span> <span class='ocrx_word' id='word_1_471' title='bbox 1553 2303 1616 2332; x_wconf 79' lang='lat' dir='ltr'><em>Ver</em></span> 
     </span>
     <span class='ocr_line' id='line_1_40' title="bbox 169 2353 1659 2394; baseline -0.001 -6"><span class='ocrx_word' id='word_1_472' title='bbox 169 2359 354 2394; x_wconf 59' lang='lat' dir='ltr'><em>increditur</em></span> <span class='ocrx_word' id='word_1_473' title='bbox 384 2360 560 2388; x_wconf 84' lang='lat' dir='ltr'><em>secundum</em></span> <span class='ocrx_word' id='word_1_474' title='bbox 592 2360 770 2394; x_wconf 79' lang='lat' dir='ltr'><em>computum</em></span> <span class='ocrx_word' id='word_1_475' title='bbox 798 2359 934 2388; x_wconf 83' lang='lat' dir='ltr'><em>alienum</em></span> <span class='ocrx_word' id='word_1_476' title='bbox 959 2361 986 2387; x_wconf 83' lang='lat' dir='ltr'><em>b.</em></span> <span class='ocrx_word' id='word_1_477' title='bbox 1105 2353 1194 2386; x_wconf 91' lang='lat' dir='ltr'><em>IIII</em></span> <span class='ocrx_word' id='word_1_478' title='bbox 1216 2358 1267 2387; x_wconf 82' lang='lat' dir='ltr'><em>Id.</em></span> <span class='ocrx_word' id='word_1_479' title='bbox 1308 2359 1438 2387; x_wconf 79' lang='lat' dir='ltr'><em>Initium</em></span> <span class='ocrx_word' id='word_1_480' title='bbox 1468 2361 1558 2388; x_wconf 82' lang='lat' dir='ltr'><em>ueris</em></span> <span class='ocrx_word' id='word_1_481' title='bbox 1588 2359 1617 2387; x_wconf 92' lang='grc' dir='ltr'><strong>Ε</strong></span> <span class='ocrx_word' id='word_1_482' title='bbox 1657 2375 1659 2377; x_wconf 39' lang='lat' dir='ltr'>v</span> 
     </span>
    </p>
   </div>
   <div class='ocr_carea' id='block_1_8' title="bbox 172 2411 1620 2625">
    <p class='ocr_par' dir='ltr' id='par_1_9' title="bbox 172 2411 1620 2625">
     <span class='ocr_line' id='line_1_41' title="bbox 172 2411 1616 2456; baseline 0.001 -12"><span class='ocrx_word' id='word_1_483' title='bbox 172 2423 262 2445; x_wconf 80' lang='lat' dir='ltr'><em>man.</em></span> <span class='ocrx_word' id='word_1_484' title='bbox 288 2412 389 2456; x_wconf 84' lang='lat' dir='ltr'><em>prim.</em></span> <span class='ocrx_word' id='word_1_485' title='bbox 481 2411 547 2444; x_wconf 90' lang='lat' dir='ltr'><em>III</em></span> <span class='ocrx_word' id='word_1_486' title='bbox 571 2416 619 2444; x_wconf 83' lang='lat' dir='ltr'><em>Id.</em></span> <span class='ocrx_word' id='word_1_487' title='bbox 652 2416 772 2444; x_wconf 79' lang='lat' dir='ltr'><em>Bootes</em></span> <span class='ocrx_word' id='word_1_488' title='bbox 807 2418 911 2446; x_wconf 87' lang='lat' dir='ltr'><em>oritur</em></span> <span class='ocrx_word' id='word_1_489' title='bbox 939 2416 966 2446; x_wconf 75' lang='lat' dir='ltr'><em>C&#39;</em></span> <span class='ocrx_word' id='word_1_490' title='bbox 986 2418 1014 2446; x_wconf 84' lang='lat' dir='ltr'><em>b.</em></span> <span class='ocrx_word' id='word_1_491' title='bbox 1038 2417 1066 2446; x_wconf 93' lang='grc' dir='ltr'><strong>Ε</strong></span> <span class='ocrx_word' id='word_1_492' title='bbox 1098 2423 1188 2445; x_wconf 78' lang='lat' dir='ltr'><em>man.</em></span> <span class='ocrx_word' id='word_1_493' title='bbox 1213 2422 1282 2445; x_wconf 69' lang='lat' dir='ltr'><em>roc.</em></span> <span class='ocrx_word' id='word_1_494' title='bbox 1330 2417 1464 2444; x_wconf 62' lang='lat' dir='ltr'><em>Boea-tes</em></span> <span class='ocrx_word' id='word_1_495' title='bbox 1488 2418 1616 2445; x_wconf 84' lang='lat' dir='ltr'><em>cronice</em></span> 
     </span>
     <span class='ocr_line' id='line_1_42' title="bbox 173 2468 1614 2510; baseline 0 -8"><span class='ocrx_word' id='word_1_496' title='bbox 173 2474 280 2503; x_wconf 85' lang='lat' dir='ltr'><em>oritur</em></span> <span class='ocrx_word' id='word_1_497' title='bbox 309 2475 363 2509; x_wconf 82' lang='lat' dir='ltr'><em>qui</em></span> <span class='ocrx_word' id='word_1_498' title='bbox 394 2474 514 2501; x_wconf 82' lang='lat' dir='ltr'><em>dicitur</em></span> <span class='ocrx_word' id='word_1_499' title='bbox 545 2475 654 2503; x_wconf 79' lang='lat' dir='ltr'><em>custos</em></span> <span class='ocrx_word' id='word_1_500' title='bbox 683 2480 770 2501; x_wconf 77' lang='lat' dir='ltr'><em>urse.</em></span> <span class='ocrx_word' id='word_1_501' title='bbox 806 2481 834 2503; x_wconf 85' lang='lat' dir='ltr'><em>r.</em></span> <span class='ocrx_word' id='word_1_502' title='bbox 950 2468 994 2502; x_wconf 82' lang='grc' dir='ltr'><em>ΙΙ</em></span> <span class='ocrx_word' id='word_1_503' title='bbox 1015 2475 1063 2503; x_wconf 83' lang='lat' dir='ltr'><em>Id.</em></span> <span class='ocrx_word' id='word_1_504' title='bbox 1102 2473 1250 2510; x_wconf 75' lang='lat' dir='ltr'><em>nefastus</em></span> <span class='ocrx_word' id='word_1_505' title='bbox 1283 2475 1352 2502; x_wconf 74' lang='lat' dir='ltr'><em>«lies</em></span> <span class='ocrx_word' id='word_1_506' title='bbox 1381 2475 1554 2502; x_wconf 79' lang='lat' dir='ltr'><em>Fabiorum</em></span> <span class='ocrx_word' id='word_1_507' title='bbox 1580 2473 1614 2502; x_wconf 79' lang='grc' dir='ltr'><strong>Ο.</strong></span> 
     </span>
     <span class='ocr_line' id='line_1_43' title="bbox 172 2529 1618 2567; baseline -0.001 -7"><span class='ocrx_word' id='word_1_508' title='bbox 172 2530 263 2560; x_wconf 81' lang='lat' dir='ltr'><em>Idus,</em></span> <span class='ocrx_word' id='word_1_509' title='bbox 310 2530 398 2558; x_wconf 80' lang='lat' dir='ltr'><em>louis</em></span> <span class='ocrx_word' id='word_1_510' title='bbox 422 2531 454 2558; x_wconf 85' lang='lat' dir='ltr'><em>et</em></span> <span class='ocrx_word' id='word_1_511' title='bbox 476 2531 580 2558; x_wconf 77' lang='lat' dir='ltr'><em>Fauni</em></span> <span class='ocrx_word' id='word_1_512' title='bbox 608 2529 642 2558; x_wconf 78' lang='grc' dir='ltr'><strong>Ο.</strong></span> <span class='ocrx_word' id='word_1_513' title='bbox 691 2530 802 2559; x_wconf 83' lang='lat' dir='ltr'><em>Oritur</em></span> <span class='ocrx_word' id='word_1_514' title='bbox 835 2531 954 2559; x_wconf 84' lang='lat' dir='ltr'><em>bootes.</em></span> <span class='ocrx_word' id='word_1_515' title='bbox 993 2531 1110 2567; x_wconf 82' lang='lat' dir='ltr'><em>festum</em></span> <span class='ocrx_word' id='word_1_516' title='bbox 1143 2532 1235 2567; x_wconf 79' lang='lat' dir='ltr'><em>suuni</em></span> <span class='ocrx_word' id='word_1_517' title='bbox 1259 2532 1295 2559; x_wconf 86' lang='grc' dir='ltr'><em>Ε.</em></span> <span class='ocrx_word' id='word_1_518' title='bbox 1341 2531 1430 2559; x_wconf 83' lang='lat' dir='ltr'><em>Iouis</em></span> <span class='ocrx_word' id='word_1_519' title='bbox 1462 2533 1494 2559; x_wconf 81' lang='lat' dir='ltr'><em>el</em></span> <span class='ocrx_word' id='word_1_520' title='bbox 1523 2531 1618 2566; x_wconf 81' lang='lat' dir='ltr'><em>fauni</em></span> 
     </span>
     <span class='ocr_line' id='line_1_44' title="bbox 172 2581 1620 2625; baseline 0 -8"><span class='ocrx_word' id='word_1_521' title='bbox 172 2587 301 2624; x_wconf 83' lang='lat' dir='ltr'><em>festum.</em></span> <span class='ocrx_word' id='word_1_522' title='bbox 340 2588 445 2616; x_wconf 82' lang='lat' dir='ltr'><em>obitus</em></span> <span class='ocrx_word' id='word_1_523' title='bbox 468 2587 627 2622; x_wconf 72' lang='lat' dir='ltr'><em>fabiorum</em></span> <span class='ocrx_word' id='word_1_524' title='bbox 650 2595 680 2617; x_wconf 83' lang='lat' dir='ltr'><em>r.</em></span> <span class='ocrx_word' id='word_1_525' title='bbox 726 2587 844 2624; x_wconf 84' lang='lat' dir='ltr'><em>festum</em></span> <span class='ocrx_word' id='word_1_526' title='bbox 867 2588 969 2623; x_wconf 79' lang='lat' dir='ltr'><em>fauni.</em></span> <span class='ocrx_word' id='word_1_527' title='bbox 1009 2588 1191 2625; x_wconf 77' lang='lat' dir='ltr'><em>interfectio</em></span> <span class='ocrx_word' id='word_1_528' title='bbox 1214 2587 1373 2624; x_wconf 81' lang='lat' dir='ltr'><em>fabiorum</em></span> <span class='ocrx_word' id='word_1_529' title='bbox 1397 2590 1426 2616; x_wconf 83' lang='lat' dir='ltr'><em>b.</em></span> <span class='ocrx_word' id='word_1_530' title='bbox 1517 2581 1620 2617; x_wconf 84' lang='lat' dir='ltr'><em>XVI</em></span> 
     </span>
    </p>
   </div>
   <div class='ocr_carea' id='block_1_9' title="bbox 173 2639 1649 2691">
    <p class='ocr_par' dir='ltr' id='par_1_10' title="bbox 173 2639 1649 2691">
     <span class='ocr_line' id='line_1_45' title="bbox 173 2639 1649 2691; baseline -0.001 -15"><span class='ocrx_word' id='word_1_531' title='bbox 173 2645 237 2676; x_wconf 70' lang='grc' dir='ltr'><strong>ΚΡ.</strong></span> <span class='ocrx_word' id='word_1_532' title='bbox 262 2645 361 2675; x_wconf 86' lang='lat' dir='ltr'><em>Mart.</em></span> <span class='ocrx_word' id='word_1_533' title='bbox 383 2652 503 2675; x_wconf 83' lang='lat' dir='ltr'><em>coraus</em></span> <span class='ocrx_word' id='word_1_534' title='bbox 526 2646 641 2683; x_wconf 70' lang='lat' dir='ltr'><em>anquis</em></span> <span class='ocrx_word' id='word_1_535' title='bbox 665 2647 774 2676; x_wconf 86' lang='lat' dir='ltr'><em>crater</em></span> <span class='ocrx_word' id='word_1_536' title='bbox 800 2647 948 2676; x_wconf 80' lang='lat' dir='ltr'><em>oriuntur</em></span> <span class='ocrx_word' id='word_1_537' title='bbox 975 2645 1064 2677; x_wconf 80' lang='lat' dir='ltr'><em>CErb</em></span> <span class='ocrx_word' id='word_1_538' title='bbox 1089 2647 1216 2676; x_wconf 84' lang='lat' dir='ltr'><em>cronice</em></span> <span class='ocrx_word' id='word_1_539' title='bbox 1239 2654 1267 2675; x_wconf 85' lang='lat' dir='ltr'><em>r.</em></span> <span class='ocrx_word' id='word_1_540' title='bbox 1360 2639 1398 2674; x_wconf 78' lang='lat' dir='ltr'><em>X</em></span> <span class='ocrx_word' id='word_1_541' title='bbox 1405 2639 1443 2675; x_wconf 90' lang='lat' dir='ltr'><em>V</em></span> <span class='ocrx_word' id='word_1_542' title='bbox 1462 2646 1527 2678; x_wconf 74' lang='grc' dir='ltr'><em>ΚΡ.</em></span> <span class='ocrx_word' id='word_1_543' title='bbox 1561 2645 1618 2676; x_wconf 84' lang='lat' dir='ltr'><em>Sol</em></span> <span class='ocrx_word' id='word_1_544' title='bbox 1647 2689 1649 2691; x_wconf 17' lang='grc' dir='ltr'><strong><em>ι</em></strong></span> 
     </span>
    </p>
   </div>
   <div class='ocr_carea' id='block_1_10' title="bbox 1667 1240 1685 1787">
    <p class='ocr_par' dir='ltr' id='par_1_11' title="bbox 1667 1240 1685 1787">
     <span class='ocr_line' id='line_1_46' title="bbox 1667 1240 1685 1787; textangle 90"><span class='ocrx_word' id='word_1_545' title='bbox 1680 1779 1683 1787; x_wconf 76' lang='grc'>,</span> <span class='ocrx_word' id='word_1_546' title='bbox 1673 1757 1682 1762; x_wconf 71' lang='lat' dir='ltr'>z</span> <span class='ocrx_word' id='word_1_547' title='bbox 1667 1294 1685 1739; x_wconf 35' lang='lat' dir='ltr'><em>:Athm-›QA</em></span> <span class='ocrx_word' id='word_1_548' title='bbox 1681 1267 1685 1274; x_wconf 64' lang='grc'><strong>.</strong></span> <span class='ocrx_word' id='word_1_549' title='bbox 1683 1240 1685 1252; x_wconf 48' lang='grc'><strong>..</strong></span> 
     </span>
    </p>
   </div>
   <div class='ocr_carea' id='block_1_11' title="bbox 1637 1869 1685 2943">
    <p class='ocr_par' dir='ltr' id='par_1_12' title="bbox 1637 1869 1685 2943">
     <span class='ocr_line' id='line_1_47' title="bbox 1637 1869 1685 2943; baseline 0 0"><span class='ocrx_word' id='word_1_550' title='bbox 1637 1869 1685 2943; x_wconf 95' lang='lat' dir='ltr'><em> </em></span> 
     </span>
    </p>
   </div>
  </div>
 </body>
</html>
