1685 2954
634 84 737 114 ma.
766 83 976 114 sax‘rvs
1436 71 1519 116 279

196 186 321 234 Nunc
348 183 480 225 solida
508 188 575 224 est
603 184 738 236 tellus,
769 182 845 225 sed
872 184 989 224 lacus
1017 187 1113 224 ante
1142 182 1228 224 fuit.
1258 180 1261 182 ’

142 251 236 303 Qua
264 251 446 293 Velabra
478 250 614 290 solent
649 251 688 290 in
717 251 869 292 circum
901 249 1050 290 ducere
1077 263 1259 304 pompas,

197 320 265 360 Nil
294 323 455 371 praeter
481 315 635 357 salices
663 330 867 372 cassaque
892 328 1024 357 canna
1052 316 1139 358 fuit.
1436 323 1515 361 400

140 387 282 438 Saepe
311 383 563 425 suburbanas
591 384 756 424 rediens
785 384 960 425 conuiua
986 396 1059 436 per
1086 384 1217 427 undas

194 453 358 503 Cantat,
388 455 433 490 et
460 450 513 490 ad
540 457 690 492 nautas
719 452 830 492 ebria
859 451 983 490 uerba
1011 450 1120 491 iacit.

136 519 327 561 Nondum
358 516 611 558 conueniens
639 516 813 558 diuersis
843 518 922 558 iste
950 516 1093 571 figuris

189 585 350 626 Nomen
380 585 431 625 ab
467 597 613 626 auerso
651 590 820 638 ceperat
855 597 974 626 amne
1010 583 1124 625 deus.

137 651 220 693 Hic
250 664 411 705 quoque
440 652 559 693 lucus
588 658 677 693 erat
703 653 836 694 iuncis
864 658 907 693 et
930 651 1123 692 arundine
1148 650 1303 694 densus
1436 657 1514 695 405

186 719 242 759 Et
269 718 377 771 pede
404 719 542 758 uelato
569 732 650 762 non
680 719 867 761 adeunda
894 720 1025 772 palus.

129 786 291 839 Stagna
319 791 581 827 recesserunt
610 791 652 826 et
680 798 810 840 aquas
839 799 916 827 sua
943 787 1029 841 ripa
1057 792 1234 839 coercet,

185 853 392 905 Siccaque
421 865 528 894 nunc
558 854 689 894 tellus.
721 866 810 895 mos
840 860 975 895 tamen
1005 855 1096 906 ipse
1123 859 1274 893 manet.

129 918 379 960 Reddiderat
407 932 587 960 causam.
624 921 794 974 Valeas,
822 933 926 962 anus
955 922 1118 974 optima,
1149 920 1246 972 dixi,

185 985 305 1036 Quod
332 993 523 1039 superest
550 988 645 1028 aeui
671 989 792 1028 molle
819 987 875 1029 sit
903 1001 1022 1029 omne
1049 988 1123 1028 tui.
1433 990 1513 1028 410

129 1052 307 1093 Caetera
336 1053 416 1093 iam
445 1053 598 1107 pridem
627 1052 750 1095 didici
777 1054 997 1108 puerilibus
1024 1053 1154 1106 annis,

182 1120 279 1159 Non
306 1125 443 1160 tamen
471 1121 624 1162 idcirco
652 1121 950 1174 praetereunda
977 1121 1085 1161 mihi.

125 1186 293 1226 Moenia
320 1186 577 1240 Dardanides
605 1202 735 1242 nuper
762 1202 869 1229 noua
897 1189 1054 1230 fecerat
1078 1189 1181 1230 llus:

183 1253 267 1294 Ilus
296 1252 430 1294 adhuc
456 1254 588 1295 Asiae
618 1255 737 1296 diues
765 1255 945 1296 habebat
973 1266 1097 1307 opes:

127 1320 317 1363 Creditur
345 1319 556 1362 armiferae
586 1321 750 1376 signum
780 1322 965 1362 caeleste
994 1321 1208 1362 Mineruae
1431 1322 1511 1362 415

74 1479 127 1518 Φ.
157 1481 303 1520 ,Circius
323 1479 808 1519 GDGPH1rma.se0-.344
826 1486 910 1518 tres.
950 1482 1151 1532 Cultusque
1177 1482 1237 1518 ille
1263 1482 1363 1519 locus
1383 1484 1509 1518 Euar.

70 1543 142 1568 scr.
189 1532 248 1566 ille
274 1532 372 1568 locus
402 1532 482 1569 ΟΛ
490 1530 584 1569 ΜΡ
596 1531 723 1570 ΨΤπι
734 1535 872 1569 rs320
883 1536 1017 1581 septem
1033 1536 1068 1568 et
1086 1531 1260 1578 uett.ed.;
1286 1533 1336 1567 44
1346 1543 1509 1570 war-scr.

72 1582 171 1618 lacus
195 1581 307 1616 siccus
337 1583 540 1619 (ἕψω-,3οη
587 1583 649 1631 qui
676 1584 836 1619 continet
866 1579 917 1619 Ψ.
1025 1584 1113 1618 398.
1149 1583 1214 1620 sed
1248 1581 1318 1619 fuit
1343 1588 1428 1619 ante
1452 1583 1511 1618 la-

72 1645 134 1667 cus
160 1633 203 1667 P.
307 1632 394 1677 401,
422 1635 510 1679 402,
538 1634 624 1677 399,
649 1634 724 1668 400
748 1637 889 1680 transp.
922 1633 951 1669 G
973 1636 1007 1668 et
1025 1637 1111 1669 ποτε.
1131 1632 1185 1669 ed.
1288 1633 1376 1669 399.
1402 1632 1511 1676 Quae

72 1682 142 1718 uel.
161 1684 203 1717 Τ.
243 1681 327 1723 Quo
345 1679 466 1718 uelata
483 1683 760 1731 sol.puar.scr.
800 1682 969 1718 ueleabra
994 1681 1026 1718 b.
1065 1683 1182 1718 solent
1205 1683 1244 1719 in
1258 1694 1336 1719 ras.
1349 1694 1397 1718 m.
1436 1682 1509 1719 uel.

71 1738 201 1768 sonant
232 1729 323 1768 ΟΨ.
366 1731 486 1768 Gloss.
517 1730 678 1779 uelabra]
707 1730 904 1780 papiliones
931 1743 976 1768 .1.
1001 1732 1156 1767 tentoria
1179 1735 1224 1768 E.
1266 1733 1367 1769 locus
1392 1731 1508 1768 dictus

70 1788 126 1818 est
151 1793 172 1816 a
197 1782 283 1818 uelis
309 1783 426 1817 seruio
454 1788 544 1817 teste
562 1784 612 1818 D.
716 1784 802 1817 400.
830 1787 948 1829 praet.
965 1781 1080 1817 silices
1101 1781 1183 1818 duo.
1218 1784 1294 1829 Ita,
1319 1793 1510 1831 cassaque,

74 1828 281 1878 GEfoazsi
303 1830 394 1877 falsi,
418 1836 503 1867 sunt
527 1833 586 1879 qui
612 1843 671 1868 eos
696 1830 805 1867 libros
823 1831 1150 1876 contulerunt)s22
1162 1834 1222 1868 23.
1262 1832 1327 1868 sal.
1351 1843 1509 1882 casaque

69 1893 268 1930 vitineapr.
316 1883 380 1918 sal.
410 1893 602 1930 crassaque
627 1881 706 1918 libri
731 1881 870 1929 reliqui.
976 1884 1063 1918 401.
1099 1893 1165 1930 per
1190 1881 1320 1918 herbas
1352 1880 1403 1919 Ψ.

119 1934 205 1967 402.
234 1938 334 1968 naut.
351 1932 436 1968 talia
451 1932 562 1968 uerba
582 1929 639 1980 ²153
670 1930 925 1973 (Πάπαν-,36η
963 1933 1039 1968 ebr.
1059 1932 1166 1968 turba
1183 1944 1366 1980 trinuapr.
1393 1932 1507 1968 uerba

69 1981 156 2018 facit
176 1984 227 2018 20
243 1986 328 2018 tres.
429 1983 516 2017 403.
543 1982 626 2017 Non
650 1982 734 2017 dum
759 1983 805 2018 G.
907 1982 994 2018 404.
1022 1981 1067 2017 ab
1094 1981 1246 2018 aduerso
1263 1983 1504 2019 BGDEma.

67 2044 123 2082 pr.
137 2034 170 2068 F
177 2034 267 2069 GM
271 2034 314 2068 N
318 2028 408 2067 ΡΠ
417 2029 459 2070 Ψ
463 2031 503 2068 Δ
512 2029 549 2067 Σ
560 2031 625 2068 Tb
635 2031 659 2078 f
661 2044 683 2080 9
694 2043 934 2080 nimpi-murs
947 2033 997 2067 44
1014 2034 1163 2079 triyinta
1182 2044 1277 2069 ἰιπιιε
1294 2037 1326 2068 et
1343 2036 1431 2069 uett.
1449 2031 1504 2069 ed.

68 2083 114 2119 ab
141 2094 268 2118 euerso
286 2080 347 2118 A.
387 2080 468 2132 «Sep.
495 2094 589 2119 anne
615 2085 687 2119 Er.
731 2082 851 2118 Gloss.
878 2084 933 2118 D.-
958 2082 1131 2118 Nondum
1157 2082 1273 2119 dictus
1301 2089 1357 2118 est
1382 2082 1505 2118 tiberi-

68 2145 136 2169 nus
161 2133 261 2168 ianus¹
287 2133 372 2181 quia
398 2132 557 2168 nondum
584 2132 708 2169 habuit
733 2133 908 2182 templum
942 2139 1068 2168 contra
1097 2133 1239 2168 tiberim
1270 2138 1421 2181 propter
1446 2133 1510 2168 Ιει-ι

67 2195 163 2222 cum..
275 2183 362 2217 405.
394 2183 506 2219 iuncis
531 2185 569 2219 in
596 2195 671 2220 ras.
699 2195 747 2219 φη.
797 2189 875 2219 erat
901 2182 1008 2231 uirgis
1034 2185 1093 2218 M.
1142 2190 1219 2219 erat
1245 2184 1368 2231 paucis
1393 2181 1413 2218 b
1429 2194 1504 2218 nia.

67 2245 125 2281 pr.
164 2232 462 2281 lrarundineDE
471 2235 516 2270 G.
618 2235 705 2270 406.
734 2233 828 2282 pede
856 2232 991 2269 nudato
1017 2235 1094 2269 P3.
1195 2235 1283 2268 407.
1311 2239 1347 2268 et
1373 2244 1504 2281 aquam
1567 2234 1585 2248 ³⁴

68 2295 117 2320 m.
136 2283 326 2320 ‘cohercet
346 2285 424 2323 DE
435 2286 480 2320 G.
522 2287 689 2320 coercent
708 2296 738 2320 s.
839 2285 927 2319 408.
953 2283 1143 2331 Succaque
1162 2286 1206 2319 E.
1245 2294 1315 2332 que
1334 2294 1407 2318 non
1427 2283 1503 2320 tell.
1567 2297 1570 2301 ·

69 2345 117 2369 m.
154 2329 229 2370 tell.
256 2345 358 2370 mons
384 2341 409 2371 t.
437 2335 460 2370 i.
487 2334 583 2370 foret
608 2337 667 2370 Μ.
703 2337 781 2379 Ita,
807 2334 895 2382 ipse,
923 2331 1109 2369 DGAN
1127 2333 1233 2371 ethus.
1275 2340 1395 2369 tamen
1420 2332 1505 2369 inde

71 2384 133 2420 26.
172 2390 257 2420 tam.
288 2385 354 2420 iste
379 2396 486 2420 unus.
525 2392 612 2421 tam.
639 2385 697 2421 ille
723 2384 860 2432 reliqui.
901 2383 1020 2420 Gloss.
1042 2386 1096 2420 D:
1121 2382 1213 2433 ipse]
1241 2382 1505 2419 distinctionem

70 2432 157 2468 facit
182 2439 218 2470 et
243 2446 315 2470 non
341 2433 625 2484 significantiam.
671 2435 748 2484 ipse
774 2441 811 2470 et
837 2446 908 2470 non
938 2434 1039 2471 alius.
1149 2436 1236 2468 409.
1271 2433 1394 2469 ualeas
1420 2432 1505 2468 huic

71 2489 148 2530 opt.
177 2486 222 2518 12
239 2487 300 2522 20.
400 2486 488 2522 411.
514 2484 592 2532 Pa,
619 2485 740 2532 Caet.,
769 2487 817 2522 D.
859 2486 928 2520 iam
955 2483 1062 2520 didici
1088 2483 1228 2533 pridem
1252 2480 1320 2535 Λ.σ
1415 2483 1505 2518 412.

70 2531 150 2568 Nec
174 2539 259 2569 tam.
282 2531 339 2571 Π.
394 2535 430 2572 id
456 2536 551 2572 circo
578 2537 625 2571 D.
677 2536 804 2571 iccirco
830 2538 891 2572 Ee
916 2533 971 2570 ed.
989 2534 1083 2571 Rub.
1123 2534 1229 2584 urichi
1253 2536 1299 2583 Ε.
1340 2538 1505 2584 praeter-

71 2582 189 2619 eunda
206 2589 294 2632 puto
312 2587 346 2620 D
360 2587 445 2622 GN
456 2585 539 2622 duo.
640 2587 727 2622 413.
753 2584 920 2621 darnides
946 2585 983 2621 G.
1086 2582 1175 2622 414.
1200 2584 1270 2620 llus
1296 2585 1335 2620 in
1346 2594 1421 2621 ras.
1437 2594 1487 2619 m.

119 2633 206 2670 415.
232 2635 429 2683 armigerae
456 2638 525 2675 Fe.
564 2637 655 2686 sign.
685 2636 799 2674 uitale
822 2639 870 2672 12
881 2637 944 2673 20.
