1685 2954
164 87 254 117 xml
679 116 684 122 ,
789 86 974 116 naurlvs

163 186 298 236 signari
323 185 359 224 ln
385 185 464 224 aliis
489 185 592 222 fastis
615 185 814 223 arbitratur
838 187 1038 237 Fogginius
1064 189 1185 238 p.20‚
1212 187 1310 225 nulla
1336 194 1392 225 est
1417 191 1550 229 mentio
1573 192 1609 229 in
1670 196 1674 202 “·

161 247 366 286 Maffeanis.
420 247 516 284 Nam
543 246 650 285 ualde
674 247 822 285 dubium
845 256 916 297 est,
944 262 1029 286 num
1056 250 1092 287 in
1118 251 1160 287 iis
1181 251 1434 300 Quinquatrus
1458 259 1611 302 propter

161 309 280 348 Salios
315 309 479 347 nefastae
513 309 712 359 signentur.
774 310 960 347 Charisius
995 322 1032 360 p.
1054 313 1116 348 62.
1141 312 1185 350 P.
1220 325 1244 350 a
1271 312 1502 362 quiniquamlo
1525 315 1551 351 ὅ.
1576 327 1609 352 e.

161 370 352 409 liis-wando
379 383 511 409 nomen
538 372 694 421 repetit,
728 382 838 421 quam
875 371 1149 420 originationem
1185 375 1232 411 ad
1269 376 1476 425 opinionem
1512 375 1610 414 illam

161 445 279 469 meam
299 432 345 469 de
362 432 489 470 diebus
512 433 728 483 purgatoriis
749 432 898 469 nefastis
919 433 1003 469 nolo
1023 436 1310 476 accommodare.
1347 437 1424 473 Csr.
1443 436 1610 473 Mueller.
1664 433 1683 481 ‘J

159 494 208 532 ad
233 494 340 531 Paul.
366 494 469 533 Diae.
497 508 532 545 p.
548 497 609 532 64.
664 495 776 530 lmmo
807 506 890 529 cum
923 494 952 530 is
985 495 1061 533 dies
1087 497 1181 534 inter
1205 498 1313 535 serias
1338 498 1534 535 sollemnes
1561 498 1610 534 sit
1664 507 1673 513 ⁸

158 556 258 606 apud
284 556 510 602 Varronem,
547 555 722 605 aedisque
747 555 936 592 Mineruae
961 556 1224 596 dedicationem
1251 559 1384 597 habeat
1421 560 1458 596 in
1486 559 1611 596 tabula

157 617 416 667 Praenestina,
442 617 546 656 ludos
571 630 661 654 uero
687 616 921 666 gladiatorios
948 617 1082 657 Ouidio
1112 628 1268 658 testante
1296 622 1429 669 nullos,
1456 633 1530 671 quo
1556 621 1610 666 fit,

159 687 200 718 ut
225 680 314 718 illud
342 680 377 717 N
402 685 559 729 nequeat
583 679 748 715 relictum
785 690 866 714 esse
900 691 946 715 ex
982 681 1096 717 ueteri
1130 682 1297 719 ludorum
1334 683 1611 719 honorariorum
1671 705 1676 709 ·

156 754 273 791 more,
300 743 406 780 aliter
425 753 535 791 quam
562 739 629 776 NP
655 740 838 788 signatum
865 740 950 776 olim
978 741 1038 777 uix
1064 742 1188 790 credo,
1215 743 1279 781 sed
1307 745 1499 781 euanuisse
1524 755 1611 793 par-

155 805 302 842 ticulam
330 804 407 841 eius
434 809 566 849 notae,
602 812 697 852 quae
733 802 874 851 integra
910 803 1090 852 reperitur
1114 807 1150 840 in
1178 804 1384 854 fragmento
1410 804 1610 841 Vaticano:

155 866 192 904 in
220 866 345 903 tabula
371 864 608 902 Praenestina
641 870 763 901 autem
790 871 937 914 praeter
971 864 1124 914 primam
1158 865 1326 902 lineolam
1362 864 1448 902 nibil
1482 864 1610 910 extitit,

155 940 203 966 ne
228 928 322 978 typis
354 927 530 978 impresso
564 926 765 976 exemplari
802 925 952 973 credas,
987 925 1086 975 quod
1113 925 1149 962 N
1177 925 1323 964 exbibet
1349 926 1448 977 apud
1474 927 1610 977 Foggi-

154 991 265 1028 nium.
319 990 483 1034 Quartus
510 988 832 1038 Quinquatruum,
866 987 944 1024 siue
977 987 1105 1024 tertius
1131 986 1299 1024 ludorum
1326 987 1403 1026 dies
1429 1001 1503 1026 non
1529 1001 1610 1026 mu-

153 1053 245 1090 tauit
272 1051 458 1103 pristinam
488 1056 636 1097 notam,
671 1048 889 1099 singularem
917 1049 1096 1096 sortasse,
1126 1050 1176 1085 uti
1202 1048 1390 1099 dicebam,
1424 1051 1471 1088 ob
1498 1051 1609 1088 ratio-

153 1126 250 1152 nem.
300 1112 387 1150 Dies
407 1111 673 1149 Tubilustrium
694 1111 812 1148 dictus
838 1118 960 1148 notam
981 1110 1048 1148 NP
1068 1110 1177 1147 habet
1203 1118 1240 1147 et
1265 1110 1389 1160 ferias,
1415 1112 1480 1150 sed
1506 1112 1608 1150 Mar·
1649 1117 1657 1125 “

152 1177 197 1214 tis
227 1174 428 1213 secundum
462 1173 622 1210 tabulam
649 1172 922 1210 Praenestinam
955 1180 993 1210 et
1029 1171 1122 1221 Lyd.
1150 1171 1197 1209 de
1224 1185 1339 1209 mens.
1367 1186 1404 1223 p.
1419 1176 1494 1210 206
1520 1175 1606 1218 Ra„

150 1238 343 1277 Mineruae
375 1234 574 1273 secundum
612 1234 799 1272 Ouidium.
861 1234 1114 1279 Quodetiamsi
1149 1234 1249 1284 apud
1283 1234 1380 1272 hunc
1416 1235 1508 1283 forti
1542 1235 1607 1274 deo

149 1300 289 1350 aliquot
314 1297 457 1336 codices
482 1297 684 1347 praebent,
720 1296 846 1334 dubito
878 1297 998 1334 adbuc
1024 1296 1071 1333 de
1097 1308 1223 1333 eorum
1250 1296 1324 1334 fide
1360 1304 1397 1334 et
1430 1297 1478 1334 de
1505 1304 1606 1336 uete-

149 1375 231 1401 rum
257 1366 446 1398 auctorum
474 1359 509 1394 in
538 1371 581 1395 ea
607 1370 648 1395 re
675 1371 876 1397 consensu:
912 1358 1024 1406 fortis
1049 1358 1135 1396 detes
1161 1364 1216 1394 est
1242 1358 1343 1395 Fast.
1370 1360 1409 1406 5,
1435 1359 1534 1408 598,
1567 1366 1607 1397 at

148 1424 273 1463 bellica
294 1422 361 1460 deu
398 1425 436 1468 3,
461 1422 559 1468 814,
596 1419 766 1458 bellatrix
802 1428 840 1458 et
875 1420 1053 1468 armifera
1087 1419 1184 1456 alibi.
1237 1419 1475 1458 Vaassenium
1511 1422 1606 1460 oculi

147 1487 380 1532 fefellerunt,
415 1494 496 1519 cum
523 1495 563 1531 p.
577 1483 652 1518 290
676 1483 820 1533 scripsit
845 1482 916 1520 hoc
941 1483 976 1519 T
981 1482 1206 1519 ubilustriuin
1242 1494 1315 1518 non
1341 1495 1606 1521 commemora-

149 1557 226 1587 tum
261 1558 341 1585 esse
373 1545 419 1582 ab
446 1542 596 1582 Ouidio.
650 1545 732 1581 Hoc
767 1557 855 1582 uero
890 1552 989 1582 recte
1024 1543 1302 1591 animaduertit,
1341 1545 1496 1594 proximi
1532 1545 1605 1582 diei

148 1617 254 1649 notas
288 1609 324 1645 in
351 1607 477 1644 tabula
501 1605 627 1642 maffi:
663 1607 979 1651 Q.REX.C.F.
1007 1619 1078 1643 non
1106 1606 1278 1656 explicari
1305 1618 1326 1641 a
1352 1613 1474 1656 poeta.
1527 1607 1605 1645 Ne-

148 1684 221 1724 que
247 1679 369 1708 tamen
395 1668 442 1704 de
476 1669 677 1704 mutatione
711 1669 887 1705 fastorum
923 1669 1046 1706 tabula
1083 1679 1128 1704 ea
1162 1668 1351 1704 recentiori
1387 1681 1456 1717 per
1481 1671 1605 1718 Augu-

147 1743 242 1773 stum
277 1729 508 1780 cogitandum
535 1737 613 1777 est,
647 1730 747 1779 quod
776 1731 1013 1767 Vaassenium
1049 1729 1172 1766 tabula
1200 1729 1438 1766 Praenestina
1472 1729 1605 1769 docere

146 1800 314 1848 poterat,
351 1803 471 1840 neque
498 1791 718 1840 negligentia
746 1790 868 1828 Ouidii
893 1790 1116 1837 incusanda,
1151 1790 1216 1826 sed
1242 1791 1380 1836 satum,
1417 1792 1516 1841 quod
1556 1793 1603 1829 ab

145 1869 259 1909 opere
282 1852 496 1903 imperfecto
524 1864 606 1888 eum
634 1852 783 1890 amouit.
837 1852 887 1889 Vl
912 1853 999 1889 Kal.
1029 1852 1095 1888 NP
1121 1852 1299 1901 signatum
1339 1853 1515 1890 existimat
1541 1853 1601 1890 Pi-

145 1919 248 1971 ghius
275 1918 310 1953 in
337 1915 594 1951 commentario
622 1914 780 1962 inedito,
809 1917 893 1965 quia
920 1927 964 1952 eo
992 1914 1050 1959 die
1078 1926 1180 1950 sacra
1206 1914 1362 1963 Magnae
1387 1914 1516 1951 Matris
1542 1915 1602 1952 in-

145 1980 343 2030 coeperint.
408 1976 527 2013 Docte
565 1976 635 2012 hoc
670 1977 887 2013 obseruatur
922 1988 966 2013 ex
1006 1976 1183 2012 Ammian.
1211 1975 1376 2012 Marcell.
1410 1979 1474 2023 23,
1503 1979 1526 2012 3
1565 1983 1602 2014 et

145 2043 252 2081 Vibio
279 2039 468 2089 Sequestri
503 2038 549 2074 de
584 2038 724 2074 flumin.
750 2052 788 2088 p.
813 2039 861 2076 14
889 2038 948 2076 ed.
978 2037 1119 2074 Hessel.
1178 2037 1314 2073 Verum
1345 2038 1430 2074 satis
1465 2045 1520 2074 est
1553 2038 1601 2075 ad

145 2112 269 2143 notam
296 2100 548 2152 explicandam
576 2100 673 2150 quod
701 2101 891 2137 ascribitur
926 2099 972 2136 de
1000 2106 1108 2148 capta
1135 2099 1352 2135 Alexandria
1380 2112 1401 2135 a
1429 2099 1473 2137 C.
1502 2099 1601 2137 Cae—

143 2179 248 2214 aare3
288 2165 367 2201 eius
394 2163 489 2200 enim
519 2175 642 2199 omnes
679 2175 797 2212 paene
827 2162 994 2198 uictorias
1020 2161 1117 2197 seriis
1146 2160 1350 2196 celebratas
1380 2172 1461 2198 esse
1490 2162 1601 2199 tradit

143 2230 213 2266 Dio
240 2229 303 2276 43,
322 2226 385 2263 44.
437 2224 537 2262 idem
565 2224 662 2274 quod
687 2224 796 2260 tradit
823 2227 886 2270 42,
912 2223 1094 2267 34-43‚
1121 2221 1229 2258 docet
1256 2230 1354 2258 recte
1380 2223 1508 2271 quinto
1534 2223 1600 2261 de-

143 2303 241 2328 mum
268 2300 391 2325 mense
427 2294 510 2337 post
537 2287 733 2323 aduentum
762 2285 929 2322 Caesaris
964 2285 999 2320 in
1026 2288 1230 2334 Aegyptum
1258 2283 1515 2321 Alexandriam
1539 2295 1599 2320 re-

144 2359 287 2402 ceptam
315 2350 398 2387 dici.
453 2349 532 2385 Hoc
571 2360 718 2398 quoque
756 2359 940 2397 nunquam
969 2345 1124 2383 Ouidius
1159 2347 1356 2393 omisisset,
1392 2345 1421 2381 si
1453 2357 1598 2382 carmen

143 2413 367 2450 absoluisset.
421 2411 461 2446 ln
490 2417 653 2448 extremo
681 2411 812 2446 mensis
841 2409 948 2445 biduo
982 2420 1103 2445 sacras
1140 2408 1368 2445 celebritates
1407 2406 1497 2443 duas
1533 2419 1598 2443 an·

143 2480 247 2512 notat
274 2471 452 2519 Ouidius,
479 2485 633 2522 quarum
660 2472 822 2510 neutrius
849 2470 1016 2507 indicium
1044 2476 1098 2506 est
1125 2470 1159 2507 in
1197 2471 1318 2506 tabula
1345 2468 1448 2508 Mafl'.
1499 2468 1597 2504 Cau-

142 2547 218 2573 sam
245 2535 321 2572 eius
348 2534 401 2570 rei
427 2533 663 2583 indagemus,
701 2545 795 2584 qnae
831 2546 904 2570 non
938 2532 1067 2570 eadem
1105 2532 1296 2580 utrobique
1333 2544 1412 2568 esso
1440 2530 1595 2567 uidetur.

141 2597 338 2648 Fogginius
364 2595 411 2632 ad
438 2595 546 2631 finem
575 2596 721 2633 tabulae
748 2597 886 2646 primae
912 2593 1041 2633 Praen.
1069 2606 1142 2630 non
1169 2594 1263 2630 male
1300 2593 1507 2629 obseruauit
1535 2603 1596 2628 re·-

142 2659 239 2696 ditus
273 2659 467 2709 plerosque
495 2659 646 2707 Augusti
675 2670 720 2695 ex
757 2659 893 2696 bellicis
923 2655 1213 2707 expeditionibus
1237 2655 1392 2692 Ruinam
1421 2667 1506 2692 arae
1532 2653 1595 2690 ali-
