1685 2954
622 57 722 85 LIB.
754 57 956 85 PRIMVS
1459 41 1510 83 17

130 162 189 201 At
218 173 290 202 cur
317 171 423 214 pace
452 159 559 198 lates
588 156 792 209 motisque
815 155 1036 197 recluderis
1063 153 1215 198 armis?

185 229 280 269 Nec
315 239 436 267 mora.
480 225 656 278 quaesiti
692 222 851 264 reddita
886 235 1011 263 causa
1049 224 1145 264 mihi
1174 230 1251 267 est.

131 296 190 336 Vt
220 295 369 348 populo
399 291 555 334 reditus
582 296 753 343 pateant
781 289 831 330 ad
858 290 964 330 bella
988 291 1184 343 profecto,

184 364 289 402 Tota
318 364 435 413 patet
462 358 630 411 dempta
658 359 778 398 ianua
802 363 940 397 nostra
964 370 1069 398 sera.
1429 364 1510 400 280

128 431 241 470 Pace
271 429 379 468 fores
405 424 523 478 obdo,
553 439 606 465 ne
633 438 714 479 qua
742 424 954 466 discedere
978 424 1131 478 possit:

187 495 480 545 Caesareoque
509 491 576 532 diu
604 492 766 533 nomine
796 494 962 533 clausus
988 506 1068 533 ero.

128 562 251 604 Dixit.
288 568 330 601 et
359 560 552 601 attollens
577 561 720 601 oculos
746 561 910 601 diuersa
935 565 1100 601 tuentes

180 629 360 682 Aspexit
391 633 478 667 toto
508 628 699 681 quicquid
726 628 766 668 in
795 628 891 667 orbe
915 628 1000 667 fuit.

127 697 217 737 Pax
248 701 346 736 crat.
377 701 420 735 et
445 696 584 748 uestri,
616 695 875 748 Germanice,
905 708 1032 736 causa
1059 696 1257 749 triumphi,
1431 697 1510 734 285

186 763 425 804 Tradiderat
455 763 629 803 famulas
657 763 737 802 iam
768 763 839 803 tibi
869 763 1040 804 Rhenus
1068 776 1208 816 aquas.

128 833 238 883 Iane,
265 831 358 871 face
388 835 578 870 aeternos
606 842 752 882 pacem
781 830 978 882 pacisque
1006 831 1223 882 ministroS‚

182 899 304 938 Neue
330 910 461 949 suum,
490 903 669 950 praesta,
698 897 863 936 deserat
890 902 1032 935 auctor
1060 909 1174 948 opus.

129 966 249 1017 Quod
278 971 415 1005 tamen
446 977 500 1004 ex
528 965 630 1017 ipsis
656 963 769 1004 licuit
795 963 891 1002 mihi
920 962 1078 1003 discere
1107 962 1240 1017 fastis,

184 1033 412 1073 Sacrauere
440 1036 581 1083 patres
609 1030 688 1070 hac
715 1029 795 1069 duo
825 1030 977 1082 templa
1006 1029 1083 1070 die.
1432 1037 1513 1072 290

127 1099 304 1151 Accepit
331 1098 500 1138 Phoebo
527 1097 788 1150 nymphaque
815 1095 1017 1138 Coronide
1043 1103 1182 1138 natum

179 1165 328 1217 Insula,
357 1164 520 1205 diuidua
548 1176 670 1217 quam
698 1163 843 1217 premit
871 1165 1002 1205 amnis
1031 1178 1148 1218 aqua.

125 1233 304 1286 Iuppiter
330 1229 373 1271 in
399 1236 515 1284 parte
545 1237 622 1271 est.
661 1232 773 1284 cepit
800 1232 915 1272 locus
944 1245 1048 1273 unus
1076 1239 1303 1287 utrumque,

111 1328 118 1333 -
179 1303 404 1353 Iunctaque
435 1303 532 1340 sunt
559 1311 709 1353 magno
739 1299 890 1353 templa
915 1298 1078 1354 nepotis
1106 1313 1196 1342 auo.

122 1493 208 1529 277.
235 1490 284 1527 Et
309 1503 374 1527 cur
399 1504 430 1529 s.
533 1491 620 1528 278.
649 1491 699 1529 Et
717 1491 804 1528 mihi
825 1504 947 1542 quaes.
974 1492 1078 1529 redd.
1107 1504 1214 1530 causa
1238 1491 1306 1530 suit
1329 1503 1360 1531 s,
1401 1504 1513 1542 quae-

72 1543 146 1579 sitis
164 1545 211 1579 D.
238 1543 399 1591 quaesita
427 1540 459 1578 b.
495 1541 603 1591 michi
629 1549 684 1579 est
703 1540 837 1579 ΒΕΓ.
877 1552 930 1579 est
951 1542 1021 1580 abi.
1051 1546 1147 1580 B2O
1163 1549 1245 1580 tres.
1349 1545 1436 1580 279.
1464 1543 1515 1580 Vt

73 1598 221 1642 pateant
284 1593 395 1641 opulo
430 1591 565 1628 reditus
602 1593 648 1629 ad
681 1591 736 1629 bh
761 1597 847 1630 vett.
875 1595 981 1642 impr.
1029 1596 1166 1643 populo
1193 1600 1344 1644 pateant
1378 1593 1513 1630 reditus

74 1604 322 1679 DMOHpm.
436 1645 522 1678 280.
550 1642 671 1679 demta
701 1641 833 1680 0211.
945 1646 1032 1681 281.
1068 1645 1165 1681 Pace
1197 1657 1295 1681 seras
1330 1644 1425 1681 obdo
1450 1643 1514 1681 A.

74 1691 169 1729 abdo
196 1694 240 1729 P.
280 1704 399 1740 nequa
429 1695 476 1728 D.
516 1692 648 1729 disced.
673 1700 796 1742 posset
825 1691 900 1730 GP
909 1693 956 1730 T.
996 1694 1084 1732 disc.
1110 1695 1241 1743 possim
1270 1696 1306 1731 G
1330 1706 1412 1731 aar.
1441 1705 1513 1730 scr.

74 1754 217 1792 pruma.
319 1744 406 1778 282.
435 1742 681 1791 Caesarioque
703 1746 749 1779 D.
778 1747 855 1790 Ita,
883 1756 997 1790 nom.‚
1024 1745 1160 1781 Bere
1179 1744 1267 1789 duo3
1296 1747 1514 1780 Duar.scr.

75 1793 222 1829 numine
243 1791 381 1840 reliqui.
427 1791 545 1827 clusus
569 1793 606 1827 A
631 1796 710 1829 test.
742 1794 854 1829 Grou.
901 1794 1046 1829 numine
1072 1795 1193 1830 clausa
1219 1800 1340 1830 manet
1369 1795 1404 1830 G
1428 1805 1513 1830 uam.

75 1854 306 1890 sompnum.
409 1844 496 1877 283.
529 1841 704 1878 adtollens
739 1854 770 1878 r.
820 1843 961 1878 diuersa
994 1851 1180 1880 monentes
1214 1856 1320 1880 unus.
1370 1843 1516 1880 diuersa

68 1892 236 1931 uidentes
253 1893 331 1928 AB
345 1889 1238 1942 GEFGOEFKAMNOPWAETfyprs
1264 1895 1360 1940 343,
1387 1893 1453 1930 reli,
1476 1895 1514 1930 ui

75 1944 233 1980 numeris
256 1943 422 1990 insiyniti
445 1946 588 1991 praeter
613 1941 786 1979 undecim.
897 1944 985 1980 284.
1017 1944 1207 1993 Adspexit,
1243 1943 1416 1993 quidquid
1495 1939 1515 1979 ’.ἓ

74 1992 268 2042 Prospexit
285 1994 347 2031 43.
449 1993 535 2028 285.
562 2000 640 2028 erat
659 2000 767 2042 atque
793 1993 844 2028 tui
864 1995 914 2029 ΆΙ
928 2005 1009 2030 παν.
1024 2006 1095 2031 scr.
1136 2002 1171 2030 et
1190 1995 1303 2030 nostri
1321 2006 1370 2030 m.
1406 2005 1515 2030 causa

74 2043 220 2080 tridenti
252 2055 283 2080 s.
411 2044 498 2080 286.
537 2043 756 2079 Tradiderat
790 2043 940 2079 domitas
974 2041 1066 2083 ΕΓ.
1113 2056 1220 2080 renus
1247 2047 1282 2081 E
1292 2041 1372 2081 GF
1375 2043 1437 2090 fr.

124 2096 212 2131 287.
239 2093 298 2129 fac
325 2098 460 2130 aetern.
480 2093 517 2129 A
529 2090 1026 2131 GDFGOEKMNOPss
1053 2094 1132 2131 alii.
1170 2101 1352 2131 aeternam
1376 2106 1413 2142 9.
1452 2105 1514 2131 ae·

73 2150 195 2181 ternas
221 2156 328 2193 paces
361 2144 447 2180 GK.
488 2144 658 2192 pacisque
679 2144 869 2193 magistros
890 2146 926 2180 8.
1030 2148 1118 2181 288.
1147 2158 1250 2181 suum
1277 2143 1346 2193 1275
1372 2147 1516 2181 deserat

0 2194 2 2256 ὲ
75 2197 168 2232 DE.
207 2200 354 2244 praesta
381 2193 520 2229 dixerat
544 2206 580 2229 m
605 2206 677 2230 ma.
697 2206 755 2243 pr.
793 2201 894 2230 actor
924 2193 1014 2232 ΟΦ.
1116 2197 1203 2231 289.
1231 2195 1337 2238 Quae
1370 2192 1412 2231 Ψ
1430 2206 1513 2233 nar.

75 2250 146 2282 scr.
200 2256 244 2280 ex
270 2245 338 2294 ipsi
363 2244 461 2280 licuit
486 2242 516 2289 f.
564 2255 609 2279 ex
634 2244 708 2280 istis
737 2246 769 2280 B
784 2245 813 2281 G
831 2247 881 2280 20
906 2250 990 2282 tres.
1039 2258 1082 2281 ex
1109 2246 1176 2281 illis
1200 2244 1283 2281 duo.
1333 2244 1437 2280 michi
1462 2242 1511 2280 Γ.

77 2295 142 2332 tibi
164 2294 301 2331 vannus.
340 2294 459 2331 dicere
484 2294 522 2330 A
549 2298 629 2330 test.
662 2296 773 2331 Gron.
801 2292 890 2330 ΒΦ
915 2308 987 2332 nia.
1009 2308 1064 2345 pr.
1091 2294 1134 2332 K
1141 2293 1186 2330 N
1196 2292 1280 2331 ΟΣ
1293 2294 1355 2331 Tb
1364 2294 1388 2342 f
1390 2307 1413 2342 9
1438 2307 1512 2331 ma.

75 2357 131 2393 pr.
157 2358 193 2382 m
213 2356 320 2382 rma.
339 2357 407 2381 sec.
432 2345 498 2388 40;
539 2341 611 2392 {Pp
636 2356 718 2381 var.
741 2357 810 2381 scr.
931 2348 1017 2384 290.
1054 2354 1175 2395 patres
1200 2345 1288 2381 haec
1313 2358 1345 2383 s.
1392 2352 1512 2394 patres

78 2396 147 2430 hoc
171 2397 233 2431 41.
272 2395 341 2431 hac
366 2395 430 2431 tibi
448 2397 498 2431 Κ.
538 2394 606 2430 hac
632 2402 694 2430 tua
715 2393 766 2430 A.
869 2397 957 2431 291.
984 2399 1068 2432 Ace.
1098 2395 1255 2444 nympha
1283 2395 1424 2444 phoebo
1452 2407 1513 2430 co-

80 2445 202 2482 ronide
226 2445 249 2492 f
261 2445 323 2481 sed
340 2457 430 2481 corr.
472 2444 592 2493 phebo
614 2447 706 2481 DE.
738 2445 886 2494 >nimpln
906 2444 1113 2483 DEGFr.
1215 2448 1302 2482 292.
1331 2445 1449 2482 Insola
1466 2448 1511 2482 Ρ.

79 2505 185 2543 quam
217 2496 315 2532 uehit
350 2496 461 2531 amnis
488 2496 512 2529 4
539 2496 643 2539 (test.
669 2497 781 2531 Gron.
809 2508 881 2544 qua
907 2496 1003 2532 uehit
1028 2498 1195 2543 Heius).
1244 2497 1344 2532 annis
1378 2508 1410 2532 r.

129 2547 213 2581 293.
248 2546 382 2595 Iupiter
409 2542 547 2582 ΕΘΓ.
583 2545 718 2594 lopiter
742 2548 786 2581 P.
888 2548 976 2584 294.
1010 2546 1135 2583 Iuncta
1161 2558 1305 2596 quoque
1331 2558 1451 2595 magn.
1478 2557 1512 2583 s-

80 2605 152 2643 que
177 2606 255 2630 cum
282 2608 410 2645 magno
437 2594 469 2642 f.
1092 2595 1095 2597 ’
1486 2610 1490 2613 ·

129 2655 188 2688 On.
207 2656 298 2688 Fasti.
1180 2661 1205 2694 2
