1685 2954
109 100 215 131 x01v
627 101 810 132 vssnmvs
840 101 1025 134 FLaccvs

107 200 266 240 tenueris
291 211 464 250 augurem
487 212 567 239 esse
590 201 802 252 Polyidum,
831 203 905 242 uid.
932 205 1028 255 Hyg.
1054 204 1196 255 geneal.
1222 205 1250 242 f.
1274 203 1372 254 136,
1401 207 1551 247 umbras

106 261 278 311 cadauer,
305 269 343 298 ut
369 262 405 298 in
431 267 577 299 metam.
604 265 641 311 8,
667 265 762 302 4962
793 265 1000 316 yelidaequc
1023 267 1184 305 iacebitis
1208 267 1372 305 umbrae:
1407 268 1473 307 cfr.
1500 270 1549 308 de

105 324 274 362 ”nantibus
306 323 415 360 Seru.
442 323 488 360 ad
516 326 604 361 Aen.
637 327 675 372 3,
697 326 758 362 63.
812 326 1038 366 obseruabat
1071 335 1251 366 mortuum
1289 341 1428 378 augur,
1463 329 1548 369 dum

105 385 262 422 inclusus
288 396 370 421 cum
396 397 440 422 eo
468 385 513 422 de
538 385 744 424 suscitando
771 388 936 426 meditari
961 390 1114 439 cogitur.
1165 393 1284 441 Atque
1302 387 1480 429 haetenus‘
1502 392 1550 430 de

104 458 146 484 re
171 448 412 483 astronomica
437 447 484 483 ab
511 446 644 484 Ouidio
670 454 856 487 exornata.

205 506 322 544 Venio
350 519 447 544 nunc
472 507 518 544 ad
543 509 774 559 antiquitates
800 521 920 546 sacras
948 510 994 546 ab
1013 510 1146 549 Ouidio
1172 512 1337 562 traditas,
1364 525 1460 564 quae
1482 525 1548 552 ne-

102 579 176 618 que
201 568 330 619 exigua
355 580 440 618 pars
467 570 631 607 carminis
657 577 734 618 est,
771 576 809 606 et
843 571 1101 622 plerorumque
1135 574 1264 610 iudicio
1292 575 1386 612 lectu
1414 575 1547 625 dignis-

101 631 216 679 sima,
252 642 371 680 neque
397 636 517 667 tamen
543 638 607 668 aut
633 632 812 681 explicata
837 631 944 679 satis,
980 640 1044 669 aut
1067 634 1180 671 facilis
1206 635 1252 670 ad
1279 636 1544 686 explicandum.

99 690 159 729 De
185 703 229 728 ea
254 704 294 729 re
319 698 465 742 praeter
485 693 640 742 paucula
660 691 840 742 quaedam
865 693 960 730 inter
984 693 1152 750 historica
1171 707 1281 745 supra
1307 707 1328 732 a
1355 697 1458 733 nobis
1482 709 1546 734 oc-

100 759 236 803 cupata
261 752 381 790 omnia
406 753 545 802 reliqua
569 759 672 790 sunt:
709 767 780 790 non
808 754 915 804 igitur
940 760 1025 791 ante
1051 755 1121 791 hoc
1147 763 1396 805 argumentum
1423 758 1546 794 dimit-

99 820 240 863 temus,
273 827 383 865 quam
417 814 486 851 hae
519 820 556 851 et
590 815 753 864 proxima
780 818 802 862 §
830 815 1066 852 fundamento
1094 818 1195 866 quasi
1222 819 1437 867 quaestionis
1463 825 1544 856 acto

97 876 238 925 singula
271 888 440 926 quaeque
467 877 868 913 commemorauerimus
895 884 1009 914 certe.
1060 877 1158 913 Nihil
1185 879 1278 914 enim
1304 886 1451 928 praeter
1475 879 1546 916 hoc

97 945 289 988 praestare
315 937 446 976 audeo.
500 938 584 975 Non
619 938 768 987 dubito,
804 940 890 989 quin
928 939 1054 975 harum
1092 952 1212 976 rerum
1243 940 1482 989 intelligentes
1508 946 1546 978 et

95 999 286 1050 probaturi
311 999 406 1047 sint,
443 1006 479 1037 et
517 997 951 1051 expectaturi‘exordium
985 1002 1078 1037 sumi
1105 1001 1151 1037 de
1177 1013 1241 1045 eo,
1276 1014 1362 1037 num
1391 1000 1544 1039 Ouidius

94 1061 214 1099 Verrii
232 1061 356 1098 Flacci
381 1062 481 1098 libris
505 1062 550 1099 (le
574 1063 834 1111 significatione
854 1062 1047 1099 uerborum
1071 1075 1154 1099 usus
1180 1064 1236 1099 sit.
1275 1062 1411 1099 Eorum
1434 1064 1545 1101 libro-

93 1136 175 1160 rum
203 1129 339 1174 quanta
371 1123 481 1161 fuerit
515 1123 702 1161 doctrinae
736 1124 868 1174 copia,
903 1130 1084 1161 testantur
1119 1125 1261 1161 lacerae
1295 1131 1332 1160 et
1366 1123 1543 1162 ustulatae

92 1185 194 1223 Festi
229 1186 422 1235 reliquiae:
459 1185 517 1221 uix
552 1185 598 1221 de
626 1185 698 1222 ulla
734 1197 775 1222 re
807 1185 942 1222 frustra
968 1186 1013 1222 ab
1041 1184 1174 1223 Ouidio
1199 1185 1351 1222 consulti
1377 1185 1542 1234 fuissent,

93 1247 125 1284 si
144 1246 253 1284 modo
275 1247 361 1283 editi
383 1252 469 1282 sunt
492 1246 577 1282 dum
599 1245 752 1283 Ouidius
776 1259 919 1285 carmen
947 1248 1112 1291 adornat,
1139 1246 1236 1296 quod
1262 1247 1348 1283 fecit
1372 1249 1419 1282 ab
1445 1259 1542 1284 anno

91 1307 139 1346 V.
159 1308 203 1345 C.
221 1308 295 1344 755
322 1307 401 1345 fere
428 1307 473 1343 ad
502 1315 653 1344 mortem
683 1321 796 1358 usque
823 1321 919 1346 anno
941 1309 1025 1345 770.
1076 1309 1134 1345 De
1160 1314 1279 1345 aetate
1301 1308 1417 1344 Verrii
1442 1309 1542 1358 piget

91 1380 138 1406 ex
160 1369 259 1406 libris
286 1368 542 1405 nonnullorum
571 1370 757 1418 opiniones
792 1371 1052 1417 transcribere,
1089 1382 1180 1419 quos
1207 1369 1253 1405 de
1279 1369 1453 1406 eiusmodi
1479 1381 1542 1406 re-

90 1430 159 1467 bus
187 1431 247 1466 uix
273 1431 367 1467 serio
403 1431 632 1480 inquisiuisse
669 1439 835 1481 apparet.
887 1432 984 1468 Satis
1008 1438 1085 1468 esto
1110 1431 1276 1467 Muelleri
1302 1443 1337 1466 u.
1364 1431 1414 1466 ill.
1443 1430 1541 1467 iudi-

87 1492 183 1529 cium
208 1492 307 1542 poni.
359 1492 515 1543 Scripsit
540 1493 657 1543 praef.
686 1494 732 1530 ad
757 1494 788 1529 F
792 1500 857 1530 est.
886 1507 923 1544 p.
940 1505 1056 1530 XXIX
1080 1493 1297 1541 compositos
1326 1503 1405 1529 esse
1430 1492 1540 1529 libros

87 1553 136 1591 de
164 1553 259 1602 sign.
287 1555 390 1592 uerb.
416 1561 501 1604 post
534 1568 669 1592 annum
695 1556 741 1592 V.
771 1556 813 1592 C.
842 1556 938 1603 735,
974 1562 1010 1592 et
1045 1554 1147 1591 addit
1171 1554 1339 1591 Verrium
1367 1554 1539 1591 Varronis

85 1627 246 1666 gnauum
273 1617 450 1653 cultorem
477 1623 513 1654 et
546 1618 662 1667 ipsum
691 1629 713 1654 a
739 1618 904 1654 Varrone
929 1619 1065 1654 cultum
1091 1615 1221 1660 fuisse,
1247 1616 1383 1652 scilicet
1408 1627 1539 1652 secun-

83 1678 171 1714 dum
198 1677 361 1714 Macrob.
389 1685 457 1717 sat.
487 1683 524 1727 l,
552 1680 614 1727 15,
649 1692 686 1729 p.
708 1681 782 1715 262
809 1680 903 1715 Gr.:
942 1677 1014 1715 Sed
1044 1680 1211 1715 Verrium
1239 1677 1411 1715 Flaccum
1446 1679 1540 1714 iuris

83 1738 260 1790 pontificii
283 1742 541 1789 peritissimum
568 1741 683 1778 dicere
714 1741 862 1778 solitum
887 1740 1001 1787 refert
1029 1742 1151 1777 Varro
1176 1745 1246 1776 etc.
1298 1738 1424 1774 Voluit
1450 1749 1538 1787 ergo

83 1802 237 1851 intelligi
264 1801 459 1838 admodum
487 1809 627 1839 mature
651 1803 820 1839 Verrium
847 1802 1053 1851 scripsisse,
1082 1801 1182 1836 cuius
1208 1799 1424 1836 auctoritate
1449 1812 1537 1836 usus

82 1865 128 1901 sit
153 1864 206 1900 Μ.
230 1864 321 1901 Ter.
349 1864 492 1912 Varro,
528 1865 592 1914 qui
626 1871 732 1900 natus
760 1870 814 1901 est
841 1869 935 1901 teste
962 1864 1182 1911 Hieronymo
1208 1862 1303 1897 circa
1328 1872 1463 1897 annum
1488 1861 1534 1900 V.

83 1926 130 1963 C.
157 1927 248 1969 638,
286 1925 374 1961 obiit
401 1938 496 1962 anno
526 1928 613 1963 727.
668 1926 813 1963 Obiisse
849 1926 959 1975 igitur
987 1925 1133 1962 Verrius
1167 1923 1350 1959 minimum
1387 1929 1424 1958 et
1457 1922 1536 1972 ipse

83 1987 368 2036 nonagenarius,
399 2000 467 2025 nec
485 1989 598 2024 multo
625 1994 708 2037 post
728 1999 861 2024 annum
880 1989 954 2023 767
982 1986 1138 2032 uidetur,
1165 1996 1231 2021 nee
1257 1983 1409 2020 edidisse
1434 1984 1535 2033 quic-

85 2061 194 2098 quam
221 2055 307 2098 post
333 2048 519 2085 Ouidium.
572 2049 781 2086 Putauerim
810 2057 929 2085 tamen
961 2048 1050 2084 haec
1076 2059 1147 2084 non
1173 2046 1321 2083 firmiori
1353 2045 1416 2080 niti
1448 2044 1534 2080 fun-

80 2109 265 2157 damento,
297 2122 405 2159 quam
433 2122 490 2157 ea,
517 2123 612 2160 quae
638 2111 833 2160 Fogginius
860 2110 1027 2146 disseruit
1053 2108 1099 2145 de
1126 2108 1266 2144 duobus
1293 2105 1469 2142 lemmatis
1494 2106 1532 2141 in

81 2172 214 2208 tabulis
241 2172 487 2208 Praenestinis
521 2172 637 2221 praef.
667 2186 707 2222 p.
724 2186 797 2220 XI,
824 2183 979 2222 quorum
1011 2170 1040 2206 si
1074 2169 1171 2206 sorte
1208 2168 1254 2204 de
1286 2167 1423 2211 altero,
1457 2179 1530 2216 quo

80 2233 249 2270 Tiberius
275 2234 384 2270 Pont.
410 2234 509 2270 Max.
536 2234 654 2271 sactus
681 2234 852 2280 traditur,
880 2244 967 2268 uera
994 2238 1141 2277 narrat,
1179 2237 1298 2266 tamen
1325 2229 1371 2265 de
1398 2229 1529 2276 altero,

78 2306 151 2343 quo
179 2306 235 2330 res
262 2306 359 2331 anno
386 2294 433 2331 V.
463 2295 506 2332 C.
532 2297 606 2331 774
641 2302 741 2344 gesta
778 2295 983 2341 indicatur,
1017 2305 1064 2329 ne
1099 2293 1131 2329 ei
1158 2292 1417 2337 assentiamur,
1451 2290 1529 2340 ipse

79 2354 223 2404 effecit,
263 2369 344 2392 cum
372 2358 425 2393 bis
452 2357 554 2393 radio
581 2357 792 2393 imitandum
821 2356 972 2392 curauit.
1025 2353 1255 2391 Manifestum
1283 2353 1375 2389 enim
1403 2357 1457 2388 est
1483 2351 1529 2387 ti-

76 2417 193 2454 tulum
218 2416 302 2453 VIII
321 2417 383 2454 ΚΡ
404 2419 490 2458 Mai.
519 2419 646 2455 ascribi
673 2431 745 2455 non
773 2419 932 2468 potuisse
960 2424 1153 2466 antequam
1179 2416 1247 2452 ista
1272 2420 1439 2463 suspecta
1465 2424 1527 2449 ex-

77 2485 179 2515 arata
205 2484 325 2515 essent
350 2481 531 2529 superiori
557 2480 629 2516 die.
682 2480 848 2527 Lineola,
879 2479 925 2516 de
952 2490 1023 2529 qua
1044 2477 1235 2527 Fogginius
1262 2476 1436 2528 disputat,
1464 2486 1526 2511 ea·

75 2540 158 2577 dem
183 2540 261 2577 sine
285 2539 487 2589 suspicione
515 2542 697 2578 inuenitur
717 2541 803 2577 XVI
816 2542 877 2578 ΚΓ
897 2541 1000 2588 Mai.,
1029 2541 1086 2576 uel
1113 2546 1209 2575 certe
1233 2537 1317 2574 XlX
1334 2536 1395 2572 ΚΡ
1414 2536 1524 2572 Febr.

73 2601 220 2639 Accedit
253 2602 407 2638 alterum
446 2610 698 2652 argumentum
736 2603 782 2639 de
818 2603 1010 2653 posteriori
1036 2602 1150 2638 Verrii
1187 2605 1308 2636 aetate
1344 2609 1387 2634 ex
1414 2597 1525 2634 Festo

69 2675 110 2713 p.
127 2665 214 2712 173,
228 2666 278 2700 23
297 2670 335 2701 et
351 2665 402 2700 24
421 2663 479 2701 ed.
509 2665 603 2712 Vrs.,
631 2665 691 2701 ubi
716 2664 850 2714 Opalia
879 2665 988 2702 biduo
1016 2662 1190 2701 celebrari
1216 2661 1397 2708 dicuntur,
1425 2658 1525 2708 quod
