<?xml version="1.0" encoding="UTF-8"?>
<!DOCTYPE html PUBLIC "-//W3C//DTD XHTML 1.0 Transitional//EN"
    "http://www.w3.org/TR/xhtml1/DTD/xhtml1-transitional.dtd">
<html xmlns="http://www.w3.org/1999/xhtml" xml:lang="en" lang="en">
 <head>
  <title>
</title>
<meta http-equiv="Content-Type" content="text/html;charset=utf-8" />
  <meta name='ocr-system' content='tesseract 3.04.00' />
  <meta name='ocr-capabilities' content='ocr_page ocr_carea ocr_par ocr_line ocrx_word'/>
</head>
<body>
  <div class='ocr_page' id='page_1' title='image "./fastorumlibrisex00oviduoft_0348.png"; bbox 0 0 1685 2954; ppageno 0'>
   <div class='ocr_carea' id='block_1_1' title="bbox 114 71 991 116">
    <p class='ocr_par' dir='ltr' id='par_1_1' title="bbox 114 71 991 116">
     <span class='ocr_line' id='line_1_1' title="bbox 114 71 991 116; baseline 0 -4"><span class='ocrx_word' id='word_1_1' title='bbox 114 71 171 116; x_wconf 79' lang='lat'>46</span> <span class='ocrx_word' id='word_1_2' title='bbox 649 75 991 112; x_wconf 63' lang='lat' dir='ltr'>&#39;FAsTonvu</span> 
     </span>
    </p>
   </div>
   <div class='ocr_carea' id='block_1_2' title="bbox 172 179 1557 911">
    <p class='ocr_par' dir='ltr' id='par_1_2' title="bbox 172 179 1557 911">
     <span class='ocr_line' id='line_1_2' title="bbox 225 179 1142 234; baseline 0 -10"><span class='ocrx_word' id='word_1_3' title='bbox 225 182 351 224; x_wconf 86' lang='lat' dir='ltr'>Solue</span> <span class='ocrx_word' id='word_1_4' title='bbox 378 182 508 234; x_wconf 71' lang='lat' dir='ltr'>nefas,</span> <span class='ocrx_word' id='word_1_5' title='bbox 537 179 650 223; x_wconf 81' lang='lat' dir='ltr'><strong>dixit.</strong></span> <span class='ocrx_word' id='word_1_6' title='bbox 691 183 813 224; x_wconf 88' lang='lat' dir='ltr'>soluit</span> <span class='ocrx_word' id='word_1_7' title='bbox 841 188 886 222; x_wconf 92' lang='lat' dir='ltr'>et</span> <span class='ocrx_word' id='word_1_8' title='bbox 913 183 980 222; x_wconf 87' lang='lat' dir='ltr'>ille</span> <span class='ocrx_word' id='word_1_9' title='bbox 1008 184 1142 224; x_wconf 81' lang='lat' dir='ltr'>nefas.</span> 
     </span>
     <span class='ocr_line' id='line_1_3' title="bbox 172 249 1549 303; baseline -0.002 -10"><span class='ocrx_word' id='word_1_10' title='bbox 172 251 239 293; x_wconf 80' lang='lat' dir='ltr'>Ah</span> <span class='ocrx_word' id='word_1_11' title='bbox 267 249 429 290; x_wconf 89' lang='lat' dir='ltr'>nimium</span> <span class='ocrx_word' id='word_1_12' title='bbox 458 249 615 302; x_wconf 85' lang='lat' dir='ltr'>faciles,</span> <span class='ocrx_word' id='word_1_13' title='bbox 641 249 712 303; x_wconf 92' lang='lat' dir='ltr'>qui</span> <span class='ocrx_word' id='word_1_14' title='bbox 739 250 871 291; x_wconf 88' lang='lat' dir='ltr'>tristia</span> <span class='ocrx_word' id='word_1_15' title='bbox 899 250 1063 291; x_wconf 80' lang='lat' dir='ltr'>crimina</span> <span class='ocrx_word' id='word_1_16' title='bbox 1091 249 1232 292; x_wconf 85' lang='lat' dir='ltr'>caedis</span> <span class='ocrx_word' id='word_1_17' title='bbox 1497 251 1549 290; x_wconf 82' lang='lat'>45</span> 
     </span>
     <span class='ocr_line' id='line_1_4' title="bbox 227 314 1040 371; baseline 0.002 -15"><span class='ocrx_word' id='word_1_18' title='bbox 227 314 440 357; x_wconf 78' lang='lat' dir='ltr'>Fluminea</span> <span class='ocrx_word' id='word_1_19' title='bbox 467 317 553 357; x_wconf 87' lang='lat' dir='ltr'>tolli</span> <span class='ocrx_word' id='word_1_20' title='bbox 580 329 706 370; x_wconf 87' lang='lat' dir='ltr'>posse</span> <span class='ocrx_word' id='word_1_21' title='bbox 732 318 888 370; x_wconf 87' lang='lat' dir='ltr'>putatis</span> <span class='ocrx_word' id='word_1_22' title='bbox 915 320 1040 371; x_wconf 83' lang='lat' dir='ltr'>aqua!</span> 
     </span>
     <span class='ocr_line' id='line_1_5' title="bbox 173 384 1212 438; baseline -0.001 -11"><span class='ocrx_word' id='word_1_23' title='bbox 173 385 260 427; x_wconf 86' lang='lat' dir='ltr'>Sed</span> <span class='ocrx_word' id='word_1_24' title='bbox 289 390 427 424; x_wconf 86' lang='lat' dir='ltr'>tamen</span> <span class='ocrx_word' id='word_1_25' title='bbox 456 385 609 438; x_wconf 80' lang='lat' dir='ltr'><strong>antiqui</strong></span> <span class='ocrx_word' id='word_1_26' title='bbox 636 397 688 425; x_wconf 90' lang='lat' dir='ltr'>ne</span> <span class='ocrx_word' id='word_1_27' title='bbox 716 385 883 426; x_wconf 89' lang='lat' dir='ltr'>nescius</span> <span class='ocrx_word' id='word_1_28' title='bbox 912 384 1062 426; x_wconf 84' lang='lat' dir='ltr'>ordinis</span> <span class='ocrx_word' id='word_1_29' title='bbox 1088 398 1212 438; x_wconf 88' lang='lat' dir='ltr'>erres,</span> 
     </span>
     <span class='ocr_line' id='line_1_6' title="bbox 225 452 1186 504; baseline -0.001 -11"><span class='ocrx_word' id='word_1_30' title='bbox 225 452 396 504; x_wconf 86' lang='lat' dir='ltr'>Primus,</span> <span class='ocrx_word' id='word_1_31' title='bbox 424 458 471 492; x_wconf 88' lang='lat' dir='ltr'>ut</span> <span class='ocrx_word' id='word_1_32' title='bbox 501 458 580 504; x_wconf 83' lang='lat' dir='ltr'>est,</span> <span class='ocrx_word' id='word_1_33' title='bbox 607 453 693 492; x_wconf 92' lang='lat' dir='ltr'>Iani</span> <span class='ocrx_word' id='word_1_34' title='bbox 720 453 874 494; x_wconf 84' lang='lat' dir='ltr'>mensis</span> <span class='ocrx_word' id='word_1_35' title='bbox 904 458 948 493; x_wconf 89' lang='lat' dir='ltr'>et</span> <span class='ocrx_word' id='word_1_36' title='bbox 975 459 1072 493; x_wconf 84' lang='lat' dir='ltr'>ante</span> <span class='ocrx_word' id='word_1_37' title='bbox 1101 453 1186 493; x_wconf 85' lang='lat' dir='ltr'>fuit.</span> 
     </span>
     <span class='ocr_line' id='line_1_7' title="bbox 172 518 1258 573; baseline -0.001 -12"><span class='ocrx_word' id='word_1_38' title='bbox 172 520 253 573; x_wconf 81' lang='lat' dir='ltr'>Qui</span> <span class='ocrx_word' id='word_1_39' title='bbox 283 520 464 573; x_wconf 83' lang='lat' dir='ltr'>sequitur</span> <span class='ocrx_word' id='word_1_40' title='bbox 491 522 643 572; x_wconf 83' lang='lat' dir='ltr'>Ianum,</span> <span class='ocrx_word' id='word_1_41' title='bbox 671 518 825 561; x_wconf 89' lang='lat' dir='ltr'>ueteris</span> <span class='ocrx_word' id='word_1_42' title='bbox 851 520 929 560; x_wconf 89' lang='lat' dir='ltr'>fuit</span> <span class='ocrx_word' id='word_1_43' title='bbox 956 521 1121 561; x_wconf 86' lang='lat' dir='ltr'>ultimus</span> <span class='ocrx_word' id='word_1_44' title='bbox 1147 518 1258 560; x_wconf 83' lang='lat' dir='ltr'>anni:</span> 
     </span>
     <span class='ocr_line' id='line_1_8' title="bbox 231 587 1557 642; baseline -0.002 -14"><span class='ocrx_word' id='word_1_45' title='bbox 231 589 295 628; x_wconf 84' lang='lat' dir='ltr'>Tu</span> <span class='ocrx_word' id='word_1_46' title='bbox 324 600 484 642; x_wconf 90' lang='lat' dir='ltr'>quoque</span> <span class='ocrx_word' id='word_1_47' title='bbox 515 600 734 640; x_wconf 87' lang='lat' dir='ltr'>sacrorum,</span> <span class='ocrx_word' id='word_1_48' title='bbox 763 587 965 639; x_wconf 81' lang='lat' dir='ltr'>Termine,</span> <span class='ocrx_word' id='word_1_49' title='bbox 996 588 1089 628; x_wconf 86' lang='lat' dir='ltr'>finis</span> <span class='ocrx_word' id='word_1_50' title='bbox 1121 600 1225 628; x_wconf 86' lang='lat' dir='ltr'>eras.</span> <span class='ocrx_word' id='word_1_51' title='bbox 1505 592 1557 626; x_wconf 85' lang='lat'>50</span> 
     </span>
     <span class='ocr_line' id='line_1_9' title="bbox 175 654 1312 708; baseline -0.002 -12"><span class='ocrx_word' id='word_1_52' title='bbox 175 655 337 696; x_wconf 90' lang='lat' dir='ltr'>Primus</span> <span class='ocrx_word' id='word_1_53' title='bbox 367 656 473 694; x_wconf 89' lang='lat' dir='ltr'>enim</span> <span class='ocrx_word' id='word_1_54' title='bbox 502 656 588 695; x_wconf 90' lang='lat' dir='ltr'>Iani</span> <span class='ocrx_word' id='word_1_55' title='bbox 616 654 784 707; x_wconf 84' lang='lat' dir='ltr'>mensis,</span> <span class='ocrx_word' id='word_1_56' title='bbox 810 655 904 707; x_wconf 89' lang='lat' dir='ltr'>quia</span> <span class='ocrx_word' id='word_1_57' title='bbox 932 654 1053 697; x_wconf 86' lang='lat' dir='ltr'>ianua</span> <span class='ocrx_word' id='word_1_58' title='bbox 1079 656 1207 708; x_wconf 84' lang='lat' dir='ltr'>prima</span> <span class='ocrx_word' id='word_1_59' title='bbox 1235 660 1312 694; x_wconf 87' lang='lat' dir='ltr'>est.</span> 
     </span>
     <span class='ocr_line' id='line_1_10' title="bbox 231 720 1152 773; baseline 0 -11"><span class='ocrx_word' id='word_1_60' title='bbox 231 722 310 773; x_wconf 87' lang='lat' dir='ltr'>Qui</span> <span class='ocrx_word' id='word_1_61' title='bbox 337 734 456 763; x_wconf 88' lang='lat' dir='ltr'>sacer</span> <span class='ocrx_word' id='word_1_62' title='bbox 483 728 550 763; x_wconf 89' lang='lat' dir='ltr'>est</span> <span class='ocrx_word' id='word_1_63' title='bbox 576 720 668 763; x_wconf 89' lang='lat' dir='ltr'>imis</span> <span class='ocrx_word' id='word_1_64' title='bbox 694 720 892 772; x_wconf 87' lang='lat' dir='ltr'>manibus,</span> <span class='ocrx_word' id='word_1_65' title='bbox 921 721 1027 762; x_wconf 90' lang='lat' dir='ltr'>imus</span> <span class='ocrx_word' id='word_1_66' title='bbox 1050 728 1152 762; x_wconf 87' lang='lat' dir='ltr'>erat.</span> 
     </span>
     <span class='ocr_line' id='line_1_11' title="bbox 175 787 1187 843; baseline -0.003 -11"><span class='ocrx_word' id='word_1_67' title='bbox 175 789 397 832; x_wconf 85' lang='lat' dir='ltr'>Postmodo</span> <span class='ocrx_word' id='word_1_68' title='bbox 428 789 647 830; x_wconf 85' lang='lat' dir='ltr'>ereduntur</span> <span class='ocrx_word' id='word_1_69' title='bbox 676 788 810 840; x_wconf 86' lang='lat' dir='ltr'>spatio</span> <span class='ocrx_word' id='word_1_70' title='bbox 841 787 1036 828; x_wconf 79' lang='lat' dir='ltr'>distantia</span> <span class='ocrx_word' id='word_1_71' title='bbox 1063 790 1187 843; x_wconf 85' lang='lat' dir='ltr'>longo</span> 
     </span>
     <span class='ocr_line' id='line_1_12' title="bbox 231 854 1067 911; baseline -0.002 -14"><span class='ocrx_word' id='word_1_72' title='bbox 231 859 432 911; x_wconf 84' lang='lat' dir='ltr'>Tempora</span> <span class='ocrx_word' id='word_1_73' title='bbox 460 857 523 898; x_wconf 90' lang='lat' dir='ltr'>bis</span> <span class='ocrx_word' id='word_1_74' title='bbox 553 854 662 911; x_wconf 89' lang='lat' dir='ltr'>quini</span> <span class='ocrx_word' id='word_1_75' title='bbox 689 856 955 911; x_wconf 84' lang='lat' dir='ltr'>continuasse</span> <span class='ocrx_word' id='word_1_76' title='bbox 981 856 1067 896; x_wconf 89' lang='lat' dir='ltr'>uiri.</span> 
     </span>
    </p>
   </div>
   <div class='ocr_carea' id='block_1_3' title="bbox 173 989 1568 1452">
    <p class='ocr_par' dir='ltr' id='par_1_3' title="bbox 173 989 1568 1452">
     <span class='ocr_line' id='line_1_13' title="bbox 173 989 1562 1045; baseline -0.006 -10"><span class='ocrx_word' id='word_1_77' title='bbox 173 991 374 1045; x_wconf 89' lang='lat' dir='ltr'>Principio</span> <span class='ocrx_word' id='word_1_78' title='bbox 399 989 555 1031; x_wconf 88' lang='lat' dir='ltr'>mensis</span> <span class='ocrx_word' id='word_1_79' title='bbox 584 991 794 1045; x_wconf 86' lang='lat' dir='ltr'>Phrygiae</span> <span class='ocrx_word' id='word_1_80' title='bbox 823 991 1074 1032; x_wconf 85' lang='lat' dir='ltr'>contermina</span> <span class='ocrx_word' id='word_1_81' title='bbox 1102 990 1219 1030; x_wconf 85' lang='lat' dir='ltr'>matri</span> <span class='ocrx_word' id='word_1_82' title='bbox 1512 992 1562 1027; x_wconf 86' lang='lat'>55</span> 
     </span>
     <span class='ocr_line' id='line_1_14' title="bbox 230 1057 1090 1112; baseline -0.001 -13"><span class='ocrx_word' id='word_1_83' title='bbox 230 1060 400 1112; x_wconf 87' lang='lat' dir='ltr'>Sospita</span> <span class='ocrx_word' id='word_1_84' title='bbox 428 1059 606 1099; x_wconf 90' lang='lat' dir='ltr'>delubris</span> <span class='ocrx_word' id='word_1_85' title='bbox 636 1059 782 1099; x_wconf 88' lang='lat' dir='ltr'>dieitur</span> <span class='ocrx_word' id='word_1_86' title='bbox 811 1065 931 1100; x_wconf 87' lang='lat' dir='ltr'>aucta</span> <span class='ocrx_word' id='word_1_87' title='bbox 960 1057 1090 1099; x_wconf 88' lang='lat' dir='ltr'>nouis.</span> 
     </span>
     <span class='ocr_line' id='line_1_15' title="bbox 174 1124 1290 1179; baseline -0.004 -10"><span class='ocrx_word' id='word_1_88' title='bbox 174 1128 297 1169; x_wconf 90' lang='lat' dir='ltr'>Nunc</span> <span class='ocrx_word' id='word_1_89' title='bbox 324 1124 394 1166; x_wconf 91' lang='lat' dir='ltr'>ubi</span> <span class='ocrx_word' id='word_1_90' title='bbox 421 1127 506 1167; x_wconf 86' lang='lat' dir='ltr'>sint</span> <span class='ocrx_word' id='word_1_91' title='bbox 534 1127 613 1167; x_wconf 90' lang='lat' dir='ltr'>illis</span> <span class='ocrx_word' id='word_1_92' title='bbox 641 1139 748 1179; x_wconf 88' lang='lat' dir='ltr'>quae</span> <span class='ocrx_word' id='word_1_93' title='bbox 774 1133 871 1167; x_wconf 90' lang='lat' dir='ltr'>sunt</span> <span class='ocrx_word' id='word_1_94' title='bbox 900 1132 1063 1167; x_wconf 86' lang='lat' dir='ltr'>sacrata</span> <span class='ocrx_word' id='word_1_95' title='bbox 1091 1124 1290 1177; x_wconf 82' lang='lat' dir='ltr'>kalendis,</span> 
     </span>
     <span class='ocr_line' id='line_1_16' title="bbox 230 1191 1107 1248; baseline -0.003 -13"><span class='ocrx_word' id='word_1_96' title='bbox 230 1195 401 1247; x_wconf 83' lang='lat' dir='ltr'>Templa</span> <span class='ocrx_word' id='word_1_97' title='bbox 431 1191 568 1235; x_wconf 65' lang='lat' dir='ltr'>deae?</span> <span class='ocrx_word' id='word_1_98' title='bbox 596 1195 720 1248; x_wconf 84' lang='lat' dir='ltr'>longa</span> <span class='ocrx_word' id='word_1_99' title='bbox 749 1195 1000 1247; x_wconf 82' lang='lat' dir='ltr'>procubuere</span> <span class='ocrx_word' id='word_1_100' title='bbox 1030 1194 1107 1233; x_wconf 90' lang='lat' dir='ltr'>die.</span> 
     </span>
     <span class='ocr_line' id='line_1_17' title="bbox 176 1260 1200 1312; baseline -0.004 -9"><span class='ocrx_word' id='word_1_101' title='bbox 176 1261 360 1303; x_wconf 84' lang='lat' dir='ltr'>Caetera</span> <span class='ocrx_word' id='word_1_102' title='bbox 388 1274 441 1302; x_wconf 90' lang='lat' dir='ltr'>ne</span> <span class='ocrx_word' id='word_1_103' title='bbox 469 1263 588 1302; x_wconf 88' lang='lat' dir='ltr'>simili</span> <span class='ocrx_word' id='word_1_104' title='bbox 617 1261 814 1302; x_wconf 83' lang='lat' dir='ltr'>caderent</span> <span class='ocrx_word' id='word_1_105' title='bbox 841 1262 1047 1302; x_wconf 82' lang='lat' dir='ltr'>labefacta</span> <span class='ocrx_word' id='word_1_106' title='bbox 1075 1260 1200 1312; x_wconf 87' lang='lat' dir='ltr'>ruina,</span> 
     </span>
     <span class='ocr_line' id='line_1_18' title="bbox 234 1329 1568 1382; baseline -0.004 -12"><span class='ocrx_word' id='word_1_107' title='bbox 234 1329 359 1370; x_wconf 88' lang='lat' dir='ltr'>Cauit</span> <span class='ocrx_word' id='word_1_108' title='bbox 386 1329 537 1369; x_wconf 89' lang='lat' dir='ltr'>sacrati</span> <span class='ocrx_word' id='word_1_109' title='bbox 568 1329 736 1381; x_wconf 90' lang='lat' dir='ltr'>prouida</span> <span class='ocrx_word' id='word_1_110' title='bbox 765 1342 863 1370; x_wconf 86' lang='lat' dir='ltr'>cura</span> <span class='ocrx_word' id='word_1_111' title='bbox 891 1329 1024 1382; x_wconf 75' lang='lat' dir='ltr'>ducis,</span> <span class='ocrx_word' id='word_1_112' title='bbox 1515 1330 1568 1365; x_wconf 83' lang='lat'>60</span> 
     </span>
     <span class='ocr_line' id='line_1_19' title="bbox 175 1395 1165 1452; baseline -0.001 -15"><span class='ocrx_word' id='word_1_113' title='bbox 175 1395 264 1438; x_wconf 87' lang='lat' dir='ltr'>Sub</span> <span class='ocrx_word' id='word_1_114' title='bbox 292 1408 372 1452; x_wconf 86' lang='lat' dir='ltr'>quo</span> <span class='ocrx_word' id='word_1_115' title='bbox 403 1395 582 1436; x_wconf 86' lang='lat' dir='ltr'>delubris</span> <span class='ocrx_word' id='word_1_116' title='bbox 607 1397 783 1438; x_wconf 88' lang='lat' dir='ltr'>sentitur</span> <span class='ocrx_word' id='word_1_117' title='bbox 811 1398 921 1437; x_wconf 89' lang='lat' dir='ltr'>nulla</span> <span class='ocrx_word' id='word_1_118' title='bbox 946 1401 1165 1437; x_wconf 84' lang='lat' dir='ltr'>senectus:</span> 
     </span>
    </p>
   </div>
   <div class='ocr_carea' id='block_1_4' title="bbox 119 1487 1575 2700">
    <p class='ocr_par' dir='ltr' id='par_1_4' title="bbox 119 1487 1575 2094">
     <span class='ocr_line' id='line_1_20' title="bbox 119 1487 1568 1541; baseline -0.003 -13"><span class='ocrx_word' id='word_1_119' title='bbox 119 1497 302 1541; x_wconf 84' lang='lat' dir='ltr'>napactoo</span> <span class='ocrx_word' id='word_1_120' title='bbox 316 1487 455 1527; x_wconf 81' lang='grc' dir='ltr'>ΑΔΣ</span> <span class='ocrx_word' id='word_1_121' title='bbox 468 1492 610 1539; x_wconf 72' lang='lat' dir='ltr'>uiyinti.</span> <span class='ocrx_word' id='word_1_122' title='bbox 640 1491 861 1540; x_wconf 80' lang='lat' dir='ltr'>napactoloo</span> <span class='ocrx_word' id='word_1_123' title='bbox 875 1489 936 1528; x_wconf 89' lang='lat' dir='ltr'>A.</span> <span class='ocrx_word' id='word_1_124' title='bbox 962 1491 1138 1541; x_wconf 87' lang='lat' dir='ltr'>-pactolo</span> <span class='ocrx_word' id='word_1_125' title='bbox 1163 1487 1233 1537; x_wconf 78' lang='lat' dir='ltr'>(D9</span> <span class='ocrx_word' id='word_1_126' title='bbox 1247 1493 1391 1538; x_wconf 77' lang='lat' dir='ltr'>septem.</span> <span class='ocrx_word' id='word_1_127' title='bbox 1417 1493 1568 1538; x_wconf 79' lang='lat' dir='ltr'>-pacta-</span> 
     </span>
     <span class='ocr_line' id='line_1_21' title="bbox 124 1538 1567 1591; baseline -0.002 -13"><span class='ocrx_word' id='word_1_128' title='bbox 124 1542 184 1578; x_wconf 82' lang='lat' dir='ltr'>loo</span> <span class='ocrx_word' id='word_1_129' title='bbox 204 1541 236 1588; x_wconf 78' lang='lat' dir='ltr'>f.</span> <span class='ocrx_word' id='word_1_130' title='bbox 264 1542 458 1591; x_wconf 85' lang='lat' dir='ltr'>—pactolos</span> <span class='ocrx_word' id='word_1_131' title='bbox 474 1554 510 1590; x_wconf 81' lang='lat' dir='ltr'>p.</span> <span class='ocrx_word' id='word_1_132' title='bbox 539 1549 741 1591; x_wconf 83' lang='lat' dir='ltr'>naupacteo</span> <span class='ocrx_word' id='word_1_133' title='bbox 755 1541 882 1590; x_wconf 72' lang='lat' dir='ltr'>reliqui</span> <span class='ocrx_word' id='word_1_134' title='bbox 894 1544 1050 1590; x_wconf 67' lang='lat' dir='ltr'>exceptis</span> <span class='ocrx_word' id='word_1_135' title='bbox 1062 1538 1155 1585; x_wconf 74' lang='grc' dir='ltr'>ΕΨ,</span> <span class='ocrx_word' id='word_1_136' title='bbox 1178 1551 1267 1588; x_wconf 82' lang='lat' dir='ltr'>quos</span> <span class='ocrx_word' id='word_1_137' title='bbox 1280 1551 1419 1588; x_wconf 80' lang='lat' dir='ltr'>sequor.</span> <span class='ocrx_word' id='word_1_138' title='bbox 1445 1538 1567 1575; x_wconf 79' lang='lat' dir='ltr'>Gloss.</span> 
     </span>
     <span class='ocr_line' id='line_1_22' title="bbox 122 1589 1569 1639; baseline -0.004 -10"><span class='ocrx_word' id='word_1_139' title='bbox 122 1594 181 1629; x_wconf 81' lang='lat' dir='ltr'>D:</span> <span class='ocrx_word' id='word_1_140' title='bbox 215 1592 365 1628; x_wconf 86' lang='lat' dir='ltr'>Almeon</span> <span class='ocrx_word' id='word_1_141' title='bbox 393 1603 475 1627; x_wconf 85' lang='lat' dir='ltr'>cesa</span> <span class='ocrx_word' id='word_1_142' title='bbox 503 1599 617 1628; x_wconf 79' lang='lat' dir='ltr'>matre</span> <span class='ocrx_word' id='word_1_143' title='bbox 644 1592 781 1628; x_wconf 81' lang='lat' dir='ltr'>eurifile</span> <span class='ocrx_word' id='word_1_144' title='bbox 806 1592 899 1639; x_wconf 77' lang='lat' dir='ltr'>fugit</span> <span class='ocrx_word' id='word_1_145' title='bbox 923 1593 959 1627; x_wconf 92' lang='lat' dir='ltr'>in</span> <span class='ocrx_word' id='word_1_146' title='bbox 985 1591 1200 1627; x_wconf 80' lang='lat' dir='ltr'>calidoniam</span> <span class='ocrx_word' id='word_1_147' title='bbox 1228 1597 1264 1626; x_wconf 87' lang='lat' dir='ltr'>et</span> <span class='ocrx_word' id='word_1_148' title='bbox 1291 1592 1430 1637; x_wconf 77' lang='lat' dir='ltr'>accepit</span> <span class='ocrx_word' id='word_1_149' title='bbox 1459 1589 1569 1624; x_wconf 84' lang='lat' dir='ltr'>filiam</span> 
     </span>
     <span class='ocr_line' id='line_1_23' title="bbox 120 1636 1575 1690; baseline -0.003 -11"><span class='ocrx_word' id='word_1_150' title='bbox 120 1641 261 1679; x_wconf 86' lang='lat' dir='ltr'>acheloi</span> <span class='ocrx_word' id='word_1_151' title='bbox 288 1642 472 1679; x_wconf 83' lang='lat' dir='ltr'>calliroen.</span> <span class='ocrx_word' id='word_1_152' title='bbox 574 1644 634 1678; x_wconf 85' lang='grc'>44.</span> <span class='ocrx_word' id='word_1_153' title='bbox 661 1648 699 1678; x_wconf 87' lang='lat' dir='ltr'>et</span> <span class='ocrx_word' id='word_1_154' title='bbox 723 1642 800 1690; x_wconf 90' lang='lat' dir='ltr'>ipse</span> <span class='ocrx_word' id='word_1_155' title='bbox 827 1654 850 1690; x_wconf 84' lang='lat' dir='ltr'>p</span> <span class='ocrx_word' id='word_1_156' title='bbox 877 1653 961 1678; x_wconf 65' lang='lat' dir='ltr'>aar.</span> <span class='ocrx_word' id='word_1_157' title='bbox 981 1653 1053 1678; x_wconf 83' lang='lat' dir='ltr'>scr.</span> <span class='ocrx_word' id='word_1_158' title='bbox 1157 1642 1221 1677; x_wconf 84' lang='grc'>45.</span> <span class='ocrx_word' id='word_1_159' title='bbox 1248 1641 1306 1685; x_wconf 82' lang='lat' dir='ltr'>Ha</span> <span class='ocrx_word' id='word_1_160' title='bbox 1333 1636 1575 1676; x_wconf 83' lang='grc' dir='ltr'><em>ΒΦΛΡΠ</em></span> 
     </span>
     <span class='ocr_line' id='line_1_24' title="bbox 120 1690 1571 1742; baseline -0.003 -12"><span class='ocrx_word' id='word_1_161' title='bbox 120 1690 309 1739; x_wconf 77' lang='lat' dir='ltr'>Aber.</span> <span class='ocrx_word' id='word_1_162' title='bbox 351 1693 412 1742; x_wconf 89' lang='lat' dir='ltr'>qui</span> <span class='ocrx_word' id='word_1_163' title='bbox 438 1692 544 1728; x_wconf 85' lang='lat' dir='ltr'>nimia</span> <span class='ocrx_word' id='word_1_164' title='bbox 565 1693 678 1728; x_wconf 88' lang='lat' dir='ltr'>tristia</span> <span class='ocrx_word' id='word_1_165' title='bbox 704 1693 787 1729; x_wconf 83' lang='lat' dir='ltr'>Cm.</span> <span class='ocrx_word' id='word_1_166' title='bbox 826 1693 887 1740; x_wconf 88' lang='lat' dir='ltr'>qui</span> <span class='ocrx_word' id='word_1_167' title='bbox 915 1693 1061 1727; x_wconf 84' lang='lat' dir='ltr'>crimina</span> <span class='ocrx_word' id='word_1_168' title='bbox 1083 1691 1195 1727; x_wconf 85' lang='lat' dir='ltr'>tristia</span> <span class='ocrx_word' id='word_1_169' title='bbox 1217 1693 1260 1726; x_wconf 86' lang='lat' dir='ltr'>B.</span> <span class='ocrx_word' id='word_1_170' title='bbox 1301 1690 1390 1726; x_wconf 83' lang='lat' dir='ltr'>trist.</span> <span class='ocrx_word' id='word_1_171' title='bbox 1412 1690 1571 1726; x_wconf 86' lang='lat' dir='ltr'>carmina</span> 
     </span>
     <span class='ocr_line' id='line_1_25' title="bbox 120 1741 1571 1792; baseline -0.003 -12"><span class='ocrx_word' id='word_1_172' title='bbox 120 1742 210 1780; x_wconf 84' lang='lat' dir='ltr'>dicis</span> <span class='ocrx_word' id='word_1_173' title='bbox 236 1741 291 1783; x_wconf 86' lang='lat' dir='ltr'>A.</span> <span class='ocrx_word' id='word_1_174' title='bbox 392 1744 454 1779; x_wconf 81' lang='lat'>46.</span> <span class='ocrx_word' id='word_1_175' title='bbox 480 1745 555 1786; x_wconf 80' lang='lat' dir='ltr'>Ita,</span> <span class='ocrx_word' id='word_1_176' title='bbox 584 1743 733 1792; x_wconf 83' lang='lat' dir='ltr'>putatis,</span> <span class='ocrx_word' id='word_1_177' title='bbox 760 1743 871 1779; x_wconf 79' lang='lat' dir='ltr'>etiam</span> <span class='ocrx_word' id='word_1_178' title='bbox 889 1741 1011 1788; x_wconf 79' lang='lat' dir='ltr'>llfeld.</span> <span class='ocrx_word' id='word_1_179' title='bbox 1053 1742 1185 1790; x_wconf 89' lang='lat' dir='ltr'>putetis</span> <span class='ocrx_word' id='word_1_180' title='bbox 1211 1743 1298 1777; x_wconf 88' lang='lat' dir='ltr'>Zm.</span> <span class='ocrx_word' id='word_1_181' title='bbox 1339 1741 1473 1790; x_wconf 83' lang='lat' dir='ltr'>putatis</span> <span class='ocrx_word' id='word_1_182' title='bbox 1499 1752 1571 1789; x_wconf 92' lang='lat' dir='ltr'>ope</span> 
     </span>
     <span class='ocr_line' id='line_1_26' title="bbox 121 1790 1570 1842; baseline -0.003 -12"><span class='ocrx_word' id='word_1_183' title='bbox 121 1792 188 1842; x_wconf 73' lang='lat' dir='ltr'>by.</span> <span class='ocrx_word' id='word_1_184' title='bbox 292 1794 356 1831; x_wconf 86' lang='lat'>48.</span> <span class='ocrx_word' id='word_1_185' title='bbox 382 1795 447 1830; x_wconf 74' lang='lat' dir='ltr'>Ita</span> <span class='ocrx_word' id='word_1_186' title='bbox 473 1792 598 1839; x_wconf 73' lang='lat' dir='ltr'>Ilfeld.</span> <span class='ocrx_word' id='word_1_187' title='bbox 639 1793 781 1828; x_wconf 83' lang='lat' dir='ltr'>Primus</span> <span class='ocrx_word' id='word_1_188' title='bbox 809 1792 927 1828; x_wconf 83' lang='lat' dir='ltr'>adhuc</span> <span class='ocrx_word' id='word_1_189' title='bbox 955 1792 1024 1828; x_wconf 83' lang='lat' dir='ltr'>iani</span> <span class='ocrx_word' id='word_1_190' title='bbox 1052 1792 1182 1827; x_wconf 88' lang='lat' dir='ltr'>mensis</span> <span class='ocrx_word' id='word_1_191' title='bbox 1207 1798 1249 1827; x_wconf 93' lang='lat' dir='ltr'>ut</span> <span class='ocrx_word' id='word_1_192' title='bbox 1275 1798 1360 1827; x_wconf 82' lang='lat' dir='ltr'>ante</span> <span class='ocrx_word' id='word_1_193' title='bbox 1388 1794 1434 1827; x_wconf 88' lang='grc'>12</span> <span class='ocrx_word' id='word_1_194' title='bbox 1461 1790 1570 1827; x_wconf 73' lang='lat' dir='ltr'>alius.</span> 
     </span>
     <span class='ocr_line' id='line_1_27' title="bbox 121 1841 1572 1880; baseline -0.002 0"><span class='ocrx_word' id='word_1_195' title='bbox 121 1851 179 1880; x_wconf 81' lang='lat' dir='ltr'>est</span> <span class='ocrx_word' id='word_1_196' title='bbox 201 1843 285 1880; x_wconf 80' lang='lat' dir='ltr'>anni</span> <span class='ocrx_word' id='word_1_197' title='bbox 309 1844 441 1880; x_wconf 84' lang='lat' dir='ltr'>mensis</span> <span class='ocrx_word' id='word_1_198' title='bbox 467 1849 506 1879; x_wconf 92' lang='lat' dir='ltr'>ut</span> <span class='ocrx_word' id='word_1_199' title='bbox 533 1850 618 1879; x_wconf 86' lang='lat' dir='ltr'>ante</span> <span class='ocrx_word' id='word_1_200' title='bbox 643 1842 711 1878; x_wconf 86' lang='lat' dir='ltr'>suit</span> <span class='ocrx_word' id='word_1_201' title='bbox 735 1855 784 1878; x_wconf 85' lang='lat' dir='ltr'>m.</span> <span class='ocrx_word' id='word_1_202' title='bbox 896 1844 959 1879; x_wconf 77' lang='lat'>49,</span> <span class='ocrx_word' id='word_1_203' title='bbox 993 1841 1063 1878; x_wconf 87' lang='lat' dir='ltr'>suit</span> <span class='ocrx_word' id='word_1_204' title='bbox 1088 1842 1233 1878; x_wconf 86' lang='lat' dir='ltr'>lutimus</span> <span class='ocrx_word' id='word_1_205' title='bbox 1259 1844 1308 1878; x_wconf 87' lang='lat' dir='ltr'>D.</span> <span class='ocrx_word' id='word_1_206' title='bbox 1417 1841 1479 1878; x_wconf 86' lang='lat'>50.</span> <span class='ocrx_word' id='word_1_207' title='bbox 1508 1841 1572 1877; x_wconf 90' lang='lat' dir='ltr'>Tu</span> 
     </span>
     <span class='ocr_line' id='line_1_28' title="bbox 120 1891 1573 1944; baseline -0.002 -13"><span class='ocrx_word' id='word_1_208' title='bbox 120 1907 220 1944; x_wconf 88' lang='lat' dir='ltr'>quo;</span> <span class='ocrx_word' id='word_1_209' title='bbox 249 1906 342 1930; x_wconf 87' lang='lat' dir='ltr'>sacr.</span> <span class='ocrx_word' id='word_1_210' title='bbox 365 1893 400 1930; x_wconf 80' lang='lat' dir='ltr'>b.</span> <span class='ocrx_word' id='word_1_211' title='bbox 527 1894 588 1929; x_wconf 89' lang='grc'><strong>51.</strong></span> <span class='ocrx_word' id='word_1_212' title='bbox 622 1895 685 1930; x_wconf 79' lang='lat' dir='ltr'>Ita</span> <span class='ocrx_word' id='word_1_213' title='bbox 710 1891 835 1939; x_wconf 76' lang='lat' dir='ltr'>Ilfeld.</span> <span class='ocrx_word' id='word_1_214' title='bbox 885 1892 1019 1929; x_wconf 82' lang='lat' dir='ltr'>Mensis</span> <span class='ocrx_word' id='word_1_215' title='bbox 1045 1894 1140 1929; x_wconf 90' lang='lat' dir='ltr'>enim</span> <span class='ocrx_word' id='word_1_216' title='bbox 1166 1893 1237 1928; x_wconf 84' lang='lat' dir='ltr'>iani</span> <span class='ocrx_word' id='word_1_217' title='bbox 1265 1892 1400 1941; x_wconf 87' lang='lat' dir='ltr'>primus</span> <span class='ocrx_word' id='word_1_218' title='bbox 1427 1892 1512 1941; x_wconf 86' lang='lat' dir='ltr'>quia</span> <span class='ocrx_word' id='word_1_219' title='bbox 1535 1891 1573 1928; x_wconf 80' lang='lat' dir='ltr'><strong><em>A</em></strong></span> 
     </span>
     <span class='ocr_line' id='line_1_29' title="bbox 121 1940 1572 1992; baseline -0.003 -10"><span class='ocrx_word' id='word_1_220' title='bbox 121 1949 211 1982; x_wconf 74' lang='lat' dir='ltr'>teste</span> <span class='ocrx_word' id='word_1_221' title='bbox 241 1945 356 1982; x_wconf 65' lang='lat' dir='ltr'>Groui.</span> <span class='ocrx_word' id='word_1_222' title='bbox 403 1943 545 1980; x_wconf 84' lang='lat' dir='ltr'>Primus</span> <span class='ocrx_word' id='word_1_223' title='bbox 572 1951 650 1980; x_wconf 84' lang='lat' dir='ltr'>erat</span> <span class='ocrx_word' id='word_1_224' title='bbox 676 1943 747 1978; x_wconf 85' lang='lat' dir='ltr'>iani</span> <span class='ocrx_word' id='word_1_225' title='bbox 784 1940 912 1980; x_wconf 79' lang='lat'><strong><em>0011</em></strong></span> <span class='ocrx_word' id='word_1_226' title='bbox 931 1944 1156 1992; x_wconf 80' lang='lat' dir='ltr'>paucissimi.</span> <span class='ocrx_word' id='word_1_227' title='bbox 1198 1942 1309 1978; x_wconf 88' lang='lat' dir='ltr'>Prim.</span> <span class='ocrx_word' id='word_1_228' title='bbox 1337 1949 1415 1979; x_wconf 83' lang='lat' dir='ltr'>erat</span> <span class='ocrx_word' id='word_1_229' title='bbox 1441 1942 1572 1978; x_wconf 83' lang='lat' dir='ltr'>mensis</span> 
     </span>
     <span class='ocr_line' id='line_1_30' title="bbox 121 1990 1571 2045; baseline -0.001 -14"><span class='ocrx_word' id='word_1_230' title='bbox 121 1995 196 2032; x_wconf 85' lang='lat' dir='ltr'>iani</span> <span class='ocrx_word' id='word_1_231' title='bbox 221 2008 256 2045; x_wconf 79' lang='lat' dir='ltr'>p.</span> <span class='ocrx_word' id='word_1_232' title='bbox 314 1995 409 2031; x_wconf 89' lang='lat' dir='ltr'>enim</span> <span class='ocrx_word' id='word_1_233' title='bbox 436 2002 489 2031; x_wconf 92' lang='lat' dir='ltr'>est</span> <span class='ocrx_word' id='word_1_234' title='bbox 517 1995 588 2030; x_wconf 83' lang='lat' dir='ltr'>iani</span> <span class='ocrx_word' id='word_1_235' title='bbox 622 1993 783 2041; x_wconf 76' lang='lat' dir='ltr'>fortasse</span> <span class='ocrx_word' id='word_1_236' title='bbox 810 1996 846 2030; x_wconf 93' lang='lat' dir='ltr'><em>D</em></span> <span class='ocrx_word' id='word_1_237' title='bbox 873 1992 938 2029; x_wconf 86' lang='lat' dir='ltr'>sub</span> <span class='ocrx_word' id='word_1_238' title='bbox 963 2005 1040 2030; x_wconf 71' lang='lat' dir='ltr'>ras.</span> <span class='ocrx_word' id='word_1_239' title='bbox 1093 1993 1189 2030; x_wconf 89' lang='lat' dir='ltr'>enim</span> <span class='ocrx_word' id='word_1_240' title='bbox 1220 1993 1353 2029; x_wconf 86' lang='lat' dir='ltr'>mensis</span> <span class='ocrx_word' id='word_1_241' title='bbox 1385 1993 1456 2029; x_wconf 84' lang='lat' dir='ltr'>iani</span> <span class='ocrx_word' id='word_1_242' title='bbox 1488 1990 1571 2041; x_wconf 72' lang='lat'><em>²1¹9.</em></span> 
     </span>
     <span class='ocr_line' id='line_1_31' title="bbox 120 2041 1531 2094; baseline -0.001 -12"><span class='ocrx_word' id='word_1_243' title='bbox 120 2046 219 2082; x_wconf 83' lang='lat' dir='ltr'>enim</span> <span class='ocrx_word' id='word_1_244' title='bbox 245 2046 316 2081; x_wconf 81' lang='lat' dir='ltr'>iam</span> <span class='ocrx_word' id='word_1_245' title='bbox 343 2046 473 2081; x_wconf 84' lang='lat' dir='ltr'>mensis</span> <span class='ocrx_word' id='word_1_246' title='bbox 499 2052 578 2081; x_wconf 84' lang='lat' dir='ltr'>erat</span> <span class='ocrx_word' id='word_1_247' title='bbox 604 2045 690 2094; x_wconf 84' lang='lat' dir='ltr'>quia</span> <span class='ocrx_word' id='word_1_248' title='bbox 715 2041 770 2080; x_wconf 87' lang='lat' dir='ltr'>A.</span> <span class='ocrx_word' id='word_1_249' title='bbox 808 2045 940 2080; x_wconf 86' lang='lat' dir='ltr'>mensis</span> <span class='ocrx_word' id='word_1_250' title='bbox 966 2055 1038 2093; x_wconf 85' lang='lat' dir='ltr'>qua</span> <span class='ocrx_word' id='word_1_251' title='bbox 1063 2056 1112 2080; x_wconf 81' lang='lat' dir='ltr'>m.</span> <span class='ocrx_word' id='word_1_252' title='bbox 1140 2056 1213 2081; x_wconf 69' lang='lat' dir='ltr'>vna.</span> <span class='ocrx_word' id='word_1_253' title='bbox 1232 2055 1289 2092; x_wconf 75' lang='lat' dir='ltr'>pr.</span> <span class='ocrx_word' id='word_1_254' title='bbox 1330 2050 1384 2080; x_wconf 88' lang='lat' dir='ltr'>est</span> <span class='ocrx_word' id='word_1_255' title='bbox 1409 2056 1469 2081; x_wconf 85' lang='lat' dir='ltr'>om</span> <span class='ocrx_word' id='word_1_256' title='bbox 1493 2043 1531 2081; x_wconf 74' lang='lat' dir='ltr'>h.</span> 
     </span>
    </p>

    <p class='ocr_par' dir='ltr' id='par_1_5' title="bbox 122 2092 1570 2549">
     <span class='ocr_line' id='line_1_32' title="bbox 173 2092 1567 2144; baseline -0.001 -13"><span class='ocrx_word' id='word_1_257' title='bbox 173 2095 236 2132; x_wconf 88' lang='grc'><strong>52.</strong></span> <span class='ocrx_word' id='word_1_258' title='bbox 262 2097 339 2133; x_wconf 88' lang='lat' dir='ltr'>imis</span> <span class='ocrx_word' id='word_1_259' title='bbox 364 2108 433 2133; x_wconf 84' lang='lat' dir='ltr'>om.</span> <span class='ocrx_word' id='word_1_260' title='bbox 463 2098 497 2133; x_wconf 91' lang='lat' dir='ltr'><strong><em>E</em></strong></span> <span class='ocrx_word' id='word_1_261' title='bbox 515 2107 588 2131; x_wconf 81' lang='lat' dir='ltr'>ma.</span> <span class='ocrx_word' id='word_1_262' title='bbox 605 2106 660 2144; x_wconf 83' lang='lat' dir='ltr'>pr.</span> <span class='ocrx_word' id='word_1_263' title='bbox 772 2095 834 2131; x_wconf 89' lang='grc'><strong>53.</strong></span> <span class='ocrx_word' id='word_1_264' title='bbox 863 2094 952 2132; x_wconf 89' lang='lat' dir='ltr'>Post</span> <span class='ocrx_word' id='word_1_265' title='bbox 978 2093 1088 2130; x_wconf 92' lang='lat' dir='ltr'>modo</span> <span class='ocrx_word' id='word_1_266' title='bbox 1114 2096 1164 2130; x_wconf 92' lang='lat' dir='ltr'>D.</span> <span class='ocrx_word' id='word_1_267' title='bbox 1204 2095 1326 2143; x_wconf 84' lang='lat' dir='ltr'>spacio</span> <span class='ocrx_word' id='word_1_268' title='bbox 1353 2097 1398 2131; x_wconf 87' lang='lat' dir='ltr'>E.</span> <span class='ocrx_word' id='word_1_269' title='bbox 1505 2092 1567 2129; x_wconf 86' lang='grc'>54.</span> 
     </span>
     <span class='ocr_line' id='line_1_33' title="bbox 122 2141 1569 2194; baseline -0.003 -11"><span class='ocrx_word' id='word_1_270' title='bbox 122 2147 344 2183; x_wconf 81' lang='lat' dir='ltr'>continuisse</span> <span class='ocrx_word' id='word_1_271' title='bbox 373 2149 416 2183; x_wconf 86' lang='grc' dir='ltr'><strong>Τ.</strong></span> <span class='ocrx_word' id='word_1_272' title='bbox 459 2146 685 2182; x_wconf 84' lang='lat' dir='ltr'>constituisse</span> <span class='ocrx_word' id='word_1_273' title='bbox 709 2144 729 2181; x_wconf 85' lang='lat' dir='ltr'><strong><em>b</em></strong></span> <span class='ocrx_word' id='word_1_274' title='bbox 757 2145 865 2182; x_wconf 79' lang='lat' dir='ltr'>alius.</span> <span class='ocrx_word' id='word_1_275' title='bbox 976 2146 1037 2181; x_wconf 89' lang='grc'><strong>55.</strong></span> <span class='ocrx_word' id='word_1_276' title='bbox 1071 2144 1190 2194; x_wconf 86' lang='lat' dir='ltr'>phrig.</span> <span class='ocrx_word' id='word_1_277' title='bbox 1220 2147 1342 2181; x_wconf 79' lang='lat' dir='ltr'>DEr.</span> <span class='ocrx_word' id='word_1_278' title='bbox 1384 2143 1504 2180; x_wconf 78' lang='lat' dir='ltr'>matris</span> <span class='ocrx_word' id='word_1_279' title='bbox 1532 2141 1569 2178; x_wconf 74' lang='lat' dir='ltr'>h.</span> 
     </span>
     <span class='ocr_line' id='line_1_34' title="bbox 122 2192 1570 2244; baseline -0.003 -11"><span class='ocrx_word' id='word_1_280' title='bbox 122 2202 240 2234; x_wconf 83' lang='lat' dir='ltr'>matre</span> <span class='ocrx_word' id='word_1_281' title='bbox 266 2196 299 2233; x_wconf 81' lang='lat' dir='ltr'>b.</span> <span class='ocrx_word' id='word_1_282' title='bbox 399 2197 460 2233; x_wconf 89' lang='grc'>56.</span> <span class='ocrx_word' id='word_1_283' title='bbox 487 2196 555 2232; x_wconf 90' lang='lat' dir='ltr'>dic.</span> <span class='ocrx_word' id='word_1_284' title='bbox 583 2202 664 2232; x_wconf 82' lang='lat' dir='ltr'>acta</span> <span class='ocrx_word' id='word_1_285' title='bbox 695 2197 724 2233; x_wconf 84' lang='lat' dir='ltr'><strong><em>G</em></strong></span> <span class='ocrx_word' id='word_1_286' title='bbox 733 2193 889 2232; x_wconf 86' lang='lat' dir='ltr'><em>(DMN</em></span> <span class='ocrx_word' id='word_1_287' title='bbox 895 2193 935 2232; x_wconf 87' lang='lat' dir='ltr'><em>A</em></span> <span class='ocrx_word' id='word_1_288' title='bbox 943 2192 981 2231; x_wconf 83' lang='grc' dir='ltr'><em>Σ</em></span> <span class='ocrx_word' id='word_1_289' title='bbox 988 2194 1006 2231; x_wconf 85' lang='lat' dir='ltr'><strong><em>b</em></strong></span> <span class='ocrx_word' id='word_1_290' title='bbox 1027 2207 1102 2231; x_wconf 83' lang='lat' dir='ltr'>ma.</span> <span class='ocrx_word' id='word_1_291' title='bbox 1122 2207 1177 2244; x_wconf 84' lang='lat' dir='ltr'>pr.</span> <span class='ocrx_word' id='word_1_292' title='bbox 1197 2199 1225 2232; x_wconf 78' lang='lat' dir='ltr'>t.</span> <span class='ocrx_word' id='word_1_293' title='bbox 1264 2201 1370 2231; x_wconf 79' lang='lat' dir='ltr'>ancta</span> <span class='ocrx_word' id='word_1_294' title='bbox 1388 2197 1435 2231; x_wconf 89' lang='lat' dir='ltr'>D.</span> <span class='ocrx_word' id='word_1_295' title='bbox 1462 2198 1570 2229; x_wconf 82' lang='lat' dir='ltr'>aucta</span> 
     </span>
     <span class='ocr_line' id='line_1_35' title="bbox 123 2241 1570 2296; baseline -0.003 -13"><span class='ocrx_word' id='word_1_296' title='bbox 123 2248 243 2293; x_wconf 88' lang='lat' dir='ltr'>(acta)</span> <span class='ocrx_word' id='word_1_297' title='bbox 269 2247 341 2283; x_wconf 89' lang='lat' dir='ltr'>suis</span> <span class='ocrx_word' id='word_1_298' title='bbox 367 2245 408 2294; x_wconf 68' lang='grc' dir='ltr'>ὗς</span> <span class='ocrx_word' id='word_1_299' title='bbox 434 2259 458 2296; x_wconf 82' lang='grc' dir='ltr'>ρ</span> <span class='ocrx_word' id='word_1_300' title='bbox 477 2251 511 2283; x_wconf 80' lang='lat' dir='ltr'>et</span> <span class='ocrx_word' id='word_1_301' title='bbox 535 2245 605 2283; x_wconf 77' lang='lat' dir='ltr'>duo</span> <span class='ocrx_word' id='word_1_302' title='bbox 626 2258 692 2295; x_wconf 80' lang='lat' dir='ltr'>pro</span> <span class='ocrx_word' id='word_1_303' title='bbox 717 2258 798 2283; x_wconf 70' lang='lat' dir='ltr'>nar.</span> <span class='ocrx_word' id='word_1_304' title='bbox 820 2258 891 2283; x_wconf 85' lang='lat' dir='ltr'>scr.</span> <span class='ocrx_word' id='word_1_305' title='bbox 994 2247 1055 2282; x_wconf 89' lang='grc'>57.</span> <span class='ocrx_word' id='word_1_306' title='bbox 1083 2248 1156 2290; x_wconf 78' lang='lat' dir='ltr'>Ita,</span> <span class='ocrx_word' id='word_1_307' title='bbox 1183 2246 1242 2281; x_wconf 89' lang='lat' dir='ltr'>ubi</span> <span class='ocrx_word' id='word_1_308' title='bbox 1268 2247 1349 2289; x_wconf 87' lang='lat' dir='ltr'>sint,</span> <span class='ocrx_word' id='word_1_309' title='bbox 1379 2241 1570 2289; x_wconf 77' lang='lat' dir='ltr'>CDber</span> 
     </span>
     <span class='ocr_line' id='line_1_36' title="bbox 123 2293 1569 2346; baseline -0.003 -13"><span class='ocrx_word' id='word_1_310' title='bbox 123 2297 234 2334; x_wconf 88' lang='grc'><strong>4041</strong></span> <span class='ocrx_word' id='word_1_311' title='bbox 262 2303 360 2342; x_wconf 82' lang='lat' dir='ltr'>octo,</span> <span class='ocrx_word' id='word_1_312' title='bbox 386 2297 546 2344; x_wconf 77' lang='lat' dir='ltr'>fortasse</span> <span class='ocrx_word' id='word_1_313' title='bbox 569 2296 702 2346; x_wconf 78' lang='lat' dir='ltr'>plures.</span> <span class='ocrx_word' id='word_1_314' title='bbox 753 2297 812 2334; x_wconf 87' lang='lat' dir='ltr'>ubi</span> <span class='ocrx_word' id='word_1_315' title='bbox 838 2302 923 2333; x_wconf 86' lang='lat' dir='ltr'>sunt</span> <span class='ocrx_word' id='word_1_316' title='bbox 959 2295 1082 2342; x_wconf 76' lang='lat' dir='ltr'>Ilfeld.</span> <span class='ocrx_word' id='word_1_317' title='bbox 1110 2301 1144 2333; x_wconf 79' lang='lat' dir='ltr'>ct</span> <span class='ocrx_word' id='word_1_318' title='bbox 1168 2296 1294 2344; x_wconf 75' lang='lat' dir='ltr'>reliqui</span> <span class='ocrx_word' id='word_1_319' title='bbox 1320 2305 1450 2332; x_wconf 82' lang='lat' dir='ltr'>omnes.</span> <span class='ocrx_word' id='word_1_320' title='bbox 1497 2293 1569 2328; x_wconf 87' lang='lat' dir='ltr'>sint</span> 
     </span>
     <span class='ocr_line' id='line_1_37' title="bbox 123 2342 1568 2396; baseline -0.003 -13"><span class='ocrx_word' id='word_1_321' title='bbox 123 2349 244 2395; x_wconf 88' lang='lat' dir='ltr'>queris</span> <span class='ocrx_word' id='word_1_322' title='bbox 278 2360 370 2385; x_wconf 84' lang='lat' dir='ltr'>sacr.</span> <span class='ocrx_word' id='word_1_323' title='bbox 397 2351 449 2384; x_wconf 90' lang='lat' dir='ltr'>D.</span> <span class='ocrx_word' id='word_1_324' title='bbox 497 2354 582 2384; x_wconf 91' lang='lat' dir='ltr'>sunt</span> <span class='ocrx_word' id='word_1_325' title='bbox 617 2348 760 2396; x_wconf 85' lang='lat' dir='ltr'>quaeris</span> <span class='ocrx_word' id='word_1_326' title='bbox 795 2360 892 2396; x_wconf 85' lang='lat' dir='ltr'>quae</span> <span class='ocrx_word' id='word_1_327' title='bbox 929 2357 1012 2383; x_wconf 91' lang='lat' dir='ltr'>sunt</span> <span class='ocrx_word' id='word_1_328' title='bbox 1039 2343 1093 2391; x_wconf 82' lang='grc' dir='ltr'>Σ;</span> <span class='ocrx_word' id='word_1_329' title='bbox 1128 2349 1162 2383; x_wconf 92' lang='grc' dir='ltr'><strong><em>Ε</em></strong></span> <span class='ocrx_word' id='word_1_330' title='bbox 1184 2358 1267 2384; x_wconf 78' lang='lat' dir='ltr'>uur.</span> <span class='ocrx_word' id='word_1_331' title='bbox 1287 2357 1356 2382; x_wconf 82' lang='lat' dir='ltr'>scr.</span> <span class='ocrx_word' id='word_1_332' title='bbox 1380 2343 1490 2392; x_wconf 73' lang='lat' dir='ltr'>yloss.</span> <span class='ocrx_word' id='word_1_333' title='bbox 1505 2342 1568 2380; x_wconf 85' lang='lat' dir='ltr'>A.</span> 
     </span>
     <span class='ocr_line' id='line_1_38' title="bbox 123 2394 1568 2446; baseline -0.002 -14"><span class='ocrx_word' id='word_1_334' title='bbox 123 2397 196 2433; x_wconf 86' lang='lat' dir='ltr'>sint</span> <span class='ocrx_word' id='word_1_335' title='bbox 221 2399 363 2446; x_wconf 82' lang='lat' dir='ltr'>quaeris</span> <span class='ocrx_word' id='word_1_336' title='bbox 388 2399 455 2435; x_wconf 89' lang='lat' dir='ltr'>illis</span> <span class='ocrx_word' id='word_1_337' title='bbox 481 2410 573 2435; x_wconf 87' lang='lat' dir='ltr'>sacr.</span> <span class='ocrx_word' id='word_1_338' title='bbox 602 2398 740 2446; x_wconf 75' lang='lat' dir='ltr'>aliquot</span> <span class='ocrx_word' id='word_1_339' title='bbox 766 2398 816 2434; x_wconf 79' lang='lat' dir='ltr'>ad</span> <span class='ocrx_word' id='word_1_340' title='bbox 839 2397 894 2433; x_wconf 76' lang='lat' dir='ltr'>ed.</span> <span class='ocrx_word' id='word_1_341' title='bbox 922 2400 970 2434; x_wconf 87' lang='lat' dir='ltr'>D.</span> <span class='ocrx_word' id='word_1_342' title='bbox 991 2399 1133 2433; x_wconf 77' lang='lat' dir='ltr'>Heinsii</span> <span class='ocrx_word' id='word_1_343' title='bbox 1158 2395 1294 2434; x_wconf 77' lang='lat' dir='ltr'>collati.</span> <span class='ocrx_word' id='word_1_344' title='bbox 1334 2394 1399 2430; x_wconf 92' lang='lat' dir='ltr'>illis</span> <span class='ocrx_word' id='word_1_345' title='bbox 1426 2394 1568 2443; x_wconf 83' lang='lat' dir='ltr'>quaeris</span> 
     </span>
     <span class='ocr_line' id='line_1_39' title="bbox 123 2444 1569 2497; baseline -0.003 -14"><span class='ocrx_word' id='word_1_346' title='bbox 123 2457 215 2483; x_wconf 83' lang='lat' dir='ltr'>sacr.</span> <span class='ocrx_word' id='word_1_347' title='bbox 241 2446 362 2497; x_wconf 78' lang='lat'><em>1129</em></span> <span class='ocrx_word' id='word_1_348' title='bbox 389 2450 463 2486; x_wconf 82' lang='lat' dir='ltr'>ma.</span> <span class='ocrx_word' id='word_1_349' title='bbox 487 2461 556 2486; x_wconf 84' lang='lat' dir='ltr'>sec.</span> <span class='ocrx_word' id='word_1_350' title='bbox 584 2453 646 2485; x_wconf 82' lang='lat' dir='ltr'>mt</span> <span class='ocrx_word' id='word_1_351' title='bbox 671 2448 798 2485; x_wconf 82' lang='lat' dir='ltr'>decem.</span> <span class='ocrx_word' id='word_1_352' title='bbox 848 2448 916 2484; x_wconf 87' lang='lat' dir='ltr'>illis</span> <span class='ocrx_word' id='word_1_353' title='bbox 942 2459 1094 2497; x_wconf 79' lang='lat' dir='ltr'>quaeres</span> <span class='ocrx_word' id='word_1_354' title='bbox 1120 2459 1211 2483; x_wconf 84' lang='lat' dir='ltr'>sacr.</span> <span class='ocrx_word' id='word_1_355' title='bbox 1238 2448 1275 2482; x_wconf 88' lang='lat'>7.</span> <span class='ocrx_word' id='word_1_356' title='bbox 1320 2452 1462 2481; x_wconf 80' lang='lat' dir='ltr'>sacrata</span> <span class='ocrx_word' id='word_1_357' title='bbox 1488 2444 1569 2480; x_wconf 86' lang='lat' dir='ltr'>die-</span> 
     </span>
     <span class='ocr_line' id='line_1_40' title="bbox 124 2495 1540 2549; baseline -0.002 -16"><span class='ocrx_word' id='word_1_358' title='bbox 124 2496 191 2534; x_wconf 87' lang='lat' dir='ltr'>bus</span> <span class='ocrx_word' id='word_1_359' title='bbox 217 2496 255 2543; x_wconf 71' lang='lat'>1²3</span> <span class='ocrx_word' id='word_1_360' title='bbox 281 2511 304 2547; x_wconf 78' lang='lat' dir='ltr'>p</span> <span class='ocrx_word' id='word_1_361' title='bbox 326 2511 409 2536; x_wconf 71' lang='lat' dir='ltr'>uar-</span> <span class='ocrx_word' id='word_1_362' title='bbox 425 2511 494 2536; x_wconf 85' lang='lat' dir='ltr'>scr.</span> <span class='ocrx_word' id='word_1_363' title='bbox 596 2500 658 2536; x_wconf 91' lang='grc'><strong>58.</strong></span> <span class='ocrx_word' id='word_1_364' title='bbox 689 2500 798 2549; x_wconf 84' lang='lat' dir='ltr'>longo</span> <span class='ocrx_word' id='word_1_365' title='bbox 826 2496 864 2535; x_wconf 89' lang='lat' dir='ltr'><em>B</em></span> <span class='ocrx_word' id='word_1_366' title='bbox 881 2496 948 2546; x_wconf 69' lang='lat'>²1¹9</span> <span class='ocrx_word' id='word_1_367' title='bbox 976 2499 1138 2546; x_wconf 77' lang='lat' dir='ltr'>quinque.</span> <span class='ocrx_word' id='word_1_368' title='bbox 1178 2495 1329 2546; x_wconf 78' lang='lat' dir='ltr'>procul).</span> <span class='ocrx_word' id='word_1_369' title='bbox 1357 2506 1456 2531; x_wconf 84' lang='lat' dir='ltr'>mora</span> <span class='ocrx_word' id='word_1_370' title='bbox 1478 2497 1540 2530; x_wconf 88' lang='grc'>40.</span> 
     </span>
    </p>

    <p class='ocr_par' dir='ltr' id='par_1_6' title="bbox 174 2544 1567 2586">
     <span class='ocr_line' id='line_1_41' title="bbox 174 2544 1567 2586; baseline -0.003 -2"><span class='ocrx_word' id='word_1_371' title='bbox 174 2548 237 2585; x_wconf 89' lang='grc'>59.</span> <span class='ocrx_word' id='word_1_372' title='bbox 265 2549 368 2584; x_wconf 91' lang='lat' dir='ltr'>simili</span> <span class='ocrx_word' id='word_1_373' title='bbox 394 2550 535 2585; x_wconf 78' lang='lat' dir='ltr'>iaceant</span> <span class='ocrx_word' id='word_1_374' title='bbox 561 2547 671 2586; x_wconf 79' lang='lat' dir='ltr'>labes.</span> <span class='ocrx_word' id='word_1_375' title='bbox 701 2551 745 2586; x_wconf 87' lang='lat' dir='ltr'>B.</span> <span class='ocrx_word' id='word_1_376' title='bbox 787 2549 953 2585; x_wconf 84' lang='lat' dir='ltr'>laberent</span> <span class='ocrx_word' id='word_1_377' title='bbox 979 2548 1088 2584; x_wconf 78' lang='lat' dir='ltr'>labes.</span> <span class='ocrx_word' id='word_1_378' title='bbox 1118 2559 1149 2583; x_wconf 84' lang='lat' dir='ltr'>s.</span> <span class='ocrx_word' id='word_1_379' title='bbox 1195 2552 1340 2582; x_wconf 89' lang='lat' dir='ltr'>ruerent</span> <span class='ocrx_word' id='word_1_380' title='bbox 1367 2544 1478 2581; x_wconf 85' lang='lat' dir='ltr'>labes.</span> <span class='ocrx_word' id='word_1_381' title='bbox 1503 2545 1567 2581; x_wconf 83' lang='lat'>29.</span> 
     </span>
    </p>

    <p class='ocr_par' dir='ltr' id='par_1_7' title="bbox 125 2592 1571 2700">
     <span class='ocr_line' id='line_1_42' title="bbox 174 2592 1571 2648; baseline -0.002 -13"><span class='ocrx_word' id='word_1_382' title='bbox 174 2599 239 2637; x_wconf 82' lang='lat'>61.</span> <span class='ocrx_word' id='word_1_383' title='bbox 274 2601 382 2636; x_wconf 81' lang='lat' dir='ltr'>Hunc</span> <span class='ocrx_word' id='word_1_384' title='bbox 407 2611 499 2636; x_wconf 73' lang='lat' dir='ltr'>uei-s.</span> <span class='ocrx_word' id='word_1_385' title='bbox 528 2611 609 2636; x_wconf 86' lang='lat' dir='ltr'>cum</span> <span class='ocrx_word' id='word_1_386' title='bbox 633 2611 706 2648; x_wconf 86' lang='lat' dir='ltr'>seq.</span> <span class='ocrx_word' id='word_1_387' title='bbox 735 2612 805 2637; x_wconf 72' lang='lat' dir='ltr'>ont.</span> <span class='ocrx_word' id='word_1_388' title='bbox 830 2612 867 2636; x_wconf 81' lang='lat' dir='ltr'>m</span> <span class='ocrx_word' id='word_1_389' title='bbox 891 2611 966 2636; x_wconf 83' lang='lat' dir='ltr'>ma.</span> <span class='ocrx_word' id='word_1_390' title='bbox 986 2609 1044 2647; x_wconf 81' lang='lat' dir='ltr'>pr.</span> <span class='ocrx_word' id='word_1_391' title='bbox 1092 2596 1244 2634; x_wconf 83' lang='lat' dir='ltr'>sentitur</span> <span class='ocrx_word' id='word_1_392' title='bbox 1278 2603 1398 2634; x_wconf 80' lang='lat' dir='ltr'>uestra</span> <span class='ocrx_word' id='word_1_393' title='bbox 1423 2607 1499 2633; x_wconf 88' lang='lat' dir='ltr'>sen.</span> <span class='ocrx_word' id='word_1_394' title='bbox 1527 2592 1571 2632; x_wconf 88' lang='lat' dir='ltr'><em>A</em></span> 
     </span>
     <span class='ocr_line' id='line_1_43' title="bbox 125 2645 1236 2700; baseline -0.003 -13"><span class='ocrx_word' id='word_1_395' title='bbox 125 2660 198 2687; x_wconf 78' lang='lat' dir='ltr'>ma.</span> <span class='ocrx_word' id='word_1_396' title='bbox 214 2660 273 2700; x_wconf 74' lang='lat' dir='ltr'>pr.</span> <span class='ocrx_word' id='word_1_397' title='bbox 309 2649 410 2687; x_wconf 84' lang='lat' dir='ltr'>nulla</span> <span class='ocrx_word' id='word_1_398' title='bbox 435 2655 594 2687; x_wconf 83' lang='lat' dir='ltr'>uetustas</span> <span class='ocrx_word' id='word_1_399' title='bbox 618 2661 643 2699; x_wconf 80' lang='lat' dir='ltr'>p</span> <span class='ocrx_word' id='word_1_400' title='bbox 660 2652 765 2687; x_wconf 83' lang='lat'>4041</span> <span class='ocrx_word' id='word_1_401' title='bbox 795 2654 971 2699; x_wconf 72' lang='grc' dir='ltr'><strong><em>φιαιιιονς</em></strong></span> <span class='ocrx_word' id='word_1_402' title='bbox 999 2645 1047 2684; x_wconf 90' lang='grc' dir='ltr'><strong>Π</strong></span> <span class='ocrx_word' id='word_1_403' title='bbox 1068 2658 1236 2686; x_wconf 64' lang='lat' dir='ltr'>uamsor.</span> 
     </span>
    </p>
   </div>
  </div>
 </body>
</html>
