1685 2954
181 80 377 109 CCXXXIV
804 81 863 112 DE
891 82 988 113 oms

281 179 553 230 Apollinem
583 178 823 220 diuinatorem
856 189 894 220 ct
927 182 1104 221 medicum
1130 182 1219 221 dixit
1243 182 1386 230 Varro,
1418 183 1538 222 officia
1563 183 1625 222 dei

182 242 438 278 uetustioribus
464 240 643 278 Romanis
675 250 762 281 nota
796 246 1021 295 complexus.
1073 244 1169 282 Nam
1202 245 1486 282 demonstratum
1519 253 1575 284 est
1601 259 1624 284 a

182 303 377 341 Clausenio
403 314 442 352 p.
462 304 538 339 616
563 314 610 339 ex
645 307 918 344 narratiuncula
952 305 1000 343 de
1024 306 1188 355 Sibyllae
1212 307 1368 344 Romam
1401 305 1562 344 aduentu
1586 315 1624 345 et

180 363 227 400 de
259 363 424 399 consulto
459 375 483 400 a
507 363 716 415 Tarquiniis
749 369 897 405 oraculo
922 367 1123 418 Delphico,
1159 379 1232 417 qna
1267 368 1302 403 in
1336 379 1376 403 re
1404 366 1558 404 Ouidius
1582 372 1623 417 2,

179 425 251 460 711
273 437 353 473 sqq.
383 425 492 462 alium
520 435 705 465 auctorem
732 431 894 480 sequitur
921 442 965 466 ac
988 429 1181 478 Dionysius
1207 430 1247 476 4,
1272 430 1335 477 69,
1370 427 1435 466 sed
1468 428 1623 466 eundem

177 496 260 521 cum
286 485 394 522 Liuio
421 490 456 534 l,
481 487 545 535 56,
571 490 691 539 colligi
719 503 825 540 posse
851 492 998 541 priuata
1024 491 1199 541 Apollinis
1225 502 1329 527 sacra
1363 501 1384 526 a
1410 489 1623 527 Phocaeen-

175 546 274 583 sibus
300 547 452 593 (lustin.
478 551 540 593 43,
566 550 616 599 3)
645 552 853 602 Tarquiniis
879 552 1033 589 tradita:
1068 552 1321 589 Phocaeenses
1348 551 1442 588 enim
1470 551 1624 589 coluisse

175 609 380 658 Apollinem
401 609 554 647 docetur
579 624 666 650 ann.
687 616 847 662 llOan.
894 614 1001 649 Hunc
1022 614 1222 662 Apollinem
1244 612 1482 650 diuinatorem
1508 613 1622 650 fuisse

174 671 292 720 magis
319 679 474 721 apparet
498 684 542 709 ex
568 675 833 711 narrationibus
860 674 949 721 istis,
977 686 1087 723 quam
1115 686 1163 719 eir
1186 675 1411 722 coniectura,
1436 673 1623 710 audaciori

174 731 354 781 fortassis,
383 734 565 770 Clausenii
591 735 638 773 de
656 735 893 784 Thymbraeo
916 734 1000 771 deo.
1046 734 1196 771 Publice
1221 735 1356 772 cultum
1384 748 1463 772 esse
1488 747 1624 783 cogno-

174 794 286 830 scitur
312 807 355 832 ex
372 795 466 832 Liuii
490 797 607 833 uerbis
627 800 665 844 3,
683 798 731 833 63
759 796 806 833 de
833 795 946 833 ueteri
971 802 1159 845 pratorum
1180 796 1437 833 Flaminiorum
1464 797 1623 844 nomine,

173 867 270 905 quae
296 857 450 894 certiora
476 865 560 894 sunt
579 858 813 896 Varronianis
836 857 882 895 de
902 858 928 894 l.
949 857 974 895 l.
992 858 1031 905 5,
1051 858 1115 903 52,
1141 863 1218 894 tum
1245 870 1290 894 ex
1313 870 1372 905 eo,
1401 857 1500 907 quod
1525 869 1624 894 anno

172 918 220 955 V.
244 919 288 955 C.
312 921 387 955 356
412 920 523 968 legati
545 920 708 971 Delphos
735 919 831 965 missi
857 926 941 956 sunt
966 919 1182 956 sciscitatum
1204 918 1250 955 de
1276 918 1461 968 prodigiis,
1484 918 1566 956 Liu.
1583 919 1623 964 5,

173 980 236 1018 15.
278 981 318 1017 ln
337 980 617 1030 indigitamentis
637 982 780 1019 Sabinis
803 981 859 1017 hic
878 981 982 1029 deus,
1010 982 1070 1031 qui
1096 980 1195 1017 solus
1222 981 1316 1017 inter
1341 979 1494 1018 selectos
1517 992 1623 1030 grae·

172 1054 255 1079 cum
289 1054 421 1079 nomen
450 1045 634 1090 seruauit,
667 1055 746 1080 esse
772 1055 844 1079 non
872 1043 1007 1092 potuit3
1044 1042 1118 1080 uid.
1147 1043 1282 1079 Arnob.
1312 1046 1351 1090 2,
1366 1043 1430 1078 73.
1481 1041 1623 1085 Quam-

171 1115 282 1152 quam
308 1103 345 1140 id
371 1116 501 1141 nomen
530 1105 687 1142 Romani
724 1111 964 1154 corruperunt
999 1112 1142 1141 maturo
1176 1104 1223 1142 ad
1249 1104 1468 1141 Sabinorum
1503 1104 1622 1140 numi·

170 1177 258 1202 num
285 1166 550 1203 similitudinem
578 1166 820 1215 dixeruntque
845 1166 1033 1214 Apertam,
1062 1166 1167 1203 Paul.
1187 1167 1291 1203 Diae.
1312 1169 1379 1213 22,
1395 1165 1455 1202 15.
1508 1165 1622 1202 Prae-

171 1233 274 1263 terea
300 1227 384 1263 inde
411 1229 457 1263 ab
483 1240 579 1264 anno
605 1228 651 1265 V.
673 1228 716 1265 C.
744 1231 819 1263 322
847 1240 891 1264 ex
920 1228 1018 1263 iussu
1043 1228 1215 1264 librorum
1242 1227 1502 1275 Sibyllinorum
1529 1234 1622 1264 teste

169 1287 278 1325 Liuio
298 1291 337 1336 4,
352 1290 401 1324 25
428 1289 456 1325 is
484 1289 638 1338 Apollo,
674 1301 782 1337 quem
810 1289 1015 1325 Macrobius
1041 1297 1111 1326 sat.
1141 1293 1176 1337 1,
1202 1291 1248 1324 17
1275 1301 1297 1325 a
1323 1288 1520 1336 uirginibus
1547 1288 1621 1324 Ve-

169 1351 320 1386 stalibus
347 1351 534 1388 Medicum
559 1355 593 1388 et
619 1354 774 1388 Paeana
799 1350 1007 1386 inuocatum
1037 1350 1136 1396 dicit,
1164 1350 1234 1386 coli
1260 1351 1397 1399 coepit,
1426 1349 1510 1386 uide
1535 1350 1621 1386 Am·-

170 1411 315 1449 brosch.
344 1425 381 1462 p.
399 1415 468 1449 171
496 1424 582 1449 ann.
599 1414 648 1448 66
675 1419 711 1448 et
738 1412 909 1448 Clausen.
937 1423 974 1461 p.
990 1413 1218 1458 258-271,
1246 1424 1283 1461 p.
1302 1413 1400 1448 1098
1416 1423 1514 1461 sqq.,
1539 1411 1620 1461 ple-

169 1485 324 1523 rumque
349 1481 500 1524 propter
526 1473 771 1524 pestilentias,
805 1473 976 1520 abortus,
1010 1473 1070 1509 uel
1101 1474 1227 1510 similia
1253 1474 1421 1510 morbosa
1453 1472 1619 1521 prodigia

169 1536 374 1585 expianda,
409 1538 518 1586 plane
554 1543 594 1572 ut
620 1535 717 1584 apud
747 1537 912 1572 Graecos
938 1529 1165 1581 ἐπικούριος
1192 1543 1228 1571 et
1260 1529 1516 1581 ἀλεξίκακος,
1551 1532 1617 1570 do-

170 1604 276 1635 cente
297 1598 476 1635 Pausania
503 1600 542 1644 8,
559 1598 622 1644 40,
638 1599 682 1643 73
710 1599 747 1633 8.
793 1597 890 1641 Quia
916 1604 1037 1633 tamen
1066 1595 1136 1632 hoc
1162 1608 1309 1646 quoque
1335 1597 1490 1632 alterum
1516 1594 1617 1644 apud

168 1659 371 1696 Varronem
406 1660 463 1696 dei
492 1672 623 1695 numen
651 1659 762 1694 latina
788 1658 968 1706 Apollinis
995 1658 1233 1706 originatione
1259 1657 1416 1694 Romani
1444 1656 1619 1694 informa-

169 1728 276 1766 runt,
303 1722 417 1758 Paul.
445 1721 549 1758 Diae.
576 1724 641 1770 22,
667 1722 728 1766 14,
762 1719 923 1756 Macrob.
956 1723 990 1763 1,
1015 1721 1076 1765 17,
1110 1719 1195 1755 inde
1226 1719 1447 1769 interpretor
1480 1719 1618 1756 factum

167 1795 261 1831 esse,
286 1790 328 1820 ut
354 1783 512 1820 Marcius
540 1787 642 1818 uates
669 1793 765 1817 anno
792 1781 839 1817 V.
857 1782 901 1817 C.
927 1782 1004 1816 540
1030 1780 1074 1816 ad
1102 1780 1360 1831 depellendum
1384 1781 1488 1818 Italia
1514 1782 1618 1819 Han-

166 1845 322 1881 nibalem
351 1846 491 1881 iuberet
517 1843 622 1880 ludos
650 1843 784 1879 institui
803 1843 980 1893 Apollini;
1008 1843 1073 1880 nisi
1098 1845 1262 1880 uomicae
1287 1844 1506 1880 uocabulum
1531 1855 1617 1894 pre-

165 1918 265 1943 mere
289 1908 378 1943 uelis
405 1906 503 1956 apud
531 1906 614 1942 Liu.
643 1906 707 1952 25,
732 1909 800 1941 12:
828 1905 1013 1941 Clausenii
1040 1904 1208 1954 displicet
1236 1906 1327 1942 ratio
1356 1918 1393 1955 p.
1411 1906 1505 1942 259:
1533 1904 1616 1943 also

164 1967 244 2005 dem
267 1969 447 2018 ”solfyott
467 1967 590 2018 Apoll,
616 1966 679 2003 der
705 1966 771 2003 den
790 1967 943 2004 Feladen
968 1967 1025 2003 ein
1054 1966 1162 2013 ll'olf
1181 1967 1324 2005 werden
1348 1966 1432 2015 soll,
1459 1979 1510 2004 zu
1534 1966 1616 2006 Eh-

163 2042 240 2068 ren.
296 2032 341 2067 Hi
378 2044 464 2068 uero
498 2031 571 2067 ludi
598 2030 683 2080 quia
716 2029 849 2066 scenici
882 2035 1025 2066 maturo
1057 2029 1206 2065 suerunt
1238 2029 1312 2074 (ita
1339 2030 1434 2077 esnim
1458 2029 1614 2066 sortasse

164 2091 339 2129 dissensio
375 2093 469 2130 inter
494 2092 638 2128 Liuium
665 2093 728 2136 25,
753 2095 797 2128 12
835 2092 894 2127 uel
931 2092 1051 2141 potius
1079 2091 1264 2128 Valerium
1291 2091 1496 2138 Antiatem,
1531 2089 1612 2127 uide

163 2154 247 2191 Liu.
270 2157 332 2203 36,
348 2157 410 2203 36,
438 2166 545 2204 quem
566 2154 674 2190 etiam
694 2152 848 2190 Ouidius
870 2155 908 2200 4,
926 2155 999 2190 357
1027 2153 1182 2190 fortasse
1207 2153 1383 2202 sequitur,
1409 2159 1447 2190 et
1461 2152 1610 2188 Festum

164 2228 203 2265 p.
220 2219 293 2253 326
321 2218 418 2254 dext.
445 2215 697 2265 componenda
733 2219 828 2263 est),
864 2215 947 2251 ideo
980 2227 1076 2250 anno
1104 2214 1149 2250 V.
1179 2215 1223 2251 C.
1250 2215 1324 2251 573
1358 2213 1536 2251 theatrum
1573 2219 1610 2250 et

162 2281 391 2327 proscenium
415 2279 462 2316 ad
481 2280 608 2317 aedem
631 2278 805 2330 Apollinis
825 2283 1044 2323 extructum,
1071 2276 1151 2312 Liu.
1172 2278 1235 2323 40,
1253 2277 1315 2320 51,
1341 2282 1378 2312 et
1402 2274 1485 2311 ideo
1511 2275 1608 2311 mimi

161 2343 322 2389 parasiti
347 2342 531 2392 Apollinis
555 2343 709 2380 instituti
737 2340 930 2386 uidentur,
968 2339 1031 2388 qui
1057 2343 1384 2375 commemorantur
1407 2336 1505 2386 apud
1533 2337 1610 2374 Fe-

160 2408 256 2438 stum
283 2403 363 2440 loco
389 2405 555 2454 proxime
585 2405 660 2442 ind.
689 2410 726 2441 et
759 2404 794 2439 in
832 2402 935 2438 titulo
963 2400 1151 2438 Orelliano
1186 2412 1222 2436 n.
1249 2399 1372 2446 2625,
1403 2398 1450 2435 de
1476 2398 1608 2448 quibus

160 2475 243 2500 cum
269 2476 343 2500 non
370 2467 523 2508 multum
552 2468 781 2517 exploratum
808 2475 887 2501 esse
917 2462 1083 2510 uideam,
1109 2462 1247 2499 ascriho
1273 2460 1391 2497 locum
1418 2460 1608 2509 Augustini

160 2524 208 2562 de
234 2538 266 2562 c.
285 2525 321 2562 d.
349 2528 388 2574 6,
405 2529 451 2564 7:
478 2528 662 2576 Epulones
686 2529 796 2564 ctiam
823 2525 907 2563 deos
932 2527 1122 2575 parasitos
1146 2524 1247 2561 Iouis
1271 2520 1320 2558 ad
1345 2523 1422 2558 eius
1445 2533 1610 2558 'inensam

161 2589 222 2637 qui
249 2591 524 2634 constituerunt,
551 2590 637 2639 qaid
662 2589 766 2628 aliud
792 2601 902 2638 quam
927 2588 1073 2625 mimica
1097 2596 1205 2622 sacra
1229 2596 1305 2620 esse
1326 2581 1540 2621 uoluerunt?
1556 2604 1607 2611 —-
1646 2594 1655 2602 ⁴

159 2650 263 2689 Haec
287 2658 393 2701 sunt,
429 2651 496 2689 nisi
531 2651 652 2701 fallor,
681 2651 854 2702 Apollinis
879 2644 1134 2699 μουσαγέτου
1160 2659 1184 2684 a
1208 2646 1384 2685 Romanis
1409 2646 1495 2685 olim
1521 2643 1606 2685 culti
