1685 2954
171 71 329 103 CCLVIII
695 91 700 97 ,
772 66 997 99 FAs'ronvM

169 173 247 212 cine
279 170 391 218 nolliy
425 178 514 207 uom
549 168 645 205 Text
684 166 936 218 abyesonaerte
969 167 1200 217 Anmerkuny
1213 192 1225 213 ‚
1268 165 1486 216 doryzetchm
1516 167 1617 206 wohl

171 236 277 272 sensi
301 234 341 270 in
364 230 482 267 keiner
506 228 650 276 schrift
674 228 736 267 des
754 229 980 267 Alterthums
1002 229 1219 267 uorkommt.
1271 229 1380 279 Atqui
1407 229 1506 267 locus
1524 228 1618 268 Oui-

172 295 302 332 dianus
334 291 447 329 nihilo
482 291 651 328 incertius
686 291 846 329 eiusdem
880 292 934 328 rei
970 291 1039 328 erit
1071 292 1277 341 exemplum
1312 289 1485 341 quamdiu
1521 302 1618 341 quae

171 355 325 407 posthac
350 352 651 403 disputabuntur,
686 353 764 390 aliis
798 360 834 390 et
870 353 1094 403 grauioribus
1129 352 1350 402 argumentis
1384 363 1512 389 euersa
1543 364 1618 390 non

172 421 294 455 erunt.
343 415 412 452 Est
437 414 546 451 etiam
571 414 664 451 alter
687 414 865 452 fastorum
890 415 1015 462 locus,
1042 415 1102 464 qui
1130 414 1258 452 eadem
1285 414 1517 451 excusatione
1539 413 1618 451 for·

172 478 278 516 tassis
303 487 414 527 egere
439 476 543 513 alicui
569 476 765 524 uidebitur,
792 488 860 513 nec
885 483 982 525 eget,
1010 478 1048 523 6,
1068 478 1162 512 660:

482 536 648 575 Exilium
673 536 833 586 quodam
858 541 1014 584 tempore
1042 536 1154 575 Tibur
1179 540 1271 574 erat.

172 599 320 638 Scilicet
353 597 424 636 hoc
450 610 531 635 cum
566 598 719 648 suspirio
747 598 1011 635 enunciandam
1048 611 1121 635 non
1147 606 1225 646 est,
1261 598 1490 648 quantumuis
1515 596 1620 635 simili

174 661 257 699 loco
283 660 392 698 Pont.
420 664 455 704 l,
474 662 513 707 3,
529 661 591 707 81,
605 662 654 696 82
679 658 866 695 suadente.
921 658 1021 695 Nihil
1041 659 1318 708 assignificatur,
1343 660 1410 697 nisi
1437 665 1620 697 uetustum

174 723 272 761 exilii
297 722 374 759 siue
398 720 580 769 municipii
607 720 684 767 ius,
720 719 767 756 de
792 732 864 769 quo
895 718 941 755 ad
968 720 1218 757 auctoritatem
1245 720 1429 757 Ciceronis
1454 720 1622 770 exposuit

171 782 422 820 admirabilem
456 782 493 817 in
528 779 675 817 modum
706 780 928 817 Niebuhrius
962 779 1046 816 hist.
1072 780 1143 817 Ro.
1171 783 1211 828 2,
1239 793 1280 830 p.
1294 782 1359 828 72,
1377 783 1447 829 733
1473 793 1511 830 p.
1526 782 1621 829 2673
1684 828 1685 839 ἵ

171 856 212 895 p.
224 845 322 892 4753
345 856 385 893 p.
399 844 493 890 6833
518 844 558 890 3,
578 854 616 891 p.
633 841 725 878 165:
751 842 890 879 monuit
909 840 1088 892 quaedam
1108 846 1234 877 contra
1252 841 1510 891 Goettlingius,
1534 841 1622 882 hist.

170 905 263 955 reip.
289 917 328 954 p.
346 906 436 952 118,
472 915 569 953 quae
595 915 716 940 meum
745 916 841 940 nunc
873 916 947 940 non
980 910 1034 940 est
1066 902 1282 940 examinare.
1332 902 1485 940 Praeter
1509 914 1622 940 unum
1674 903 1685 931 ι’

171 966 274 1003 illum
303 966 422 1002 locum
450 965 644 1015 quicquam
671 970 848 1001 mutatum
869 976 948 1001 esse
966 965 1012 1000 ab
1033 963 1167 1001 Ouidio
1194 964 1300 1001 exule
1325 964 1361 1001 in
1386 964 1485 1001 libris
1508 963 1623 1002 fasto-
1674 993 1677 1003 .

175 1039 257 1063 rum
283 1027 443 1076 quinque
468 1026 730 1075 posterioribus
755 1025 889 1076 duplici
922 1025 991 1063 hoc
1016 1031 1232 1074 argumento
1257 1037 1372 1075 nego,
1405 1025 1505 1076 quod
1536 1025 1622 1063 nihil
1675 1021 1677 1052 ἶ

172 1100 297 1126 rerum
322 1094 409 1138 post
436 1100 571 1124 annum
598 1089 670 1124 761
698 1093 882 1136 gestarum
909 1094 1234 1134 commemoratur,
1257 1086 1429 1136 quodque
1454 1087 1540 1124 nihil
1565 1087 1622 1124 in-

172 1155 243 1198 est,
269 1148 370 1199 quod
398 1161 479 1185 cum
505 1148 659 1198 pristina
686 1147 853 1184 Caesaris
880 1148 1028 1197 Augusti
1056 1148 1288 1198 inscriptione
1313 1161 1386 1185 non
1413 1150 1619 1186 conueniat.

172 1210 284 1254 Quod
311 1210 357 1246 ad
387 1211 484 1260 prius
510 1210 662 1258 attinet,
699 1221 820 1258 neque
855 1209 954 1246 litem
981 1221 1129 1246 mouere
1154 1209 1307 1258 poterit,
1345 1210 1410 1246 nisi
1435 1210 1498 1259 qui
1524 1210 1622 1248 forte

169 1272 349 1319 docuerit,
376 1270 524 1321 quando
547 1271 674 1308 Bonae
695 1271 787 1307 deae
807 1270 915 1307 aedes
941 1283 962 1307 a
982 1271 1087 1307 Liuia
1108 1271 1272 1306 restituta
1290 1269 1415 1317 fuerit,
1442 1270 1499 1308 uel
1525 1283 1621 1322 quae

170 1334 243 1370 alia
262 1345 335 1370 non
355 1333 468 1369 multa
493 1333 720 1381 inexplorata
747 1332 891 1381 reliqui,
919 1343 1039 1381 neque
1066 1332 1142 1380 ipse
1161 1331 1267 1367 aliter
1292 1332 1385 1368 tueri
1406 1333 1621 1370 sententiam

170 1406 335 1444 possum,
362 1405 470 1443 quam
498 1394 598 1444 quod
624 1394 732 1443 longe
757 1394 913 1443 plurima
941 1393 1041 1429 cuius
1064 1392 1191 1428 aetatis
1215 1392 1308 1439 sint,
1334 1391 1460 1430 docui:
1495 1394 1622 1433 inutile

169 1455 268 1492 {oret
293 1467 477 1505 exponere
501 1455 547 1492 de
574 1456 627 1500 iis,
654 1467 749 1505 quae
772 1456 1015 1505 posteriorum
1037 1465 1214 1490 annorum
1236 1453 1437 1502 potuissent
1461 1466 1621 1492 comme-

170 1516 324 1564 morari,
351 1528 419 1553 nec
445 1525 796 1565 commemorantur3
836 1522 1008 1566 poterant
1033 1517 1127 1553 enim
1155 1515 1271 1551 omitti
1297 1526 1378 1550 cum
1404 1515 1492 1563 illis,
1526 1527 1622 1565 quae

170 1589 283 1628 supra
311 1576 480 1615 indicaui.
533 1579 695 1615 Alterum
723 1590 926 1628 persequar
950 1589 1047 1614 nunc
1074 1588 1118 1613 ea
1143 1576 1388 1623 accuratione,
1415 1582 1457 1612 ut
1483 1577 1620 1614 nullum

169 1640 291 1676 locum
317 1641 624 1689 praetermittam,
661 1641 722 1689 qui
750 1640 809 1677 uel
836 1640 1003 1676 uocatiuo
1031 1651 1115 1675 casu
1142 1638 1202 1673 uel
1229 1637 1300 1673 alio
1327 1637 1493 1674 Caesaris
1518 1649 1620 1675 men-

171 1701 307 1738 tionem
331 1700 467 1748 faciat,
495 1702 604 1750 quiue
630 1700 677 1737 ad
706 1701 902 1738 Caesarem
929 1701 1087 1750 aliquem
1114 1698 1241 1735 referri
1268 1699 1449 1748 postulet:
1484 1698 1620 1737 uidebis

169 1762 337 1812 posthac,
364 1761 449 1812 quid
476 1762 562 1798 mihi
589 1761 713 1809 uelim,
741 1768 778 1798 et
805 1774 877 1811 quo
900 1774 976 1798 rem
999 1761 1220 1798 deducturus
1245 1761 1327 1797 sim.
1343 1760 1425 1799 Lib.
1438 1764 1479 1811 2,
1498 1774 1535 1800 u.
1551 1761 1618 1800 152
1650 1760 1652 1762 ’

370 1823 424 1860 At
450 1827 531 1859 tua
558 1825 809 1872 prosequimur
834 1821 996 1860 studioso
1021 1826 1170 1871 pectore,
1202 1822 1353 1871 Caesar,

432 1885 610 1932 Nomina,
636 1897 699 1934 per
726 1884 854 1922 titulos
879 1883 1165 1932 ingredimurque
1189 1888 1316 1920 tuos:

368 1946 467 1992 Ergo
495 1944 582 1981 ades
607 1950 641 1981 et
666 1945 809 1995 placido
834 1945 990 1996 paulum
1017 1958 1099 1982 mea
1125 1957 1278 1983 ntunera
1301 1945 1405 1984 uoltu

429 2008 595 2055 Respice,
621 2006 791 2054 pacando
816 2008 850 2044 si
876 2006 960 2056 quid
986 2006 1030 2043 ab
1056 2006 1156 2044 hoste
1174 2011 1305 2045 uacat.
1335 2042 1342 2051 l

168 2068 271 2105 Haec
296 2067 490 2105 manifesto
527 2068 573 2104 ad
600 2080 683 2105 eum
717 2068 911 2114 dicuntur,
948 2069 1007 2105 cui
1032 2075 1148 2106 totum
1174 2082 1266 2119 opus
1292 2068 1516 2115 inscribitur,
1552 2066 1617 2104 ba-

167 2129 330 2178 bentque
371 2141 540 2179 magnam
566 2128 830 2167 similitudinem
858 2142 940 2167 cum
969 2134 1006 2178 1,
1023 2131 1081 2175 15,
1104 2131 1167 2177 16,
1185 2132 1253 2179 173
1289 2129 1447 2180 inprimis
1478 2128 1618 2177 inyredi
1681 2168 1685 2176 ¹

165 2202 230 2239 per
255 2190 381 2228 titulos
406 2191 516 2242 plane
540 2191 636 2228 idem
662 2197 743 2239 est,
771 2191 869 2241 quod
896 2193 947 2229 ire
970 2204 1034 2242 per
1060 2191 1208 2237 laudes,
1234 2189 1536 2242 quemadmodum
1564 2192 1618 2228 ire
1681 2179 1685 2228 l

165 2262 229 2300 per
254 2252 400 2289 titulum
432 2259 488 2289 est
519 2253 612 2289 trist.
639 2252 679 2299 5,
699 2254 738 2300 9,
761 2256 822 2290 32.
877 2253 1012 2290 Verum
1049 2255 1122 2291 illic
1154 2253 1266 2290 habes
1300 2251 1425 2290 laudes
1456 2256 1614 2298 tuorum,

165 2312 223 2349 hic
250 2314 372 2351 titulos
392 2318 486 2359 tuos,
514 2315 576 2364 qui
598 2314 738 2351 nonnisi
763 2315 1024 2364 promittuntur
1045 2316 1264 2352 Germanico
1285 2318 1322 2362 1,
1343 2317 1411 2350 ll:
1438 2314 1617 2351 meruitne
1643 2356 1650 2369 Α

166 2372 234 2410 hos
260 2375 369 2423 igitur
394 2383 478 2425 post
502 2376 673 2425 scriptum
697 2376 852 2426 primum
878 2377 1010 2414 librum
1031 2385 1068 2414 et
1086 2383 1171 2413 ante
1191 2382 1358 2425 coeptum
1386 2373 1614 2413 secundum?
1642 2378 1645 2390 ’

165 2435 266 2472 cuius
294 2436 538 2474 demonstraui
564 2437 699 2487 primos
726 2449 852 2474 uersus
880 2439 1100 2488 compositos
1130 2438 1273 2475 biennio
1302 2442 1494 2486 postquam
1522 2436 1614 2474 libe·
1645 2450 1647 2462 =

163 2507 242 2532 ram
268 2502 389 2545 togam
416 2499 569 2548 sumpsit
596 2497 851 2536 Germanicus.
904 2499 991 2536 Non
1017 2500 1126 2549 igitur
1150 2498 1208 2535 hic
1234 2499 1261 2534 is
1289 2498 1378 2545 fuit,
1405 2498 1466 2548 qui
1491 2497 1613 2535 hostes

162 2561 332 2605 pacaret,
358 2558 422 2594 sed
449 2561 653 2609 Augustus,
687 2561 749 2610 qui
777 2561 872 2597 circa
897 2560 935 2597 id
964 2567 1106 2610 tempus
1131 2559 1348 2596 Parthorum
1376 2571 1435 2596 res
1462 2570 1611 2610 compo-

162 2618 248 2668 suit,
273 2619 355 2670 lege
379 2619 489 2657 Dion.
517 2621 620 2659 Cass.
646 2622 712 2671 55,
731 2626 790 2660 ll.
844 2623 928 2659 Huc
953 2622 1110 2672 pertinet
1136 2622 1245 2659 etiam
1271 2624 1310 2670 3,
1329 2622 1428 2659 115:
