1685 2954
157 87 322 117 CLXXVI
709 99 729 110 s
772 88 829 117 DE
858 88 1000 120 sAcms

152 188 264 225 Mart.
291 199 349 225 res
373 198 476 225 sacra
500 184 632 235 fiebat,
665 187 750 237 quia
774 200 818 226 eo
844 189 903 227 die
929 202 1009 227 eam
1035 191 1195 240 attigerit
1221 191 1423 241 Augustus,
1452 205 1488 230 u.
1507 192 1598 242 425,

154 249 225 286 hoc
259 256 315 288 est
348 250 422 285 eius
457 260 579 284 euram
604 250 824 299 susceperit,
860 251 927 287 csr.
954 255 992 299 6,
1017 253 1106 299 449,
1134 264 1229 289 anno
1257 251 1307 290 V.
1334 253 1378 290 C.
1405 254 1496 302 741,
1521 254 1596 292 uid.

154 311 261 348 Dion.
283 311 385 346 Cass.
413 310 476 355 54,
497 312 566 358 273
594 311 658 358 55,
677 314 735 348 12.
789 312 931 349 Maluit
958 325 1045 350 uero
1071 313 1107 350 id
1134 326 1262 351 munus
1288 315 1430 362 mereri,
1457 327 1492 350 u.
1507 316 1596 363 419,

152 385 261 423 quam
288 371 506 407 locutionem
531 383 724 422 perperam
751 379 938 422 acceptam
964 375 1010 410 ab
1037 375 1186 412 Heinsio
1213 377 1357 413 memini
1382 377 1550 425 usurpari
1574 388 1598 414 a

153 432 302 481 Virgilio
336 432 426 468 Aen.
460 433 498 478 8,
524 434 600 468 322
633 439 670 470 et
703 434 870 470 illustrari
906 447 928 471 a
963 434 1134 484 Theoph.
1164 436 1380 487 Kiesslingio
1415 437 1599 474 carissimo

151 499 390 544 praeceptore
415 505 497 529 meo
524 493 570 530 ad
596 496 716 531 nescio
743 506 850 544 quem
877 496 997 532 Taciti
1022 496 1163 540 locum,
1200 498 1284 546 quia
1311 498 1517 547 designatus
1543 503 1599 535 est

151 568 233 592 cum
268 555 421 604 primum
450 565 472 590 a
495 554 593 591 Diuo
622 555 711 592 Iulio
738 556 976 604 adoptaretur
1002 568 1097 592 anno
1124 557 1171 596 V.
1193 559 1237 595 C.
1265 561 1353 606 710,
1387 558 1461 595 uid.
1486 558 1599 596 Dion.

150 616 215 664 44,
236 620 282 653 3:
320 615 418 666 quod
446 627 542 652 anno
568 616 613 653 V.
643 617 686 653 C.
714 618 788 653 718
815 617 956 666 Lepido
990 617 1184 656 succedere
1216 621 1330 656 noluit
1362 626 1455 656 teste
1480 620 1599 657 Dione

151 678 216 726 49,
240 678 299 722 15,
326 677 362 714 id
389 677 459 713 huc
487 690 557 714 non
585 679 756 727 pertinet.
812 678 850 714 In
878 677 1048 714 Vediouis
1075 679 1171 722 seriis
1199 680 1316 717 Nonis
1334 681 1443 719 Mart.
1469 685 1508 730 3,
1522 683 1599 719 429
1636 684 1638 687 ’

150 752 206 790 sq.
237 740 337 776 nulla
364 746 418 777 est
444 739 542 789 apud
571 739 742 776 Ouidium
771 739 904 775 mentio
940 738 1084 775 humani
1109 741 1292 790 sacrificii,
1328 742 1373 778 de
1399 755 1472 793 quo
1498 743 1598 783 Gell.

149 802 189 849 5,
208 805 269 848 12,
287 805 347 838 12.
385 802 442 838 De
470 801 586 837 uerbis
615 807 747 849 poetae
774 800 858 836 nihil
885 806 953 846 est,
981 801 1079 849 quod
1106 813 1286 849 moneam,
1313 811 1461 852 praeter
1487 816 1597 853 quam

150 863 198 899 de
225 875 333 899 uersu
357 863 445 899 445.
498 863 617 899 Possit
642 862 678 897 in
714 868 871 898 mentem
905 862 1029 898 uenire
1061 862 1277 912 legendumt
1311 864 1423 910 farra·
1448 864 1597 912 colonis,

148 923 346 960 secundum
366 924 566 961 Varronem
585 924 631 960 de
650 924 674 959 l.
694 923 720 959 l.
737 922 775 970 5,
797 927 864 959 21:
891 922 948 959 Ab
965 935 1005 960 eo
1032 923 1166 959 colonis
1192 923 1291 961 locus
1317 928 1512 963 communis
1526 946 1596 963 -.

147 984 244 1021 Nam
269 984 436 1035 profecto
463 998 536 1042 cur
553 986 697 1023 colonae
723 985 850 1033 magis,
876 997 984 1034 quam
1005 985 1075 1020 uiri
1097 996 1220 1021 eorum
1248 997 1293 1022 ea
1320 998 1409 1024 uoce
1436 993 1597 1036 utantur,

147 1059 220 1084 non
242 1046 371 1083 uideo:
399 1059 466 1083 nec
491 1047 526 1083 id
546 1058 700 1083 nouasse
726 1046 910 1082 librarium
931 1047 1119 1096 probabile
1146 1054 1215 1094 est,
1243 1048 1307 1084 nisi
1334 1055 1485 1098 propter
1502 1049 1597 1086 mate

148 1116 338 1159 acceptum
365 1111 566 1158 scripturae
594 1107 861 1158 compendium,
889 1109 988 1144 cuius
1011 1114 1226 1145 uetustatem
1253 1110 1428 1159 intelliges
1447 1111 1475 1147 si
1494 1111 1596 1148 euol-

149 1171 244 1207 ueris
270 1172 308 1217 4,
329 1171 402 1206 405
436 1182 530 1219 quae
567 1171 752 1206 annotaui.
813 1169 888 1207 Sed
924 1176 1045 1206 tamen
1083 1182 1154 1206 non
1191 1176 1245 1206 est
1278 1170 1359 1207 ideo
1392 1172 1595 1209 necessaria

147 1231 376 1280 emendatio,
404 1232 501 1281 quod
528 1244 671 1268 vescum
701 1231 747 1268 ad
775 1232 922 1268 colonos
948 1244 1020 1268 non
1049 1233 1248 1281 pertineat:
1286 1233 1502 1269 uocabulum
1530 1233 1595 1271 de-

147 1301 290 1331 suetum
318 1301 398 1330 erat
427 1293 562 1342 Virgilii
598 1300 634 1329 et
665 1292 787 1330 Ouidii
821 1299 964 1340 aetate,
997 1294 1070 1330 uid.
1097 1293 1256 1342 Philarg.
1283 1294 1330 1330 ad
1357 1306 1415 1342 ge.
1444 1298 1481 1341 3,
1505 1294 1594 1342 175,

148 1368 257 1392 uoces
285 1356 498 1392 uetustiores
525 1356 647 1391 rustici
675 1355 922 1401 retinuerunt,
951 1361 1042 1390 teste
1068 1354 1198 1390 Seruio
1224 1354 1270 1390 ad
1297 1367 1354 1404 ge.
1385 1359 1421 1402 l,
1439 1358 1526 1403 120,
1555 1362 1596 1393 ut

146 1416 233 1453 mihi
259 1417 450 1453 annotaui:
481 1430 552 1453 non
580 1416 721 1465 reperio
749 1414 783 1450 id
813 1416 910 1464 apud
929 1416 1190 1463 Burmannum,
1217 1416 1292 1452 siue
1319 1417 1437 1452 erraui
1462 1417 1498 1453 in
1526 1430 1595 1454 nu·

147 1492 261 1526 mero,
289 1479 367 1515 siue
393 1478 491 1528 apud
519 1479 758 1515 recentiorem
783 1476 956 1512 editorem
979 1484 1091 1524 extat,
1120 1490 1191 1527 quo
1219 1483 1305 1513 tunc
1324 1478 1464 1513 utebar.
1506 1477 1596 1514 Post

146 1541 298 1590 Equiria
325 1541 454 1588 altera,
483 1554 637 1591 quorum
666 1540 814 1575 interior
841 1539 997 1587 cognitio
1021 1551 1138 1588 aeque
1164 1551 1207 1574 ac
1234 1539 1395 1588 priorum
1420 1538 1595 1587 impedita

147 1608 216 1650 est,
241 1609 443 1652 sequuntur
468 1602 582 1639 seriae
609 1604 733 1638 Annae
753 1601 944 1637 Perennae
970 1599 1053 1636 inde
1080 1613 1100 1636 a
1128 1602 1267 1638 ιι.523.
1318 1600 1478 1636 Reticuit
1502 1598 1595 1636 Oui-

147 1664 226 1701 dius
254 1671 393 1713 partem
417 1677 554 1708 eorum,
582 1676 678 1713 quae
696 1662 901 1699 Macrobius
921 1666 956 1708 l,
981 1665 1027 1696 12
1048 1675 1084 1711 p.
1101 1664 1171 1697 169
1199 1669 1235 1698 et
1262 1668 1375 1697 totum
1403 1659 1501 1709 quod
1519 1660 1594 1708 Ly-

146 1726 212 1762 dus
239 1727 278 1772 4,
293 1727 356 1772 36,
383 1738 420 1774 p.
438 1726 507 1761 195
536 1726 706 1772 tradunt,
743 1726 801 1761 ille
831 1723 883 1759 his
911 1724 1054 1759 uerbis:
1096 1723 1231 1760 Eodem
1257 1734 1393 1771 (pioque
1418 1734 1535 1758 mense
1559 1726 1594 1759 et

144 1786 282 1837 publice
307 1791 340 1822 et
364 1790 539 1835 priuatim
573 1787 621 1823 ad
647 1787 797 1822 Annam
824 1788 1026 1821 Perennam
1053 1782 1302 1830 sacrificatum
1326 1786 1422 1828 itur,
1455 1788 1497 1820 ut
1521 1796 1594 1821 αη-

145 1862 234 1887 nare
259 1853 292 1885 et
316 1860 512 1898 perennare
539 1847 716 1885 commode
742 1847 866 1890 liceat,
901 1845 959 1882 hic
991 1845 1071 1881 loco
1105 1845 1155 1882 ita
1181 1845 1492 1895 interpungendo:
1518 1857 1593 1894 με-

146 1907 355 1960 σομηνίαν.
391 1907 457 1946 καὶ
490 1904 602 1958 εὐχαὶ
639 1903 832 1957 δημόσιαι
865 1900 965 1956 ὑπὲρ
999 1907 1071 1943 τοῦ
1105 1900 1274 1956 ὑγιεινὸν
1307 1903 1496 1956 γενέσθαι
1522 1903 1593 1944 τὸν

147 1967 343 2020 ἐνιαυτόν,
370 1972 534 2022 proxima
560 1972 653 2007 enim
684 1983 803 2020 neque
826 1983 910 2006 num
931 1970 1000 2005 huc
1018 1970 1238 2019 pertineant,
1266 1981 1385 2019 neque
1410 1968 1593 2019 quomodo

146 2035 373 2073 emendanda
398 2035 492 2080 sint,
519 2033 634 2069 habeo
662 2031 794 2068 dicere.
849 2031 1022 2080 Reliquas
1051 2038 1171 2068 tamen
1200 2032 1410 2082 cerimonias
1437 2032 1594 2081 diligen-

146 2104 203 2135 ter
239 2105 275 2134 et
311 2096 502 2146 genialiter
528 2093 680 2131 Ouidius
714 2100 870 2130 enarrat.
933 2093 1070 2129 Locum
1105 2093 1267 2142 designat
1294 2105 1329 2128 u.
1352 2092 1449 2139 525,
1483 2103 1591 2141 quem

146 2160 299 2197 strictius
331 2158 455 2194 definit
487 2157 579 2207 lapis
608 2154 829 2193 Vaticanus:
865 2157 930 2192 uia
959 2155 1142 2192 Flaminia
1167 2154 1215 2191 ad
1243 2152 1398 2202 lapidem
1421 2155 1589 2201 primum,

147 2228 183 2258 et
208 2220 424 2271 pomiferum
449 2231 572 2256 nemus
598 2218 759 2267 appellnt
784 2217 956 2253 Martialis
983 2219 1018 2261 4,
1038 2218 1102 2264 64,
1123 2218 1181 2252 17.
1235 2216 1336 2251 Haec
1361 2216 1439 2264 ipsa
1461 2214 1590 2264 appel-

144 2283 231 2319 latio
258 2283 375 2318 cultus
396 2281 507 2318 ciuilis
533 2280 709 2330 potissimi
735 2278 903 2315 indicium
931 2279 1052 2322 habet,
1080 2280 1115 2315 in
1136 2289 1207 2326 quo
1236 2276 1344 2325 plane
1369 2275 1455 2312 nihil
1482 2275 1588 2312 uideo

144 2344 244 2395 quod
271 2343 452 2381 Clausenii
481 2342 691 2391 ambagibus
728 2340 774 2377 de
810 2353 928 2390 aquae
963 2340 1136 2389 mysteriis
1164 2338 1420 2388 patrocinetur.
1472 2337 1588 2373 Scali-

144 2418 210 2456 ger
243 2405 279 2441 in
318 2404 551 2441 annotatione
585 2402 631 2439 ad
657 2403 807 2439 Festum
840 2403 993 2451 primum
1027 2408 1110 2451 post
1145 2401 1261 2450 ipsum
1288 2406 1433 2448 poetam
1461 2399 1588 2436 u.654

144 2480 224 2505 eam
250 2466 555 2516 interpretationis
578 2465 671 2501 uiam
698 2465 887 2500 institerat.
929 2464 986 2500 Re
1008 2475 1093 2499 uera
1120 2469 1273 2510 utraque
1300 2459 1396 2510 apud
1415 2458 1586 2497 Ouidium

141 2528 267 2566 fabula
302 2541 337 2565 u.
357 2527 573 2565 545-655
602 2534 638 2563 et
671 2528 939 2564 u.673—674
975 2524 1142 2562 subdialis
1174 2522 1385 2572 plebeculae
1420 2521 1586 2557 commis-

141 2590 234 2628 satio
259 2589 444 2626 astruitur.
494 2591 746 2626 Vescinum-in
763 2591 875 2638 ayt-is,
903 2587 1018 2637 inquit
1045 2599 1080 2621 u.
1099 2585 1184 2629 655,
1212 2587 1260 2621 Et
1279 2583 1453 2620 celebrant
1480 2582 1584 2630 lar-90

139 2658 240 2703 teque
262 2651 421 2700 diemque
445 2663 559 2689 mero:
593 2652 642 2689 ita
669 2651 788 2699 enim,
816 2651 897 2699 uel,
930 2659 1073 2697 venique
1097 2646 1278 2696 diemque,
1317 2643 1583 2684 emendandum
