1685 2954
139 102 301 132 CXLVIII
619 99 676 127 DE
705 97 827 128 LOCIS
857 98 1092 129 RELIGIOSIS

140 201 302 245 camino,
335 199 429 236 inter
463 208 559 247 quae
597 197 682 235 satis
716 197 860 236 fortiter
894 200 929 236 in
961 199 1138 236 sinistram
1165 202 1306 249 partem
1332 197 1584 251 circumagitur

140 262 300 299 Tiberis.
354 258 430 296 Sed
457 258 547 302 haec
578 259 793 308 incertiora,
825 261 912 298 illud
941 273 1028 297 uero
1053 272 1172 310 paene
1198 266 1334 297 certum
1362 266 1418 297 est
1443 273 1512 299 nec
1537 263 1584 300 ab

141 323 216 361 ullo
242 322 481 369 archaeologo
508 320 750 370 eleuandum,
785 323 935 359 alteram
962 322 1175 371 scripturam
1202 323 1374 358 librorum
1400 322 1587 371 Italorum,

145 386 275 430 Ostia,
308 389 425 419 ortam
461 394 540 419 esse
574 394 619 418 ex
655 382 869 431 glossemate
903 384 1018 433 petito
1051 395 1072 420 e
1098 383 1216 420 Seruii
1251 384 1514 420 commentariis
1539 384 1588 421 ad

141 447 233 482 Aen.
259 446 298 491 8,
315 444 383 480 65:
425 443 503 480 Alii
535 447 694 481 Romam
725 444 847 482 dicum
884 444 1044 481 Tiberini
1078 444 1315 489 domicilium,
1353 444 1420 481 alii
1454 446 1590 483 Ostia

142 506 278 554 dicunt,
305 504 347 543 ob
373 505 439 542 hoc
461 504 553 554 quod
579 516 646 542 nos
671 517 748 542 cum
773 517 837 554 per
858 505 1004 542 diuersa
1023 505 1277 543 dicturi-eranum
1297 504 1434 553 officia,
1460 507 1498 542 in
1522 505 1591 543 do-

141 581 239 605 mum
259 571 423 605 nostram
447 577 515 603 mos
539 568 730 615 recipimus
747 566 865 614 ibique
885 568 1148 614 requiescimus,
1174 572 1216 603 ut
1235 566 1326 604 idem
1351 567 1407 604 hic
1429 579 1510 604 cum
1528 578 1592 617 per

141 630 282 679 reliqua
308 630 434 678 spatia
460 628 680 675 discam-erit,
704 628 855 676 recipiat
880 638 918 662 se
938 639 1002 675 per
1027 630 1124 665 ostia
1148 630 1189 664 in
1208 640 1320 665 mare.
1365 628 1593 665 Testimonio

142 678 227 728 sun‘t
260 698 400 727 ueteres
427 690 508 726 Itali
540 690 755 738 interpretes
792 688 828 723 in
865 687 923 724 ed.
950 688 1098 726 Mediol.
1127 688 1250 726 Ouidii
1278 690 1401 738 1510,
1442 690 1594 727 meliora

143 765 209 790 sua
242 753 458 802 plerumque
494 762 514 786 e
548 749 690 786 scholiis
718 748 900 784 ueteribus
934 747 1069 797 furati,
1108 744 1261 800 quorum
1287 750 1429 787 Marsus
1455 751 1594 800 Virgilii

143 815 262 851 locum
290 814 463 864 apponit,
498 812 672 848 Antonius
698 809 875 845 Fanensis
902 809 951 845 ita
978 816 1145 846 annotat:
1182 811 1410 849 Fabulantur
1434 811 1486 848 ibi,
1518 824 1595 849 esse

143 877 283 924 regiam
311 875 495 922 Tyberini,
522 872 582 910 ubi
607 870 743 918 fluuius
768 868 922 917 flectitur
946 872 1215 909 sinistrorsum:
1251 873 1466 920 rectissime;
1500 871 1596 910 adde

143 937 313 975 Seruium
340 936 386 972 ad
416 936 506 972 Aen.
536 939 574 982 1,
595 935 687 970 168:
726 936 792 969 arat
822 943 948 968 uerum
983 930 1069 969 dicit
1102 936 1137 969 et
1167 937 1222 970 est
1249 933 1422 978 historia,
1454 937 1520 971 aut
1546 931 1597 971 αᾶ

145 998 289 1036 laudem
313 999 466 1047 pertinet
491 996 572 1034 loci.
748 995 754 1000 “

245 1059 378 1096 Redeo
403 1059 438 1095 in
466 1058 630 1094 ordinem
659 1056 705 1093 ad
731 1056 886 1093 lacum
912 1056 1173 1103 Iuturnae,
1204 1056 1267 1106 qui
1294 1061 1598 1093 commemoratur

148 1125 186 1171 1,
204 1122 302 1158 708:
330 1125 464 1169 stagna
485 1123 523 1167 2,
538 1121 612 1155 603
639 1130 735 1168 quae
760 1118 944 1167 leguntur,
970 1117 1125 1154 fortasse
1151 1119 1188 1155 in
1209 1130 1338 1168 campo
1358 1117 1490 1155 Martio
1516 1117 1598 1155 sue-

146 1189 244 1220 runt.
297 1181 374 1219 Sed
401 1182 500 1218 illum
532 1181 652 1217 locum
683 1180 890 1229 religiosum
916 1179 951 1214 in
978 1177 1059 1214 soro
1088 1178 1199 1215 fuisse
1225 1184 1378 1215 testatur
1403 1179 1598 1227 Dionysius

146 1245 187 1292 6,
207 1246 270 1291 13,
296 1256 334 1293 p.
356 1243 469 1288 1068,
494 1244 540 1276 13
558 1241 607 1278 R.
662 1241 740 1277 Alia
766 1239 812 1276 de
845 1251 889 1276 eo
915 1240 1132 1289 scriptorum
1160 1240 1365 1276 testimonia
1393 1246 1429 1276 et
1455 1240 1501 1277 de
1527 1242 1599 1277 situ

147 1306 225 1343 eius
251 1304 514 1353 disputationes
543 1302 666 1350 legere
693 1301 829 1351 poteris
865 1301 963 1349 apud
990 1300 1249 1349 archaeologos
1275 1313 1399 1338 omnes
1428 1308 1465 1339 et
1491 1303 1526 1338 in
1552 1303 1599 1338 li-

148 1367 247 1403 bello
273 1364 499 1401 Ambroschii
525 1377 563 1414 p.
580 1365 665 1399 100.
718 1362 803 1397 Non
830 1362 980 1397 multum
1008 1362 1043 1397 in
1071 1361 1140 1398 hac
1166 1374 1221 1409 re,
1248 1374 1342 1411 quae
1368 1363 1526 1411 pertinet
1552 1363 1599 1400 ad

149 1427 248 1466 aedis
275 1427 467 1464 Castorum
490 1424 610 1462 locum
637 1422 895 1467 definiendum,
921 1422 1006 1458 uide
1029 1435 1138 1471 supra
1165 1435 1203 1472 p.
1219 1434 1372 1471 cxxw,
1399 1423 1519 1460 adhuc
1545 1430 1601 1461 est

149 1488 372 1540 expeditum.
410 1485 595 1523 Candidos
615 1491 651 1521 et
672 1484 832 1522 eruditos
855 1483 1017 1520 homines
1039 1484 1197 1521 iudicare
1218 1484 1324 1520 uelim
1345 1485 1392 1521 de
1411 1485 1480 1533 his,
1506 1498 1601 1535 quae

149 1552 186 1588 in
212 1556 369 1588 mentem
396 1547 481 1584 mihi
511 1547 717 1583 ueniebant.
770 1546 992 1594 Fragmenta
1026 1544 1100 1581 duo
1127 1546 1333 1595 Capitolina
1359 1546 1538 1583 delineata
1563 1548 1600 1584 in
1664 1566 1668 1570 ·

149 1611 301 1648 Bellorii
326 1610 426 1647 tabb.
445 1621 515 1646 ΧΠ
535 1614 571 1645 et
589 1620 671 1644 ΧΠ
698 1607 884 1643 coniunxit
910 1607 947 1643 in
973 1607 1141 1643 basilicae
1167 1607 1278 1643 luliae
1305 1608 1495 1656 imaginem
1524 1609 1601 1658 pri-

150 1685 230 1710 mus
255 1672 423 1720 Nibbyus
457 1670 517 1706 del
550 1669 631 1706 soro
659 1682 697 1718 p.
713 1671 810 1716 178,
844 1674 1016 1705 monente
1047 1674 1168 1704 tamen
1195 1667 1266 1703 Ed.
1296 1668 1489 1705 Gerhardo
1515 1681 1603 1718 gra-

151 1719 298 1771 uissima
322 1733 517 1783 quaedam,
543 1737 584 1768 ut
611 1731 768 1777 uidetur,
796 1736 938 1776 contra,
966 1729 1012 1765 de
1040 1730 1116 1765 bas.
1146 1728 1210 1764 lul.
1238 1741 1276 1777 p.
1295 1730 1357 1775 18,
1385 1741 1420 1765 n.
1438 1733 1482 1777 23
1511 1742 1603 1766 non-

152 1794 241 1833 nihil
267 1794 377 1831 etiam
402 1793 565 1829 Bunsen.
586 1792 674 1828 bull.
703 1791 817 1838 1835,
844 1804 883 1840 p.
898 1793 959 1828 81.
1011 1791 1077 1826 Illa
1095 1789 1276 1826 Gerhardi
1303 1790 1332 1826 si
1358 1797 1479 1826 tamen
1507 1791 1603 1829 eludi

151 1857 305 1907 possint,
334 1855 420 1905 quia
446 1853 601 1900 Canina,
629 1852 684 1888 uir
709 1864 782 1889 non
807 1852 914 1899 leuis,
940 1864 1013 1888 non
1039 1852 1080 1887 iis
1106 1857 1273 1887 mouetur
1299 1851 1346 1888 de
1371 1851 1452 1888 foro
1479 1864 1518 1902 p.
1537 1854 1602 1901 86,

154 1919 214 1955 uel
241 1918 271 1954 si
297 1917 414 1953 altera
439 1921 538 1952 certe
572 1926 658 1964 pars
684 1914 844 1951 anterior
877 1913 1043 1950 basilicae
1076 1919 1176 1950 recte
1209 1913 1332 1962 agnita
1361 1914 1429 1961 sit,
1468 1914 1605 1951 litteras

154 1987 380 2017 transuersas
424 1977 542 2014 eidem
584 1976 760 2025 ascriptas
796 1975 959 2012 TVRNI
993 1974 1086 2011 salso
1132 1974 1368 2011 concesserim
1405 1986 1427 2011 a
1464 1974 1605 2012 Canina
1670 2002 1671 2018 1

154 2041 342 2092 suppletas
366 2039 413 2077 de
439 2038 526 2076 aede
552 2036 792 2084 SaTVRNI,
818 2035 884 2072 sed
910 2035 1123 2073 crediderim
1150 2035 1366 2085 significasse
1392 2036 1512 2073 lac-um
1535 2039 1605 2074 Iu-
1669 2066 1671 2074 Α

156 2102 350 2150 TVRNE,
380 2098 687 2151 quemadmodum
712 2098 748 2134 in
775 2097 845 2133 alio
864 2096 1068 2146 fragmento
1087 2096 1440 2134 GRECOSTA‘SIS
1460 2098 1602 2146 legitur.

155 2165 245 2202 Eius
271 2164 404 2211 fontis,
441 2174 550 2212 quem
583 2173 665 2197 cum
690 2157 907 2196 Plutarchus
935 2159 1120 2195 etiamtum
1147 2159 1310 2205 nouerit,
1335 2157 1522 2194 fatendum
1550 2164 1605 2195 est
1669 2154 1671 2206 j

157 2227 267 2263 etiam
293 2225 439 2262 saeculo
465 2228 551 2273 post
576 2222 673 2258 hunc
699 2221 816 2258 notari
842 2220 1018 2270 potuisse,
1045 2220 1074 2256 si
1096 2221 1215 2256 locum
1239 2219 1290 2255 ita
1315 2230 1604 2269 assequeremur,
1666 2254 1671 2275 t

158 2287 344 2325 uideretur
369 2286 562 2323 Castorum
599 2283 709 2321 aedes
743 2283 860 2332 ipsum
893 2281 1109 2317 uestibulum
1143 2281 1307 2317 basilicae
1343 2292 1365 2316 a
1392 2280 1532 2317 Canina
1558 2280 1607 2318 ad

158 2347 353 2397 fragmenti
378 2347 489 2385 fidem
515 2346 758 2392 delineatum,
793 2344 828 2380 in
864 2355 936 2393 quo
962 2348 1082 2379 statua
1110 2343 1178 2378 ista
1203 2341 1358 2378 sortasse
1383 2341 1451 2378 fuit
1477 2342 1607 2379 Amul·
1668 2328 1671 2343 “

159 2409 233 2446 lino
260 2415 297 2445 et
321 2410 510 2446 Frontone
535 2420 626 2445 coss.
651 2406 785 2456 posita,
816 2404 891 2441 uid.
918 2404 1044 2440 bullet.
1073 2404 1185 2451 1835,
1209 2415 1247 2453 p.
1265 2404 1327 2449 37,
1354 2404 1513 2454 attigisse
1538 2415 1607 2442 nec
1667 2395 1685 2413 ’

160 2469 349 2507 recessisse
375 2482 396 2506 a
421 2469 516 2507 soro.

262 2530 420 2567 Lucus
447 2531 651 2569 Helerni
676 2531 712 2566 in
740 2528 896 2566 carmine
922 2525 1127 2574 Ouidiano,
1157 2532 1266 2576 prout
1291 2525 1401 2574 edidi,
1429 2526 1482 2563 bis
1508 2538 1608 2564 com-

161 2599 383 2630 memoratur
409 2596 447 2640 2,
470 2595 520 2629 67
544 2606 616 2643 sq.,
643 2594 683 2640 6,
704 2592 802 2639 105,
832 2602 953 2640 neque
980 2600 1129 2638 usquam
1159 2595 1371 2637 praeterea,
1406 2588 1472 2624 nisi
1497 2587 1608 2637 sorte,

163 2654 263 2706 quod
295 2654 405 2692 miror
437 2653 485 2690 ab
523 2654 600 2690 aliis
634 2652 795 2691 nondum
831 2663 910 2691 esse
946 2657 1145 2697 tentatum,
1180 2649 1279 2700 apud
1311 2649 1467 2687 Paulum
1501 2650 1606 2688 Diae.
