1685 2954
86 105 221 135 vam
615 101 788 131 OVIDIVS
818 100 1010 131 CLODIVM

88 210 174 252 aut,
209 202 293 254 quia
318 202 466 241 Clodius
492 201 543 237 XI
569 200 655 239 Kal.
682 201 846 239 occidere
881 213 960 239 eam
987 200 1095 248 dicit,
1132 197 1311 245 Ouidius,
1351 203 1390 234 ut
1423 198 1530 246 solet,

87 265 250 315 proxima
283 271 390 302 nocte
423 262 595 300 occidisse
627 269 746 302 notat.
803 263 927 300 Altero
960 263 1041 299 loco
1073 260 1243 298 conuenit
1277 257 1412 295 Ouidio
1447 270 1529 296 cum

89 326 241 374 Clodio,
277 326 306 361 si
342 325 504 361 adhibita
530 323 659 360 ldeleri
694 323 858 360 doctrina
893 323 1110 360 intellexeris
1136 321 1309 359 Ouidium
1336 320 1531 357 correxisse

89 388 217 424 leuiter
241 385 359 422 Clodii
395 387 519 422 uerba.
580 384 614 421 Is
649 385 789 436 scripsit
823 383 874 436 τῇ
902 379 978 434 πρὸ
1006 379 1040 433 γ’
1067 384 1204 421 νωνῶν
1229 378 1275 419 τὸ
1311 376 1435 429 μέσον
1461 380 1533 417 τοῦ

91 444 252 489 λέοντος
279 443 352 483 σὺν
380 449 430 497 τῇ
457 442 561 499 λύρᾳ
588 438 737 483 δύεται.
787 447 896 496 Atqui
930 458 1002 483 non
1029 446 1133 482 simul
1159 443 1349 490 occidunt,
1386 441 1450 479 sed
1475 442 1535 479 leo

88 521 208 555 mane,
237 507 317 556 lyra
345 508 501 558 uesperi,
528 507 616 545 ldel.
643 520 680 557 p.
697 507 792 553 156;
830 507 956 544 eadem
983 507 1092 555 igitur
1119 512 1250 553 nocte,
1275 505 1341 542 sed
1367 506 1466 540 cuius
1491 515 1537 541 ea

89 582 188 619 pars,
215 581 289 619 qua
313 570 393 618 lyra
418 568 562 616 occidit,
589 568 636 605 ad
662 569 712 605 lv
739 569 837 605 Non.
864 569 1034 617 pertinet.
1089 569 1167 604 Hoc
1193 574 1257 603 aut
1284 566 1432 603 Clodius
1459 566 1537 614 ipse

91 633 293 668 accuratius
328 631 533 677 extulerat,
568 627 683 666 ueluti
708 629 759 665 Vt
784 628 870 665 Kal.
897 629 1006 665 Febr.
1033 631 1110 666 eius
1144 630 1196 666 rei
1233 629 1382 676 uestigia
1409 628 1536 673 habes,

91 699 154 729 aut
180 705 201 729 a
220 693 430 729 Ptolemaeo
453 704 492 741 p.
507 694 557 728 80
572 691 621 738 D,
647 691 719 727 hoc
745 695 812 733 est,
841 689 887 725 ab
913 700 973 736 eo,
999 703 1106 739 quem
1125 691 1154 727 is
1179 697 1217 728 et
1234 688 1382 727 Clodius
1407 687 1538 731 reddit,

95 754 299 791 admonitus
326 760 381 789 est
407 753 521 790 Naso.
1050 784 1053 785 γ
1134 742 1141 746 f

191 815 392 865 Delphinus
427 813 625 850 secundum
659 812 755 862 ipsos
791 813 1032 849 astronomiae
1057 812 1214 848 calculos
1247 822 1401 860 uespere
1427 811 1541 846 oritur

94 877 144 913 lv
172 876 224 913 ld.
254 877 332 913 lun.
362 877 520 924 itemque
552 873 650 924 apud
677 873 843 910 Clodium
880 881 917 911 et
951 873 1048 924 apud
1076 872 1247 909 Ouidium
1273 873 1312 918 6,
1339 873 1426 907 471.
1460 871 1541 907 Ge-

93 938 212 973 minus
230 949 268 986 p.
283 939 333 972 70
352 938 381 972 A
405 936 568 985 proxime
595 935 748 982 accedit,
773 936 802 971 si
821 937 961 972 Arcturi
982 942 1019 972 et
1038 933 1208 984 Delphini
1236 944 1404 970 numeros
1426 938 1542 968 trans-

95 1011 227 1048 ponas,
254 997 316 1033 sed
346 1010 413 1047 pro
440 992 490 1047 ιγ’
518 1003 555 1034 et
581 992 648 1045 ιη’,
676 991 792 1046 ars‘et
816 992 874 1046 κγ’
903 1004 1032 1034 mutes.

198 1059 342 1094 Pliadas
372 1057 527 1094 Ouidius
553 1058 639 1095 dicit
665 1070 792 1095 omnes
826 1059 935 1108 aspici
969 1059 1017 1095 ΙΙΙ
1043 1057 1095 1093 Id.
1123 1057 1226 1104 Mai„
1265 1055 1373 1092 biduo
1399 1053 1545 1104 quidem

95 1127 194 1166 ante,
222 1132 330 1168 quam
360 1131 489 1155 reuera
517 1118 552 1155 id
579 1119 658 1156 fieri
685 1119 793 1156 docet
813 1119 972 1156 Idelerus
992 1133 1031 1169 p.
1048 1120 1132 1155 152.
1173 1118 1247 1155 Sed
1269 1116 1436 1153 Clodium
1461 1114 1544 1151 red-

94 1181 160 1228 dit,
190 1182 251 1230 qui
278 1180 362 1216 inde
391 1192 411 1216 a
447 1180 563 1216 Nonis
590 1182 793 1230 aliquoties,
820 1181 884 1218 sed
911 1188 1094 1231 postremo
1121 1181 1170 1216 lv
1190 1179 1243 1216 ld.
1271 1185 1389 1214 ortum
1416 1177 1545 1225 Vergi-

95 1243 223 1278 liarum
251 1242 410 1286 ascribit,
439 1254 506 1277 nec
527 1243 658 1278 omittit
678 1243 891 1292 principium
919 1242 1078 1288 aestatis,
1106 1240 1204 1290 quod
1231 1252 1321 1276 caue
1346 1239 1472 1276 credas
1498 1237 1546 1274 ad

97 1314 179 1339 enm
207 1302 303 1339 diem
330 1304 458 1351 magis,
486 1316 595 1352 quam
623 1303 669 1340 ad
695 1304 819 1340 sideris
847 1310 980 1348 ortum,
1006 1309 1082 1339 tum
1109 1301 1326 1351 perfectum,
1351 1301 1545 1351 pertinere.

97 1363 201 1413 Apud
229 1364 424 1399 Geminum
451 1376 488 1413 p.
511 1365 560 1400 69
579 1364 612 1400 Ι)
641 1377 707 1414 pro
735 1362 775 1400 ἓν
802 1364 852 1415 τῇ
879 1359 941 1411 ,ιβ’
969 1363 1066 1413 legas
1094 1365 1177 1400 licet
1203 1358 1277 1399 κδ’.

197 1424 336 1461 Eodem
366 1425 473 1460 modo
508 1425 579 1461 fine
613 1426 691 1462 libri
718 1428 831 1476 quinti
867 1427 1105 1462 astronomica
1132 1436 1227 1474 quae
1261 1423 1468 1469 restabant,
1503 1433 1547 1458 ex

98 1497 171 1533 quo
198 1486 310 1522 solem
337 1486 372 1522 in
399 1487 576 1522 Geminos
603 1488 703 1524 abire
735 1487 898 1533 dixerat,
933 1488 1077 1533 (canem
1105 1487 1198 1522 enim
1224 1485 1308 1521 illuc
1335 1497 1407 1521 non
1435 1485 1547 1533 perti-

100 1557 187 1583 nere
214 1547 306 1584 insra
332 1547 480 1594 disces‚)
507 1550 557 1584 ita
582 1549 880 1599 comprehendit:

361 1608 521 1655 Auferat
547 1621 592 1646 ex
618 1610 730 1647 oculis
754 1612 900 1646 ueniens
924 1610 1071 1647 Aurora
1101 1613 1251 1657 Booten,

431 1671 678 1719 Continuoque
703 1670 758 1707 die
782 1670 885 1708 sidus
911 1674 1070 1717 Hyantis
1095 1674 1183 1708 erit.-

100 1728 170 1765 hoc
195 1735 264 1776 est,
291 1731 512 1780 simulatque
539 1739 704 1768 arcturus
731 1733 915 1780 occiderit,
946 1733 1093 1780 Hyadas
1119 1732 1340 1781 pedetentim
1368 1741 1482 1780 usque
1504 1727 1551 1765 ad

101 1791 209 1826 linem
236 1792 365 1827 mensis
395 1794 566 1828 continuo
593 1793 691 1828 oriri.
742 1792 861 1837 Nota,
898 1800 938 1828 ut
965 1800 1074 1842 puto,
1102 1800 1283 1830 structura
1309 1791 1552 1841 grammatica.

101 1850 181 1887 Csr.
200 1852 236 1893 4,
254 1852 350 1887 775:
378 1856 545 1889 eueniant
565 1857 609 1897 et,
637 1853 674 1889 h.
696 1865 729 1889 e.
749 1855 777 1889 si
804 1855 987 1902 eueniant,
1015 1854 1210 1902 saciemus3
1236 1857 1376 1901 3‚809;
1404 1857 1442 1900 2,
1457 1853 1551 1898 4463

103 1913 252 1960 5,534;
286 1916 325 1959 2,
345 1914 431 1961 150,
447 1915 533 1951 855.
579 1914 691 1952 Sidus
718 1917 799 1963 erit,
828 1922 867 1952 ut
893 1920 931 1962 2,
949 1917 1023 1952 695
1052 1918 1164 1952 Luna
1189 1916 1274 1962 fuit.
1326 1916 1469 1953 Scilicet
1494 1914 1552 1950 le-

105 1980 207 2021 gerat
233 1974 330 2023 apud
359 1975 525 2011 Clodium
555 1977 747 2012 Arcturum
773 1976 937 2014 occidere
962 1977 1028 2014 Xll
1054 1977 1156 2025 Kal„
1190 1990 1233 2013 ac
1258 1977 1388 2014 deinde
1414 1977 1552 2024 aliquo-

105 2035 170 2069 ties
198 2036 369 2081 Suculas,
398 2036 456 2071 uel
483 2038 664 2083 Taurum,
691 2039 790 2074 cuius
817 2051 902 2087 pars
929 2046 1026 2085 sunt,
1054 2041 1138 2075 oriri
1166 2039 1249 2085 (Vll
1269 2037 1329 2075 ΚΡ
1354 2037 1551 2074 emendan-

105 2095 191 2131 dum
220 2103 274 2131 est
300 2091 474 2144 δύεται),
501 2097 618 2134 donec
643 2099 729 2135 Kal.
757 2100 835 2137 lun.
863 2095 904 2135 αἶ
930 2094 1050 2143 &daeg
1075 2095 1167 2136 ὅλαι
1195 2095 1449 2146 ἄνι’σχούσινε
1476 2097 1551 2132 die-

107 2157 175 2192 bus
203 2157 425 2194 intermediis
450 2165 548 2195 certe
572 2172 644 2196 non
675 2160 839 2198 aberant.

204 2217 363 2255 Easdem
389 2220 535 2267 Hyadas
563 2222 599 2265 4,
619 2223 695 2257 677
720 2221 864 2271 uesperi
890 2220 975 2258 dicit
1000 2222 1165 2260 occidere
1192 2221 1277 2259 XVI
1299 2221 1356 2258 uel
1379 2220 1448 2257 XV
1466 2219 1552 2256 Kal.

105 2277 210 2326 Mai„
238 2291 356 2329 neque
382 2294 403 2317 a
432 2283 584 2318 ueritate
610 2283 731 2331 longe,
759 2290 795 2319 et
822 2288 970 2319 auctore
997 2284 1140 2322 Clodio.

205 2341 316 2383 Quod
344 2342 390 2378 de
417 2342 555 2380 Orione
581 2346 619 2390 6,
647 2345 721 2380 717
747 2343 914 2391 traditur,
939 2357 1020 2380 cum
1047 2345 1177 2382 Clodio
1203 2358 1247 2381 ex
1272 2343 1332 2382 ed.
1361 2341 1459 2379 Hasii
1485 2332 1552 2378 mi-

106 2413 175 2437 nus
200 2405 391 2450 conuenit,
418 2411 455 2439 at
481 2418 524 2440 ex
552 2406 717 2442 uersione
742 2406 888 2442 Leonici
915 2407 1074 2455 optime,
1101 2407 1162 2456 qui
1188 2407 1256 2443 XV
1283 2406 1365 2442 Kal.
1393 2405 1458 2442 Iul.
1486 2403 1553 2440 hu-

105 2474 224 2499 meros
244 2461 390 2500 Orionis
415 2477 601 2515 emergere
623 2466 721 2503 dicit.
762 2467 818 2504 De
843 2467 913 2503 hac
933 2468 1141 2504 diuersitate
1164 2469 1313 2517 eiusque
1333 2478 1440 2503 causa
1459 2465 1553 2502 infra

108 2523 221 2573 leges.
274 2526 465 2571 Geminus,
491 2529 568 2564 siue
597 2527 822 2565 Democritus
848 2529 946 2579 apud
974 2530 1167 2566 Geminum
1193 2542 1232 2578 p.
1245 2531 1297 2565 70
1317 2530 1344 2565 A
1372 2529 1450 2575 fin„
1477 2540 1552 2563 me-

106 2584 185 2621 dius
211 2592 264 2622 est
299 2587 392 2623 inter
417 2596 626 2637 utrumque.
680 2589 770 2626 Vtut
806 2598 884 2637 est,
919 2603 1010 2640 nego
1037 2597 1163 2627 contra
1188 2591 1440 2626 astronomiam
1467 2600 1554 2639 pec-

107 2647 181 2682 cari
206 2648 368 2696 potuisse
394 2649 439 2683 ab
467 2648 615 2696 Ouidio,
642 2652 669 2686 si
694 2653 721 2686 is
743 2652 908 2693 Clodium
936 2653 1102 2701 inspexit,
1128 2653 1226 2701 apud
1253 2663 1360 2701 quem
1387 2650 1552 2701 sequenti
