1685 2954
626 83 968 116 1.1}3.snx’rvs
1431 65 1513 110 271

132 190 267 231 Vesta
295 187 441 229 eadem
468 191 534 226 cst
558 191 602 226 et
630 193 748 227 terra.
784 185 931 226 subest
959 182 1058 237 uigil
1082 182 1192 238 ignis
1217 180 1397 237 utrique:

184 255 430 310 Significant
456 252 601 295 sedem
630 259 736 296 terra
766 254 966 305 focusque
995 262 1126 292 suam.

129 323 257 363 Terra
283 323 390 375 pilae
419 318 561 362 similis
589 322 698 362 nullo
728 317 933 362 fulcimine
961 316 1059 358 nixa

184 392 295 431 Aere
321 387 507 430 subiecto
538 393 621 428 tam
651 401 780 442 graue
808 385 962 440 pendet
988 397 1104 426 onus.
1434 388 1516 424 270

131 459 243 499 Arce
271 453 493 511 Syracosia
519 467 752 507 suspensus
787 455 828 494 in
864 466 960 494 aere
989 454 1130 494 clauso

187 526 282 566 Stat
306 523 467 578 globus,
495 523 682 562 immensi
705 535 832 575 parua
857 521 990 576 figura
1017 521 1118 574 poli:

127 594 183 633 Et
209 597 403 644 quantum
429 604 454 631 a
481 590 667 643 summis,
696 595 854 629 tantum
882 590 1064 630 secessit
1091 589 1143 629 ab
1172 586 1266 629 imis

185 660 322 699 Terra.
359 657 468 712 quod
497 664 544 698 ut
572 657 657 709 fiat,
686 657 813 697 forma
840 655 1012 697 rotunda
1039 656 1150 697 facit.

128 726 210 766 Par
234 725 365 766 facies
394 726 547 779 templi.
586 725 723 766 nullus
752 725 950 778 procurrit
978 725 1020 764 in
1048 724 1116 764 illo
1436 723 1516 762 275

184 794 388 847 Angulus,
419 806 443 834 a
471 791 608 846 pluuio
637 793 831 834 uendicat
858 793 984 834 imbre
1013 791 1162 832 tholus.

131 860 215 902 Cur
240 862 296 902 sit
323 861 561 916 uirginibus,
591 861 767 914 quaeris,
797 860 875 900 dea
904 860 1014 901 culta
1041 854 1270 899 ministris?

186 930 394 970 Inueniam
422 942 575 970 causas
602 929 683 969 hac
712 941 874 982 quoque
903 933 1020 980 parte
1049 936 1161 966 suas.

127 995 194 1036 Ex
221 994 312 1049 Ope
338 998 534 1036 Iunonem
559 1002 786 1037 memorant
813 996 1090 1048 Cereremque
1119 998 1284 1034 creatas

186 1063 354 1104 semine
381 1063 561 1104 Saturni.
595 1064 716 1104 tertia
742 1063 880 1103 Vesta
906 1061 995 1102 fuit.
1441 1063 1523 1100 280

130 1130 319 1185 Vtraque
346 1137 583 1185 nupserunt,
613 1130 759 1172 ambae
784 1129 998 1184 peperisse
1027 1129 1225 1170 feruntur:

126 1242 217 1278 267.
249 1240 377 1278 eadem
403 1254 498 1291 quae
529 1250 567 1279 et
592 1248 690 1279 terra
715 1244 753 1278 4.
794 1248 849 1279 est
871 1249 908 1279 et
934 1253 1029 1292 quae
1054 1247 1153 1278 terra
1178 1242 1240 1278 48.
1286 1246 1341 1278 est
1367 1244 1463 1292 quae
1486 1246 1523 1278 et

78 1299 177 1328 terra
195 1293 258 1329 28.
298 1301 354 1328 est
378 1303 473 1341 quae
498 1298 597 1328 terra
615 1296 676 1330 33.
715 1293 859 1342 utrique
884 1305 954 1330 om.
973 1292 1004 1339 f.
1107 1294 1195 1328 268.
1220 1292 1418 1340 Signarant
1443 1291 1521 1330 sed.

81 1345 126 1379 E.
173 1342 276 1390 Sign.
305 1342 434 1379 aedem
465 1346 525 1379 11.
567 1349 667 1389 tuam
693 1344 786 1380 coni.
807 1342 904 1380 olim.
1007 1344 1094 1380 269.
1120 1342 1326 1380 fulciminae
1350 1346 1400 1380 D.
1436 1341 1523 1380 sule.

77 1404 172 1429 nexa
203 1396 252 1437 T?
277 1396 327 1430 M
341 1405 423 1430 uar.
439 1405 510 1431 sor.
637 1395 725 1430 270.
759 1396 876 1430 Aerae
903 1395 954 1431 D.
1008 1395 1103 1431 Aere
1136 1405 1312 1443 suspenso
1338 1393 1459 1431 Aldus
1484 1395 1522 1430 in

77 1442 195 1494 praef.
223 1443 279 1480 ed.
307 1445 418 1480 1502.
469 1443 585 1490 honus
617 1447 661 1481 E.
710 1445 822 1493 pend.
857 1444 974 1480 honor·
1002 1457 1128 1481 mma.
1149 1456 1205 1493 pr.
1308 1446 1399 1482 Post
1428 1443 1524 1481 hrum

77 1506 114 1530 u.
130 1496 206 1530 270
229 1496 269 1530 in
296 1493 474 1532 codicibus
498 1496 576 1530 411
591 1498 639 1530 12
656 1496 723 1541 (20
738 1499 779 1531 ut
796 1496 976 1544 suspicor)
997 1498 1046 1531 28
1056 1496 1104 1531 29
1116 1498 1163 1531 33
1189 1499 1223 1531 et
1249 1495 1324 1533 alio
1349 1495 1525 1542 fortassis

80 1546 155 1580 tria
179 1543 336 1581 disticha
360 1550 569 1593 sequuntur,
596 1557 689 1594 quae
710 1559 735 1582 a
755 1548 889 1582 Roscio
912 1547 1107 1591 Veronensi
1132 1550 1279 1596 accepta
1302 1548 1442 1596 primus
1464 1551 1525 1592 ty-

78 1596 136 1642 pis
161 1597 338 1643 expressit
362 1594 482 1631 Aldus
509 1597 625 1632 1502:
648 1597 732 1645 Ipsa
759 1597 961 1633 uolubilitas
986 1597 1155 1633 libratum
1181 1597 1398 1642 (subiectum
1418 1596 1524 1642 ΑΜ.)

80 1645 232 1681 sustinet
257 1646 405 1690 orbem,
440 1646 586 1695 Quique
611 1654 754 1696 premat
782 1655 904 1696 partes
931 1649 1084 1696 angulus
1110 1648 1224 1685 omnis
1252 1649 1366 1684 abest.
1405 1648 1522 1684 Cum-

80 1707 153 1744 que
179 1695 224 1731 sit
250 1696 285 1731 in
311 1695 429 1732 media
458 1709 579 1732 rerum
605 1698 753 1745 regione
778 1699 895 1733 locata
915 1699 1089 1742 (locatum
1108 1701 1187 1745 12),
1215 1699 1263 1735 Et
1289 1705 1415 1747 tangat
1440 1699 1523 1735 nul-

80 1746 154 1781 lum
180 1746 309 1794 plusne
341 1747 506 1783 minusue
534 1747 649 1794 latus,
683 1747 731 1783 Ni
765 1760 927 1783 conuexa
953 1749 1108 1793 (conexa
1134 1751 1183 1784 28
1198 1751 1247 1785 29
1263 1753 1331 1796 33,
1360 1761 1523 1786 connexa

79 1800 153 1832 tres
176 1794 261 1842 aliz)
286 1796 404 1844 foret,
440 1798 534 1846 parti
561 1798 709 1833 uicinior
734 1805 848 1843 esset,
885 1797 964 1834 Nec
990 1800 1147 1835 medium
1173 1806 1293 1836 terrae
1319 1800 1470 1845 (terram
1497 1802 1522 1835 4

82 1849 128 1882 12
141 1849 186 1882 33
214 1845 284 1884 duo
311 1847 390 1894 alii,
419 1854 532 1884 terras
561 1850 626 1894 11)
654 1848 806 1885 mundus
841 1849 989 1885 haberet
1016 1862 1118 1886 onus·
1165 1853 1266 1887 Haec
1289 1853 1328 1888 ‘in
1354 1854 1403 1887 48
1432 1852 1521 1897 (nisi

80 1896 176 1943 sorte
199 1898 276 1946 ipse
300 1897 361 1934 ille
389 1902 433 1934 ll
461 1901 531 1945 est)
562 1900 768 1935 inseruntur
793 1899 934 1936 deinum
958 1905 1039 1949 post
1064 1912 1099 1936 u.
1122 1903 1208 1938 274.
1322 1903 1408 1938 271.
1444 1905 1522 1948 Ita,

83 1950 189 1994 Arce,
216 1945 371 1984 ΕΦῖὶΔ
379 1946 491 1994 2:21⁰?
503 1951 649 1986 r2829.
690 1953 779 1986 Arte
805 1952 949 1987 caeteri.
992 1952 1171 1988 seracusia
1197 1954 1244 1988 E.
1290 1952 1460 1988 siracusia
1485 1954 1522 1988 1)

86 1995 310 2044 GOEEbfr.
349 2012 520 2048 syracusa
546 2003 606 2036 11.
646 2001 827 2048 syracusia
852 2000 980 2049 reliqui
1004 2014 1137 2039 omnes.
1177 2014 1285 2039 aerae
1308 2005 1358 2039 D.
1400 2003 1522 2039 clausa

83 2047 103 2083 b
122 2060 196 2085 ma.
211 2061 268 2097 pr.
378 2052 466 2086 272.
503 2051 653 2095 inmensi
684 2053 820 2088 DEG.
866 2053 964 2087 irum.
990 2052 1088 2089 sacta
1113 2053 1175 2101 fig.
1211 2050 1261 2090 Ψ.
1308 2054 1370 2102 fig.
1398 2054 1464 2090 soli
1488 2056 1524 2090 E

84 2100 184 2134 MN
205 2104 299 2146 octo;
325 2095 552 2138 PHAuii’sa
567 2113 636 2138 scr.
688 2102 749 2150 fig.
779 2103 863 2152 pole
895 2101 1005 2139 bona.
1024 2116 1080 2153 pr.
1127 2104 1189 2152 fig.
1216 2104 1306 2140 tholi
1339 2104 1421 2141 duo.

133 2151 220 2185 273.
249 2159 422 2200 quantum
449 2153 494 2188 ab
520 2153 665 2188 summis
692 2155 735 2189 F.
776 2161 952 2202 quantum
976 2155 1122 2191 summis
1147 2156 1198 2191 N.
1248 2162 1338 2191 tant.
1368 2155 1524 2191 distabat

83 2199 130 2235 ab
156 2197 193 2234 E
207 2198 257 2237 Ψ.
298 2208 388 2238 tant.
414 2201 574 2239 discessit
601 2205 645 2239 ab
671 2202 720 2240 A
741 2206 911 2252 quanqum
938 2207 973 2241 Ε
983 2216 1066 2241 aar.
1083 2217 1153 2243 scr.
1195 2211 1285 2242 tant.
1315 2205 1467 2242 discedit
1490 2207 1525 2242 Ε

83 2262 165 2286 aar.
183 2263 253 2288 scr.
310 2258 400 2288 tant.
426 2254 595 2290 successit
626 2254 671 2290 ab
697 2267 733 2290 m
749 2267 818 2290 ina.
838 2267 894 2303 pr.
912 2267 944 2291 s.
1000 2263 1090 2292 taut.
1118 2256 1288 2305 discepsit
1314 2268 1419 2292 unus.

131 2302 218 2337 274.
247 2302 364 2338 Terra
391 2315 536 2352 quoque
562 2310 602 2340 ut
628 2307 670 2340 F.
709 2306 828 2341 Terra
854 2305 900 2341 ad
929 2306 996 2341 hoc
1022 2313 1062 2343 ut
1086 2309 1145 2342 M.
1185 2307 1249 2342 fiat
1275 2314 1372 2343 terra
1397 2313 1466 2343 rot.
1489 2309 1525 2343 E

89 2346 409 2402 fflAHsma.pr.
519 2355 606 2390 275.
639 2355 722 2392 Stat
747 2355 817 2393 sac.
849 2359 894 2392 B.
944 2356 1034 2393 Pars
1060 2357 1131 2393 sac.
1160 2369 1190 2393 e.
1241 2358 1329 2394 null.
1355 2357 1523 2407 procubit

85 2400 121 2435 in
148 2404 181 2437 E
191 2414 266 2440 vua.
284 2415 340 2452 pr.
389 2404 476 2440 null.
505 2406 711 2453 procumbit
736 2408 772 2442 in
803 2408 880 2444 Gm
896 2420 968 2444 ma.
990 2419 1045 2456 pr.
1097 2407 1216 2443 nullus
1243 2408 1397 2444 excurrit
1422 2408 1460 2444 in
1492 2412 1520 2444 t.

88 2451 205 2488 nullus
231 2456 432 2502 praecurrit
459 2455 520 2491 44.
557 2456 748 2505 nullusque
774 2459 975 2494 occurritur
999 2458 1060 2493 illo
1086 2457 1163 2494 edd.
1182 2457 1276 2494 Rub.
1297 2461 1372 2495 Vic.
1397 2461 1484 2495 Ven.

136 2503 222 2540 276.
248 2506 339 2554 Aug.
367 2511 404 2542 et
430 2506 531 2554 pluu.
549 2504 610 2542 A.
649 2507 775 2555 pluuia
799 2507 832 2544 b.
872 2520 894 2544 a
919 2508 1057 2544 tumulo
1082 2508 1189 2545 uend.
1211 2521 1316 2556 yma.
1327 2520 1383 2558 pr.
1417 2508 1522 2557 hym-

87 2551 152 2587 bre
173 2564 203 2588 e.
242 2553 360 2592 tholus
384 2554 473 2602 fort.
500 2558 539 2592 in
562 2568 636 2593 ras.
655 2559 704 2593 D,
807 2559 894 2594 277.
921 2559 966 2595 sit
993 2557 1327 2605 uirgi1neis.G((D?)
1337 2571 1453 2596 mma.
1490 2570 1521 2596 r.

86 2604 280 2640 3122022
306 2607 468 2655 quinque.
511 2606 581 2642 dea
606 2607 702 2644 laeta
726 2608 811 2645 min.
840 2612 899 2645 12.
1001 2611 1088 2644 278.
1114 2609 1279 2647 Inuenies
1305 2622 1402 2649 caus.
1430 2623 1478 2646 «a

134 2654 222 2690 279.
248 2666 320 2704 que
342 2663 500 2694 creatam
526 2654 623 2696 ΕΠ.
726 2661 815 2696 280.
848 2659 959 2696 tercia
985 2661 1123 2698 DEG.
1165 2667 1268 2698 ueste
1292 2659 1323 2707 f.
