1685 2954
106 84 166 115 XC
707 86 938 118 rABvLAlus

106 183 203 222 louis
235 182 347 233 Lycei
379 184 563 221 mentione
596 184 643 220 ab
683 183 819 224 Ouidio
853 189 985 231 omissa
1017 189 1064 226 ab
1095 188 1223 226 eodem
1256 188 1416 227 Hesiodo
1448 192 1547 229 solus

105 245 298 283 scholiasta
330 256 481 292 graecus
505 245 606 281 Arati
631 258 670 294 p.
693 248 758 295 54,
784 251 834 285 27
861 250 976 289 Bekk.
1002 252 1146 300 repetit.
1182 251 1323 287 Bootae
1352 253 1546 301 appellatio

106 311 145 356 3,
172 307 246 344 405
280 312 334 342 est
369 305 415 341 ab
453 306 562 343 Arato
587 306 726 345 Phaen.
752 321 788 346 u.
807 311 869 347 92.
902 332 951 339 —
988 312 1303 348 Narratiunculam
1337 311 1384 348 de
1410 313 1548 362 Coruo,

103 369 252 417 Angue,
288 367 442 404 Cratere
468 371 507 413 2,
526 369 597 404 241
632 369 792 408 inuenies
816 372 915 421 apud
944 374 1124 422 Hyginum
1152 374 1216 420 40,
1243 386 1280 423 p.
1297 375 1396 421 492,
1433 374 1546 412 schol.

102 431 165 466 Ar.
186 440 306 477 graec.
327 440 366 477 p.
380 430 444 475 90,
463 429 487 464 4
505 429 633 474 ΒεΙ(Ι(.,
659 440 853 470 comment.
877 435 1051 471 German.
1080 448 1117 484 p.
1132 436 1182 470 88
1203 434 1247 470 Β.
1297 433 1428 471 Differt
1453 436 1546 472 mul-

102 497 180 527 tum
207 489 320 526 codex
346 489 555 526 Parisiensis
590 491 624 528 in
651 493 749 528 hunc
775 494 942 531 modum:
986 498 1066 532 Hoc
1090 497 1232 543 siynum
1265 508 1448 534 commune
1479 501 1548 545 est,

100 550 195 601 quod
220 555 273 588 est
297 550 438 598 factumi
464 551 761 590 arcishouorutus
787 553 872 603 [leg.
898 554 1022 602 lictum
1048 551 1210 603 ἄκυρον.
1231 557 1370 606 oratus]
1397 562 1450 594 est
1474 569 1548 594 au·-

99 617 172 650 tem
198 625 330 651 coruus
354 612 399 650 ab
424 612 592 662 Apolllne
616 613 794 660 sacrificio
823 615 862 663 [1.
889 617 992 666 —umJ
1026 617 1126 663 facto
1155 617 1192 666 [Ι.
1219 618 1379 668 facturo]
1415 619 1457 656 de
1489 619 1548 655 his

98 675 349 725 respondenda
385 673 423 723 [Ι.
460 674 534 711 deis
570 675 788 712 reddendum
821 678 967 726 aquam]
1004 678 1149 724 adferre
1183 679 1226 716 ‹le
1262 680 1346 717 lacu
1379 679 1548 728 quodam,

99 736 194 786 quod
225 736 300 783 suit
333 741 474 773 castum
507 741 701 784 antequam
737 739 862 773 uinum
888 738 1141 776 ostenderetur}
1198 742 1268 786 Qui
1294 753 1372 778 eum
1397 741 1548 777 uidisset

98 803 134 836 et
161 797 262 848 [de1.]
293 798 343 836 acl
367 797 505 844 fontem
528 796 620 844 ficus
643 810 790 845 grossos
816 798 964 835 arbores
988 799 1155 836 habentes
1173 802 1304 838 uolnus
1331 801 1486 838 consedit
1508 803 1548 837 ἰπ

97 861 151 898 eis
183 860 292 897 donec
327 864 493 896 mutuate
524 858 661 905 fierent.
723 862 813 897 Post
845 871 982 908 paucos
1009 859 1084 897 dies
1114 867 1279 910 peractos
1310 874 1418 910 ayros
1443 867 1478 898 et
1506 861 1546 909 [Ι.

96 927 242 971 peracto
267 921 387 970 suero]
416 921 475 957 ille
499 919 590 967 ficus
616 921 777 958 comedit.
818 934 897 958 oum
922 923 1092 958 sensisset
1117 935 1156 959 se
1180 935 1346 972 peccasse
1370 926 1476 972 eripit
1499 935 1547 960 ea·

97 995 138 1021 eo
170 983 308 1029 fontem
342 995 479 1031 aquam
515 984 557 1029 [Ι.
583 987 646 1019 -te
670 984 853 1031 anguem}
891 983 1015 1019 attulit
1042 996 1122 1020 cum
1147 987 1226 1034 ipso
1255 990 1391 1023 cratere
1425 985 1547 1023 dicens

96 1044 273 1082 excidisse
298 1044 393 1093 quod
417 1044 529 1090 fuerit
553 1047 592 1081 in
621 1044 758 1091 fontem
785 1056 884 1093 aqua
913 1045 952 1090 [Ι.
981 1047 1138 1093 anyuisJ.
1181 1059 1219 1084 re
1243 1050 1388 1096 cognita
1411 1046 1545 1096 Apollo

95 1118 203 1143 corno
228 1107 321 1143 inter
346 1106 505 1143 homines
533 1107 571 1152 [l.
593 1108 631 1142 in
650 1111 744 1143 certo
764 1107 893 1150 mense]
923 1105 971 1143 ad
987 1119 1143 1155 paucum
1164 1112 1301 1156 tempus
1326 1108 1421 1145 (ledit
1445 1110 1544 1146 sitim

93 1173 136 1221 ut
159 1167 374 1205 Aristoteles
398 1167 485 1204 (licit
518 1170 557 1204 «ῑη
589 1180 629 1204 eo
664 1166 754 1204 libro
786 1169 846 1216 qul
880 1167 922 1204 de
947 1167 1067 1205 bestiis
1091 1167 1270 1205 scribitur.
1324 1170 1458 1205 Auctor
1483 1169 1544 1205 sa—

94 1229 205 1266 bulae
231 1230 408 1265 uetustior
433 1235 555 1278 potest
580 1229 694 1266 latere
730 1230 765 1264 in
801 1229 917 1278 primo
943 1229 1100 1276 mendo,
1135 1228 1232 1277 quod
1259 1231 1450 1267 attrectaui
1480 1241 1542 1266 se-

93 1290 252 1328 cundum
279 1290 406 1326 ldeleri
443 1291 617 1327 monitum
643 1290 690 1327 de
716 1297 851 1326 astron.
881 1288 953 1326 Ou.
980 1303 1017 1339 p.
1036 1292 1120 1326 169.
1147 1310 1195 1318 —
1232 1290 1339 1334 Quae
1365 1290 1412 1327 de
1437 1297 1542 1327 utro-

93 1364 166 1402 que
188 1351 293 1388 Pisce
318 1355 357 1398 2,
380 1352 455 1388 459
481 1358 731 1400 exponuntur,
768 1357 853 1386 sunt
879 1363 901 1386 a
925 1351 1116 1399 Diogene,
1154 1351 1212 1387 uel
1237 1351 1417 1401 Diogneto
1443 1353 1542 1401 Ery-

93 1413 242 1461 thraeo,
270 1414 393 1462 ignoto
420 1412 505 1449 mihi
530 1414 706 1462 scriptore
734 1412 826 1458 (uid.
856 1412 960 1448 Voss.
989 1412 1036 1448 de
1061 1413 1144 1448 hist.
1175 1424 1294 1460 graec.
1322 1426 1361 1463 p.
1381 1414 1455 1450 357
1481 1413 1541 1455 ed.

91 1478 198 1523 sem),
225 1482 318 1511 teste
336 1476 478 1524 Hygino
504 1487 540 1524 p.
561 1487 596 1511 a.
617 1478 658 1521 2,
676 1477 725 1510 30
751 1487 787 1523 p.
803 1475 893 1510 482.
936 1473 1015 1512 Csr.
1039 1473 1151 1511 schol.
1170 1476 1231 1511 Ar.
1255 1487 1292 1524 p.
1307 1477 1369 1520 72,
1385 1479 1408 1512 3
1424 1476 1539 1513 Bekk.

93 1538 236 1574 Comm.
266 1538 391 1573 Germ.
424 1550 461 1586 p.
481 1538 531 1572 84
553 1536 596 1572 Β.
626 1548 697 1572 non
727 1535 796 1571 huc
821 1535 929 1584 facit,
964 1537 1015 1572 uti
1042 1548 1110 1572 nec
1137 1536 1217 1573 cod.
1242 1535 1342 1583 Par„
1375 1538 1540 1586 quamuis

92 1599 201 1648 longe
227 1599 415 1635 discedens
443 1598 488 1634 ab
515 1598 633 1634 editis.
671 1620 720 1628 —
764 1598 876 1633 Libro
911 1598 1018 1633 tertio
1053 1597 1100 1634 de
1127 1599 1278 1647 Ampelo
1313 1597 1474 1634 fabulam
1501 1611 1538 1637 u.

91 1663 166 1697 407
187 1674 241 1710 sq.
269 1660 423 1696 sortasse
449 1666 672 1695 commentus
700 1667 753 1695 est
781 1660 856 1708 ipse
882 1665 1008 1708 poeta,
1038 1671 1214 1707 nusquam
1241 1665 1339 1696 certe
1365 1659 1538 1708 traditur3

89 1723 137 1760 de
162 1721 303 1771 Pegaso
338 1734 372 1758 u.
392 1722 467 1756 449
493 1732 547 1769 sq.
585 1719 672 1755 nihil
706 1732 798 1770 opus
831 1729 886 1757 est
922 1731 1110 1769 quaerere.
1165 1720 1307 1756 Fabula
1332 1720 1378 1757 de
1404 1733 1540 1759 corona

89 1784 270 1822 Ariadnae
288 1786 327 1830 3,
342 1783 417 1818 459
434 1794 490 1831 sq.
517 1781 578 1817 illa
603 1787 672 1827 est,
699 1793 794 1829 quae
820 1782 957 1818 incerto
985 1787 1135 1817 auctore
1161 1782 1206 1817 ab
1226 1782 1368 1830 Hygino
1389 1795 1428 1832 p.
1444 1794 1477 1820 a.
1498 1785 1538 1830 2,

88 1849 128 1896 5,
154 1859 193 1896 p.
208 1847 280 1881 432
307 1844 424 1894 primo
452 1843 531 1878 loco
559 1848 595 1878 et
620 1842 779 1879 seeundo
806 1854 828 1879 a
854 1840 968 1879 schol.
989 1843 1051 1878 Ar.
1072 1855 1109 1892 p.
1124 1843 1188 1890 58,
1205 1844 1253 1879 39
1268 1844 1311 1880 Β.
1332 1843 1536 1893 profertur:

88 1907 269 1946 indicatur
295 1906 403 1942 etiarn
430 1905 467 1941 in
493 1916 625 1941 comm.
653 1904 778 1939 Germ.
807 1916 844 1953 p.
859 1903 967 1941 4213.
996 1911 1033 1940 et
1059 1904 1156 1953 apud
1183 1904 1289 1941 Seru.
1317 1905 1363 1942 ad
1388 1905 1481 1943 Aen.
1499 1907 1538 1954 9,

88 1969 178 2007 125.
227 1967 281 2004 Ad
315 1965 550 2017 explicandos
589 1977 676 2000 uero
713 1964 835 2001 Ouidii
871 1977 996 2001 uersus
1019 1966 1212 2002 510-13
1247 1972 1413 2015 spectant
1448 1966 1539 2004 haec

85 2031 202 2068 uerba
225 2030 321 2066 Dan.
348 2029 454 2065 Parei
476 2028 512 2064 in
535 2026 676 2063 schedis
701 2027 796 2063 eius:
823 2025 1012 2073 ,Solebant
1038 2029 1208 2064 uiuorum
1234 2023 1282 2063 οὐ
1305 2022 1432 2076 μόνον
1459 2024 1532 2064 τὸν

87 2087 281 2143 ςὲφανον,
309 2085 414 2127 ἀλλὰ
440 2086 505 2126 καὶ
534 2084 660 2137 αὐτὴν
687 2083 760 2136 τὴν
779 2082 995 2136 Ἀριάδνην
1022 2087 1290 2137 καταςερίζειν
1322 2089 1430 2137 (haec
1458 2089 1535 2125 sru-

85 2161 161 2192 stra
187 2153 285 2203 apud
314 2150 562 2202 Hipparchum
597 2157 634 2186 et
660 2150 695 2186 T
700 2150 853 2186 heonem
892 2150 1085 2198 quaesiui).
1142 2150 1307 2187 Catullus
1338 2151 1418 2196 (66,
1444 2151 1533 2197 60):

85 2215 283 2252 Ariadneis
311 2225 426 2250 aicrea
451 2210 668 2261 temporibus
696 2213 791 2248 Fixa
826 2223 959 2248 corona
991 2210 1098 2257 foret.
1150 2212 1363 2260 Propertius
1388 2210 1445 2259 (4,
1473 2212 1532 2255 16,

83 2278 110 2314 7
136 2277 248 2322 lac.):
304 2277 355 2312 Te
382 2285 518 2322 quoque
543 2275 636 2309 enlm
662 2285 733 2310 non
760 2284 834 2309 esse
858 2272 984 2309 rudem
1008 2277 1166 2309 testatur
1190 2275 1230 2309 in
1256 2275 1370 2310 astris

370 2334 553 2382 Lynozbus
575 2336 614 2372 in
639 2334 777 2372 eaelum
802 2338 906 2370 uecta
930 2333 1099 2372 Ariadna
1120 2336 1219 2372 tuis?

83 2398 256 2438 Nondum
283 2398 446 2448 poenitet
472 2409 618 2440 eorum,
646 2408 741 2446 quae
768 2396 850 2432 olim
877 2395 923 2432 ad
950 2397 1039 2435 trist.
1067 2400 1106 2443 2,
1130 2397 1203 2432 413
1231 2400 1410 2432 annotata
1435 2400 1530 2432 sunt.

84 2483 134 2490 —
168 2461 271 2498 Milui
296 2459 420 2495 sabula
445 2462 480 2503 3,
507 2458 582 2495 795
609 2471 664 2508 sq.
701 2459 830 2494 iterum
865 2458 984 2494 nescio
1021 2457 1117 2494 unde
1153 2459 1210 2495 sit.
1264 2457 1321 2494 De
1347 2457 1467 2494 Ariete
1491 2459 1531 2504 3,

85 2523 161 2561 853
181 2535 238 2572 sq.
264 2521 455 2571 exponitur
482 2520 681 2558 secundum
708 2519 904 2556 Hesiodum
930 2526 1022 2556 teste
1048 2526 1239 2556 comment.
1267 2518 1393 2556 Germ.
1420 2530 1530 2554 manu

85 2585 220 2635 scripto
252 2589 290 2620 et
323 2582 421 2619 edito
447 2595 486 2632 p.
509 2585 559 2618 60
584 2582 646 2629 Β.,
681 2581 981 2629 Eratosthenem,
1017 2587 1108 2619 teste
1141 2580 1253 2617 schol.
1281 2580 1380 2617 Arati
1406 2592 1444 2629 p.
1463 2581 1529 2628 70,

86 2646 198 2687 18113.
223 2652 261 2684 et
282 2657 411 2683 comm.
429 2646 555 2682 Germ.
576 2644 706 2689 Paris„
731 2643 978 2692 Pherecydem
1005 2649 1095 2681 teste
1120 2654 1250 2679 comm.
1269 2642 1395 2680 Germ.
1416 2640 1527 2679 edito.
