1685 2954
574 152 947 180 LlB.'r13R‘1·1vs
1215 192 1217 195 .
1415 135 1493 178 103

159 252 329 305 Dicitur,
362 258 405 293 et
432 249 540 292 uires
570 250 732 293 flamma
759 251 918 292 refecta
944 252 1064 304 capit.

106 324 200 363 Nec
228 320 323 361 mihi
351 331 477 372 parua
504 318 610 359 fides
639 332 769 360 annos
796 318 892 359 hinc
919 318 1004 359 isse
1033 319 1202 371 priores,
1414 320 1490 357 145

160 389 280 427 Anna
307 385 415 440 quod
446 386 526 427 hoc
554 394 705 440 coepta
734 392 800 428 est
828 398 974 426 mense
1001 386 1187 426 Perenna
1214 385 1305 426 coli.

105 453 213 495 Hinc
241 453 362 494 etiam
390 459 558 494 ueteres
586 453 675 494 initi
701 458 972 494 memorantur
1000 453 1177 492 honores

159 521 226 560 Ad
254 522 429 572 spatium
458 521 564 573 belli,
595 520 748 573 perfide
776 521 930 571 Poene,
960 518 1031 560 tui.

103 589 287 640 Denique
316 588 481 641 quintus
510 589 560 628 ab
591 589 670 629 hoc
699 589 831 628 fuerat
860 587 1063 638 Quintilis.
1106 593 1149 628 et
1177 585 1271 628 inde

157 656 317 708 Incipit,
347 668 372 695 a
400 668 566 696 numero
594 656 757 695 nomina
784 656 970 709 quisquis
998 654 1135 695 habet.
1417 658 1493 695 150

102 721 262 763 Primus
299 721 490 763 oliuiferis
519 724 692 764 Romam
728 722 931 764 deductus
967 722 1018 763 ab
1057 722 1165 763 aruis

158 791 382 843 Pompilius
408 803 576 830 menses
604 791 736 831 sensit
763 791 914 831 abesse
943 790 1059 842 duos,

105 857 207 898 Siue
232 858 311 898 hoc
340 870 365 897 a
394 857 533 898 Samio
560 857 720 911 doctus,
747 858 816 911 qui
843 870 969 910 posse
998 856 1162 897 renasci

161 925 252 965 Nos
281 930 411 977 putat,
439 926 592 979 Egeria
620 925 710 966 siue
738 931 928 964 monente
956 936 1044 964 sua.

106 991 193 1032 Sed
222 998 359 1031 tamen
391 993 580 1032 errabant
609 993 833 1032 etiamtunc
860 998 1056 1045 tempora⁷
1086 990 1219 1032 donec
1421 996 1494 1032 155

160 1058 357 1099 Caesaris
385 1060 425 1099 in
454 1061 592 1101 multis
617 1060 722 1099 haec
752 1072 914 1112 quoque
945 1072 1042 1099 cura
1071 1059 1158 1098 fuit.

104 1126 201 1166 Non
229 1126 335 1166 haec
361 1127 428 1166 ille
457 1127 560 1166 deus
585 1132 807 1179 tantaeque
836 1125 1074 1180 propaginis
1104 1132 1247 1168 auctor

160 1192 346 1233 Credidit
373 1191 520 1233 officiis
549 1206 646 1234 esse
676 1192 830 1234 minora
857 1195 968 1234 suis:

105 1260 438 1314 Promissumque
465 1259 543 1302 sibi
568 1262 697 1301 uoluit
724 1273 998 1314 praenoscere
1026 1262 1199 1314 caelum⁷

156 1329 252 1369 Nec
280 1328 384 1368 deus
411 1329 577 1382 ignotas
602 1329 757 1382 hospes
785 1329 884 1368 inire
912 1327 1067 1369 domos.
1416 1334 1496 1369 160

106 1395 179 1437 lue
207 1408 343 1438 moras
368 1395 482 1450 solis,
513 1396 660 1451 quibus
687 1394 728 1437 in
757 1408 834 1437 sua
863 1395 984 1451 signa
1010 1395 1175 1450 rediret,

103 1553 190 1591 144.
225 1552 294 1589 uir.
328 1551 427 1588 fama
462 1551 530 1588 res.
555 1552 592 1590 h.
639 1552 785 1589 flamma
820 1557 958 1589 resecta
985 1555 1020 1589 E
1031 1564 1104 1590 ma.
1119 1563 1175 1602 pr.
1197 1549 1290 1589 <DA
1316 1551 1399 1591 duo.

105 1603 192 1639 145.
220 1601 301 1639 Nec
324 1602 429 1651 michi
457 1605 508 1640 D.
547 1603 628 1640 Nec
654 1605 716 1640 tibi
747 1603 807 1641 Tb
837 1608 920 1640 tres.
966 1602 1047 1640 Nee
1072 1609 1135 1639 tua
1160 1601 1221 1640 A.
1267 1616 1383 1653 prona
1408 1601 1500 1641 fides

55 1652 165 1701 gloss.
178 1649 242 1690 A.
287 1651 377 1689 fides
407 1651 491 1689 hinc
517 1665 630 1690 annos
656 1654 711 1691 105
739 1654 809 1692 duo
835 1658 869 1690 et
893 1657 980 1689 vett.
1007 1653 1061 1690 ed.
1110 1665 1224 1690 annos
1251 1653 1341 1690 haec
1371 1655 1401 1692 G
1414 1666 1497 1691 uar.

54 1715 125 1740 scr.
169 1714 282 1738 annos
304 1714 400 1738 nunc
419 1715 497 1739 esse
522 1703 553 1749 f.
594 1707 671 1751 Ita,
698 1705 780 1750 isse,
808 1705 1080 1751 FGymw-sec.
1098 1709 1132 1740 et
1147 1706 1269 1753 pauci.
1311 1704 1395 1740 hinc
1420 1716 1500 1741 esse

55 1751 167 1799 Assf.
182 1755 214 1788 B
228 1750 1363 1804 01)E‹DFAMNOPJHJA§Thyniam-‚humma
1389 1754 1501 1803 pleri-
1539 1758 1543 1760 “

57 1815 124 1852 que
148 1802 276 1850 reliqui
302 1806 335 1838 et
360 1807 446 1838 vett.
466 1802 520 1839 ed.
626 1805 710 1839 146.
738 1811 844 1852 cepta
871 1801 1003 1840 ΒΕΓ.
1042 1816 1166 1840 mense
1191 1811 1343 1852 repente
1367 1805 1436 1840 coli
1461 1804 1498 1840 A

54 1853 121 1899 Ilf.
133 1865 246 1902 supra
259 1852 487 1889 emendatam
498 1854 717 1903 scripturam
733 1866 826 1890 aser.
838 1866 911 1890 τηα.
924 1865 991 1889 sec.
1007 1856 1039 1889 B
1051 1854 1080 1890 G
1087 1856 1122 1889 D
1134 1856 1167 1890 E
1178 1856 1211 1891 G
1226 1852 1357 1891 ‹DFA
1366 1852 1412 1890 Ν
1422 1851 1503 1891 ΟΡ

54 1901 150 1941 ΠΛ
162 1915 234 1940 ma.
245 1900 349 1952 pru}
361 1901 426 1938 Tb
434 1902 458 1948 f
459 1915 481 1950 9
492 1907 812 1953 ma.pr.pr8340
821 1906 866 1940 41
889 1905 1039 1951 triginta
1055 1915 1161 1941 unus.
1202 1916 1326 1941 mense
1351 1910 1500 1955 reperta

57 1955 126 1991 coli
152 1956 211 1990 M.
252 1965 374 1989 mense
402 1961 548 1990 recente
574 1955 642 1990 coli
668 1951 796 1993 Anna.
813 1966 881 1991 sec.
987 1955 1072 1990 147.
1109 1960 1182 1990 uet.
1208 1955 1286 1991 miti
1310 1967 1419 1991 mem.
1447 1967 1497 1993 m.

58 2011 134 2042 net.
160 2004 276 2040 meriti
301 2015 407 2040 mein.
434 2015 454 2039 s
471 2016 546 2040 ma.
562 2016 619 2053 pr.
723 2007 807 2041 148.
835 2005 995 2054 spacium
1024 2003 1139 2050 11f.E
1149 2006 1195 2041 G.
1237 2017 1331 2054 pene
1353 2008 1446 2042 DE.

108 2056 195 2091 149.
223 2054 336 2103 quint.
362 2053 410 2089 ad
437 2054 505 2090 hoc
525 2057 711 2103 Ema.pr.
734 2055 842 2091 alins.
883 2056 997 2103 quint.
1026 2054 1071 2089 ad
1099 2055 1188 2090 haec
1214 2067 1319 2092 umis.
1365 2055 1498 2104 quinti-

56 2105 124 2141 lius
145 2102 198 2141 Φ.
301 2105 385 2139 150.
414 2104 520 2147 Quae
539 2106 700 2153 sequitur
720 2117 868 2141 numero
896 2106 1001 2141 turba
1027 2111 1152 2141 notata
1175 2105 1244 2141 fuit
1263 2108 1380 2142 1220.
1420 2106 1497 2142 luc.

56 2156 93 2191 in
113 2167 262 2191 numero
280 2154 433 2191 AEsub
446 2167 520 2191 ras.
536 2153 767 2192 FGFMA
784 2167 927 2199 nouem;
951 2167 973 2202 9
986 2167 1147 2192 nar-scr.
1188 2168 1210 2191 a
1230 2168 1381 2192 numero
1403 2168 1502 2205 quae

56 2211 183 2242 notata
204 2205 279 2241 dies
297 2201 343 2241 Σ.
449 2206 533 2241 151.
561 2218 699 2242 romam
722 2207 898 2242 deuectus
923 2208 968 2241 ab
985 2217 1008 2253 9
1026 2217 1107 2244 nar.
1125 2218 1195 2242 scr.
1301 2207 1388 2243 152.
1415 2217 1499 2243 sen-

56 2256 100 2293 tit
127 2253 175 2292 Σ.
286 2256 370 2291 153.
409 2255 496 2291 Siue
522 2256 569 2291 ho
596 2269 617 2292 a
643 2259 688 2293 E.
734 2256 821 2292 Siue
847 2256 939 2291 haec
963 2267 984 2291 a
1012 2255 1094 2292 duo.
1139 2256 1227 2292 Siue
1252 2262 1331 2292 erat
1357 2268 1379 2292 a
1406 2269 1497 2294 sam.

56 2306 81 2342 h
97 2305 167 2343 duo
185 2310 218 2342 et
236 2309 322 2342 neit.
340 2305 395 2342 ed.
434 2305 529 2342 Siue‘
548 2306 618 2343 hoe
645 2306 853 2355 pithagoras
879 2306 1005 2342 doctus
1032 2306 1132 2349 (nar.
1146 2318 1215 2342 scr.
1235 2305 1341 2352 dicit)
1362 2318 1400 2354 9.
1435 2307 1498 2356 qui

55 2368 166 2406 saepe
192 2356 331 2392 renasci
361 2359 404 2393 Τ.
509 2358 594 2393 154.
623 2358 697 2393 Hos
724 2363 803 2406 put.
835 2357 873 2393 C.
913 2357 1057 2404 egregia
1082 2368 1130 2392 m.
1168 2358 1244 2391 siue
1270 2356 1424 2393 docente
1447 2355 1497 2394 Γ.

56 2407 132 2443 siue
157 2413 328 2443 mouente
354 2404 453 2443 AT.
556 2408 645 2443 155.
672 2407 780 2442 etiam
804 2419 901 2442 nunc
925 2403 1470 2453 AGOEFAIJJPHiFEbf

56 2468 105 2493 rs
127 2458 274 2505 uiyinti3
298 2468 419 2504 yuar.
438 2469 507 2492 scr.
561 2458 668 2493 etiam
703 2470 774 2492 non
812 2455 865 2493 A.
979 2458 1063 2492 156.
1099 2457 1204 2493 Caes.
1241 2463 1278 2493 et
1309 2456 1410 2494 mult.
1437 2419 1502 2496 ΔΙ.)

60 2506 167 2543 Caes.
187 2514 227 2542 ut
244 2508 346 2543 mult.
367 2505 465 2544 AN
481 2505 632 2544 '‘Prma.
646 2519 712 2543 sec.
740 2519 883 2552 ηοιωιης
908 2519 931 2555 p
947 2518 1027 2543 aar.
1042 2518 1113 2542 scr.
1216 2507 1301 2543 157.
1328 2507 1412 2543 Non
1439 2507 1498 2543 hic

59 2555 118 2593 ille
143 2554 190 2592 Σ.
228 2557 287 2594 ille
313 2557 382 2593 deo
408 2570 443 2593 m
462 2570 599 2606 mcum.
640 2564 740 2593 actor
758 2554 862 2593 NA.
968 2558 1055 2592 160.
1080 2556 1168 2592 deus
1192 2557 1333 2604 ignaras
1359 2560 1421 2594 28.
1445 2558 1497 2593 .in

60 2605 112 2641 ire
140 2608 186 2642 G.
300 2609 384 2643 161.
422 2607 487 2643 llle
521 2618 625 2644 notas
661 2608 727 2642 501.
754 2610 883 2644 Pam.
903 2619 972 2644 scr.
1021 2608 1055 2642 in
1090 2618 1157 2643 sua
1193 2620 1305 2656 regna
1333 2608 1399 2654 lif.
1420 2619 1495 2644 ma.

60 2667 120 2705 pr.
136 2658 168 2692 B
183 2657 795 2710 GMma.pr.smmprnns4820
822 2657 1019 2702 ιῖιιοιῖεεῐηις
1044 2669 1066 2706 9
1085 2668 1164 2695 nar.
1180 2671 1251 2696 scr.
1297 2671 1362 2695 sua
1394 2664 1497 2707 terga

58 2717 166 2743 wius.
