1685 2954
535 42 571 73 L.
592 41 638 72 1x
677 41 734 71 DE
764 40 1044 71 01RCENsn3vs
1413 38 1514 71 cmx

68 150 233 183 uetustae
258 143 372 182 feriae
395 141 544 189 suerint,
573 141 728 178 maxime
752 152 800 178 ex
826 152 870 177 eo
897 140 1136 190 cognoscitur,
1163 137 1261 189 quod
1282 137 1400 175 Varro
1423 138 1516 177 adeo

3 213 4 219 ¹
65 208 205 245 nullum
230 219 354 244 earum
380 203 524 252 originis
551 203 742 252 uestigium
778 203 967 252 repperit,
1002 209 1042 240 ut
1068 202 1115 239 de
1141 207 1305 251 tempore
1335 201 1421 238 satis
1456 212 1516 239 re·

0 297 3 313 ἓ
66 270 161 307 centi
187 271 346 318 cogitare
372 265 523 315 licuerit.
578 265 654 301 loui
691 264 828 300 dicatas
860 263 972 299 fuisse
1010 264 1175 314 suspicor
1209 269 1360 313 propter
1395 263 1514 301 locum

0 330 2 335 ’
65 332 191 368 Dionis
218 332 280 377 47,
301 330 346 365 18
372 327 419 363 de
446 325 503 362 die
532 326 640 362 natali
668 325 712 362 C.
735 326 913 362 Caesaris.
965 324 998 361 Is
1027 324 1103 361 dies
1130 326 1165 361 in
1192 325 1294 361 fastis
1320 323 1514 361 Maffeanis

66 394 119 433 lV
150 393 202 430 ld.
235 391 302 428 Iul.
335 388 512 425 indicatur
551 393 724 423 consueta
760 386 933 424 feriarum
969 392 1078 433 nota,
1114 392 1309 422 annotatur
1343 386 1378 422 in
1413 385 1514 423 fastis

66 456 239 491 Amitern.
274 458 309 488 et
343 451 492 497 Antiat.,
529 455 638 499 prout
675 460 803 485 reuera
837 448 907 484 suit
940 454 1032 484 teste
1067 447 1180 486 Macr.
1210 451 1246 494 l,
1275 451 1338 494 12,
1365 459 1402 496 p.
1422 449 1512 486 248.

0 507 1 511 ¹
65 517 141 555 Sed
168 513 360 557 triumuiri,
390 524 435 548 ne
462 512 496 547 in
524 510 628 547 ludos
656 510 883 560 Apollinares
910 510 985 546 eius
1012 509 1081 545 diei
1108 510 1296 546 celebritas
1323 509 1512 558 incideret,

65 574 319 626 ἐψηφίσαντο
344 572 394 623 τῇ
418 569 636 624 προτεραίᾳ
657 568 705 608 τὰ
727 567 882 620 γενέσια
903 565 1170 621 ἀγάλλεσθαι,
1199 568 1295 620 quod
1317 582 1389 606 non
1411 571 1515 609 uide—

63 646 122 675 tur
146 635 417 684 intelligendum
444 634 559 685 pridie
587 634 664 669 eius
691 633 784 681 diei,
822 634 873 669 uti
900 646 922 669 a
948 633 1091 670 Sturzio
1118 632 1278 679 sactum,
1305 631 1368 667 sed
1396 633 1514 681 pridie

61 698 165 737 ludos
192 698 431 748 Apollinares,
460 697 496 733 h.
519 709 554 734 e.
582 694 640 731 die
658 694 961 744 Poplifugiorum.
1014 694 1167 731 Additur
1192 694 1299 742 igitur
1325 691 1512 731 decretum

62 772 164 807 esse,
202 765 242 795 ut
269 759 330 808 qui
357 771 438 795 eum
474 757 568 794 diem
596 756 834 805 neglexisset,
871 756 947 792 Ioui
974 761 1011 792 et
1036 755 1131 792 Diuo
1158 755 1246 791 Iulio
1272 765 1375 790 sacer
1402 762 1511 792 esset.

62 822 212 858 Certum
240 827 360 856 tamen
388 826 443 857 est
470 832 514 856 ex
541 819 665 855 tabula
690 817 876 855 Maffeana
902 816 938 853 id
965 817 1150 854 decretum
1177 823 1293 853 totum
1320 816 1510 853 rescissum

61 889 190 933 postea
217 894 296 919 esse
322 882 368 918 ab
395 887 571 931 Augusto,

604 1030 757 1068 LIBER
782 1029 973 1068 NONVS.

158 1131 305 1178 Fragm.
337 1133 371 1165 1.
424 1128 538 1164 Macr.
567 1132 634 1163 sat.
664 1131 698 1171 l,
720 1130 780 1174 11,
808 1139 844 1176 p.
867 1129 964 1162 233:
1001 1137 1048 1162 ex·
1081 1130 1232 1162 senatus
1265 1127 1388 1175 itaque
1422 1140 1509 1164 con-

57 1192 154 1230 sulto
179 1197 212 1228 et
243 1192 399 1228 Mae-uia
427 1189 500 1238 leye
535 1188 583 1225 ad
614 1187 884 1239 propitiandam
909 1190 1034 1225 Iouem
1065 1187 1212 1224 additus
1243 1192 1295 1224 est
1326 1188 1400 1224 illis
1436 1191 1511 1226 cir-

57 1253 220 1292 censibus
244 1252 320 1289 dies
343 1254 385 1297 is,
413 1253 474 1301 qni
494 1253 772 1288 iustam-atteias
792 1250 910 1287 dictus
930 1254 995 1294 est,
1022 1261 1094 1287 non
1115 1262 1140 1286 a
1161 1248 1334 1299 patibulo,
1361 1255 1402 1287 ut
1427 1253 1511 1300 qui-

56 1315 141 1352 dam
165 1319 310 1365 putant,
343 1316 482 1351 Graeco
508 1315 650 1350 nomine
672 1307 750 1349 ἀπὸ
780 1311 852 1349 τοῦ
879 1311 1045 1360 ςαυροῦ,
1071 1311 1134 1348 sed
1155 1324 1178 1348 a
1196 1311 1509 1361 redintegratione,

55 1382 96 1414 ut
126 1378 283 1414 Varroni
308 1375 438 1425 placet,
467 1377 526 1424 qui
549 1377 760 1412 instaurare
785 1376 838 1411 αὶι
863 1386 939 1411 esse
972 1376 1091 1411 instar
1123 1386 1272 1411 nouare.
1327 1374 1510 1411 Credibile

55 1446 111 1477 est
136 1439 403 1484 narrationem,
437 1450 533 1486 quae
561 1444 645 1473 ante
672 1436 761 1473 haec
787 1449 809 1473 a
835 1436 1021 1473 Macrobio
1048 1436 1227 1483 traditur,
1263 1447 1307 1472 ex
1332 1435 1508 1472 Varronis

55 1500 125 1538 hoc
151 1501 241 1536 libro
268 1500 467 1536 innotuisse
486 1500 700 1548 Augustino,
728 1500 789 1549 qui
816 1498 969 1535 eandem
997 1498 1107 1534 habet
1133 1498 1179 1535 de
1205 1510 1239 1536 c.
1267 1497 1303 1534 d.
1330 1499 1369 1546 4,
1395 1500 1445 1534 26
1471 1503 1508 1534 et

55 1564 93 1608 8,
122 1566 181 1598 13.
232 1562 266 1598 Is
296 1568 333 1598 et
360 1561 485 1598 Liuius
513 1565 551 1608 2,
578 1563 628 1597 36
655 1561 701 1598 de
728 1560 821 1597 ludis
847 1561 1009 1610 magnis,
1044 1560 1123 1596 siue
1149 1560 1324 1596 Romanis
1350 1560 1384 1595 in
1412 1560 1507 1595 circo

55 1623 209 1658 maximo
234 1623 339 1658 istam
367 1624 414 1658 ob
443 1635 585 1659 causam
615 1624 821 1660 instauratis
849 1628 1046 1659 testantur:
1074 1622 1172 1658 solus
1200 1622 1365 1658 Valerius
1390 1621 1507 1658 Maxi-

54 1695 134 1720 mus
164 1687 199 1729 1,
220 1685 258 1731 7,
281 1684 307 1718 4
332 1683 379 1720 de
405 1683 558 1720 Plebeiis
585 1685 620 1720 in
648 1686 743 1721 circo
770 1685 962 1720 Flaminio.
1014 1684 1110 1720 Nam
1137 1684 1328 1732 Dionysius
1357 1684 1438 1720 Hal.
1467 1685 1507 1731 7,

55 1746 104 1781 69
131 1745 237 1781 aliiue
263 1756 334 1780 non
361 1752 529 1782 accurate
557 1758 633 1781 rem
660 1748 894 1796 scripserunt.

155 1809 193 1843 2.
239 1805 338 1842 Fest.
365 1818 404 1855 p.
430 1806 519 1853 351,
545 1809 593 1841 22
621 1806 718 1843 dext.
775 1808 947 1850 Taurios]
983 1805 1088 1843 ludos
1126 1809 1245 1844 Varro
1279 1808 1333 1843 αὶι
1366 1807 1504 1851 uocari,

53 1867 149 1917 quod
172 1889 222 1897 -
249 1868 349 1917 piget
376 1867 513 1917 reliqua
540 1868 810 1915 transscribere,
837 1867 873 1903 in
899 1880 1052 1916 quorum
1080 1869 1350 1917 supplemento,
1378 1880 1425 1905 ne
1450 1869 1506 1904 ni-

53 1929 119 1966 mis
145 1929 215 1965 sint
240 1928 375 1977 inepta,
402 1940 475 1964 non
502 1928 587 1964 mihi
613 1928 808 1966 satisfacio.
853 1929 936 1965 Huc
962 1930 1069 1966 retuli
1095 1936 1248 1980 propter
1272 1930 1378 1967 Varr.
1405 1929 1452 1967 de
1478 1930 1502 1968 l.

52 1990 77 2027 l.
104 1989 143 2038 5,
165 1990 250 2026 154.
735 2030 747 2034 V

151 2050 209 2087 De
243 2049 335 2087 ludis
371 2051 587 2088 circensibus
624 2052 741 2100 primo
776 2051 858 2088 loco
894 2053 1009 2101 egisse
1033 2053 1150 2090 Varro
1185 2053 1329 2090 uidetur
1356 2054 1442 2103 quia
1468 2060 1505 2091 et

50 2112 268 2149 uetustiores
294 2119 414 2149 essent
444 2114 615 2160 scenicis,
651 2119 688 2149 et
713 2113 790 2148 sine
815 2113 884 2149 illis
911 2114 1120 2164 saepissime
1147 2115 1205 2151 edi
1232 2114 1503 2162 consueuerint,

49 2185 235 2223 nunquam
262 2185 350 2211 uero
375 2175 506 2211 scenici
540 2176 618 2212 sine
646 2175 875 2212 circensibus.
930 2176 1039 2220 Quod
1076 2188 1098 2213 a
1125 2177 1275 2214 Graecis
1303 2172 1504 2226 ἱπποδρο-

47 2231 139 2285 μίαι
167 2236 370 2286 nuncupari
396 2237 537 2284 solent,
573 2243 787 2287 argumento
824 2244 902 2286 est,
937 2238 1026 2288 quid
1060 2246 1206 2288 praeter
1241 2240 1356 2288 ipsum
1383 2238 1502 2274 locum

47 2298 271 2347 potissimum
297 2298 481 2347 peculiare
507 2298 711 2335 habuerint.
764 2299 892 2350 Itaque
918 2300 1196 2337 uetustissimam
1228 2301 1266 2337 id
1301 2312 1416 2350 genus
1439 2312 1501 2337 ce-

47 2359 250 2396 lebritatem
278 2359 492 2397 crediderim
524 2351 635 2397 fuisse
660 2360 834 2410 Equiria,
871 2373 965 2412 quae
999 2362 1045 2398 ab
1073 2360 1207 2398 Ouidio
1233 2366 1273 2410 2,
1299 2364 1375 2399 857
1400 2368 1438 2399 et
1461 2365 1500 2410 3,

47 2419 123 2457 519
148 2427 417 2459 memorantur:
455 2433 539 2459 nam
568 2422 788 2469 Consualia,
814 2422 860 2459 de
887 2424 1015 2473 quibus
1044 2426 1080 2470 3,
1108 2425 1203 2472 199,
1236 2424 1339 2460 mulis
1364 2424 1501 2460 fiebant

48 2485 139 2519 teste
163 2483 278 2520 Paulo
307 2496 343 2532 p.
362 2485 450 2532 148,
472 2488 506 2521 l.
559 2484 685 2521 Priora
722 2497 816 2534 quae
843 2483 999 2521 Ouidius
1035 2484 1168 2532 habet,
1205 2485 1354 2535 Equiria
1383 2485 1498 2521 Varro

49 2543 191 2592 omittit,
218 2546 278 2594 qui
311 2544 359 2582 de
384 2545 506 2582 alteris
526 2546 581 2582 'ita
608 2548 646 2594 6,
675 2549 745 2583 13:
784 2548 938 2595 Εᾳιιῐνὶα
964 2545 1008 2583 ab
1034 2558 1204 2596 equorum
1231 2559 1350 2592 cursu,
1377 2559 1416 2584 eo
1443 2546 1498 2583 die

48 2603 141 2640 enim
163 2603 258 2644 ludis
283 2611 431 2645 currunt
455 2609 494 2645 in
520 2609 664 2646 Martio
690 2620 830 2658 campo.
883 2606 1008 2657 Lydus
1035 2608 1081 2645 de
1107 2620 1224 2646 mens.
1251 2610 1288 2654 4,
1304 2611 1343 2658 9,
1370 2621 1406 2660 p.
1425 2609 1497 2644 158
