1685 2954
709 117 912 148 SELECTIS
1374 118 1540 149 CCXXIX

93 215 244 254 dixerim
269 215 479 268 appellatiui
505 214 624 253 Latini
659 217 912 255 conciliatione
944 218 1071 255 summi
1104 216 1163 254 dei
1195 217 1342 255 numina
1367 225 1406 256 et
1429 225 1536 270 pote-

91 285 204 316 states
229 280 352 316 sactae
375 283 471 316 sunt.
523 276 600 314 Csr.
630 277 781 326 August.
812 290 842 314 c.
860 277 896 315 d.
921 280 1045 327 7,24:
1071 284 1128 317 tot
1153 279 1417 329 coynominibus
1440 293 1536 319 unus

88 343 265 392 Iuppiter.
316 339 392 381 Sed
419 339 584 389 luppiter
608 338 668 375 ille
694 339 854 388 optimus
881 341 1056 377 maximus
1083 348 1276 392 postquam
1303 349 1534 380 consecratus

88 410 159 451 est,
185 403 338 440 alterum
359 411 474 450 genus
494 400 746 449 cognominum
768 400 908 437 infinito
930 413 1047 451 prope
1068 415 1219 440 numero
1240 405 1345 441 certis
1362 404 1534 454 reipubli-

87 476 154 502 cae
187 462 410 512 temporibus
445 460 601 498 admisit.
653 461 821 499 Inuictus
846 460 961 498 dictus
987 469 1043 499 est
1068 468 1160 501 teste
1183 464 1320 503 Ouidio
1330 468 1377 514 ,6‚
1395 467 1472 503 644
1496 470 1535 504 et

85 526 250 563 Varrone
274 523 321 561 fr.
341 525 386 571 6,
412 523 464 559 uti
489 535 601 572 supra
625 523 696 560 iam
723 524 944 561 annotabam
971 537 1009 574 p.
1032 536 1145 562 cxm.
1198 526 1297 564 Idem
1324 528 1442 564 Varro
1466 527 1535 564 ibi-

82 587 165 624 dem
192 589 343 622 test'atur
368 584 415 621 de
440 584 528 621 Ioue
557 586 706 622 Stator-e
732 584 805 623 Ou.
829 587 867 633 6,
888 586 985 634 787,
1019 586 1103 624 uide
1128 600 1239 638 supra
1265 601 1304 638 p.
1330 600 1466 636 CXLII,
1493 593 1533 626 et

82 647 130 685 de
154 648 298 684 Victore
323 646 398 684 Ou.
418 649 457 695 4,
478 648 566 695 621,
590 647 676 684 uide
700 660 811 698 supra
838 660 876 698 p.
892 658 1026 684 cxxx.
1077 647 1241 699 Iuppiter
1269 653 1419 688 Tonans
1443 662 1532 687 con-

80 715 242 746 secratus
268 714 325 745 est
349 721 446 745 anno
467 707 614 745 demum
642 709 689 747 V.
714 710 758 746 (2.
785 710 874 756 732,
903 708 977 746 uid.
1005 709 1113 747 Dion.
1144 710 1246 750 Cass.
1274 711 1339 758 54,
1358 711 1396 746 4.
1448 711 1532 748 Hoc

80 782 282 820 cognomen
309 783 377 821 pro
404 770 550 807 nomine
576 777 774 821 usurpatur
800 771 847 807 ab
874 769 1009 808 Ouidio
1034 773 1073 820 4,
1089 773 1184 820 ⁵853
1210 774 1249 820 6,
1269 774 1338 820 33;
1365 773 1461 820 3433
1488 776 1529 820 2,

78 833 141 869 69.
193 830 362 869 Ablatiuo
390 844 475 869 casu
502 838 558 869 est
588 835 775 878 Tonante,
800 844 872 870 non
900 835 1065 881 tonanti,
1090 833 1326 883 quamobrem
1353 839 1440 870 met.
1465 837 1527 881 11,

78 895 153 930 319
178 893 372 944 legendum
399 900 454 931 est
481 895 645 931 comanti
707 893 819 930 Nolui
853 900 975 931 tamen
1011 906 1141 943 magna
1174 895 1295 931 littera
1325 896 1527 945 impertire,

77 967 125 992 ne
151 955 230 1005 quis
264 955 361 993 forte
386 962 533 1006 putaret
558 956 644 992 Kal.
672 955 782 991 Febr.
811 954 1019 991 Tonantem
1045 955 1171 993 Dionis
1188 956 1316 999 ,Cassii
1348 968 1427 994 esse
1461 956 1528 994 de-

75 1017 248 1054 dicatum.
300 1017 433 1054 Restat
458 1017 621 1066 luppiter
645 1017 770 1052 Pistor
796 1014 1000 1053 Ouidianus
1022 1018 1057 1062 6,
1075 1019 1152 1054 344
1175 1017 1213 1054 in
1240 1030 1339 1066 arce,
1366 1030 1439 1055 non
1465 1018 1528 1055 illa

75 1083 116 1127 2,
132 1081 198 1126 70,
224 1078 288 1115 sed
314 1079 350 1114 in
367 1079 547 1128 Capitolio
568 1078 716 1127 proprie
733 1076 830 1115 dicto
852 1078 915 1128 qui
941 1090 1042 1116 aram
1068 1079 1208 1117 habuit.
1247 1080 1526 1130 Saepenumero

73 1151 134 1177 me
159 1140 265 1176 torsit
289 1139 377 1177 illud
404 1151 616 1189 cognomen,
643 1138 742 1188 quod
769 1152 792 1176 a
818 1140 895 1177 solo
921 1148 1031 1191 poeta
1058 1148 1095 1178 et
1119 1141 1326 1189 Lactantio,
1353 1142 1414 1192 qui
1441 1154 1525 1179 eum

72 1201 281 1251 exscripsit,
316 1200 491 1247 traditur,
527 1200 647 1238 donec
675 1200 722 1237 ad
749 1200 847 1238 hunc
871 1202 990 1239 Seruii
1019 1203 1138 1239 locum
1165 1204 1255 1239 Aen.
1281 1204 1321 1251 8,
1345 1205 1440 1240 652:
1477 1206 1526 1241 In

71 1267 216 1300 tantam
249 1266 370 1300 autem
405 1261 473 1299 cibi
504 1264 695 1312 penuriam
728 1262 867 1301 redacti
901 1268 1007 1301 erant
1039 1266 1079 1301 in
1103 1263 1303 1309 obsidione,
1337 1268 1379 1301 ut
1413 1266 1524 1302 coriis

70 1323 292 1371 madefactis
316 1327 351 1360 et
375 1328 503 1373 postea
527 1323 650 1370 frictis
673 1329 920 1362 vescerentur-2
941 1327 1058 1379 cuius
1088 1328 1141 1364 rei
1173 1330 1424 1375 argumentum
1455 1331 1523 1372 est,

71 1385 166 1436 quod
191 1385 364 1435 hodieque
389 1397 461 1423 ara
486 1387 526 1422 in
557 1386 734 1435 Capitolio
760 1391 814 1423 est
837 1388 942 1424 Iouis
962 1389 1103 1426 Soteris
1127 1389 1167 1426 in
1193 1400 1267 1437 qna
1286 1387 1430 1426 liberati
1456 1388 1522 1426 ob-

67 1448 210 1486 stelione
243 1449 347 1485 coria
378 1452 413 1484 et
445 1447 530 1485 sola
562 1452 687 1486 uetera
720 1453 1059 1497 concremauerunt,
1094 1449 1216 1486 inueni
1250 1450 1522 1501 inscriptionem

69 1509 169 1560 apud
195 1509 353 1546 Donium
381 1509 484 1546 class.
507 1511 531 1545 9
557 1522 593 1546 n.
616 1514 661 1547 11
689 1524 728 1561 p.
743 1512 815 1548 341
843 1518 1026 1562 repertam
1052 1511 1195 1548 Romae
1227 1518 1311 1549 ante
1344 1512 1522 1562 templum

69 1570 112 1608 S.
125 1570 315 1608 Laurentii
333 1572 369 1608 in
386 1570 539 1619 Lucina,
568 1584 664 1622 quae
689 1574 738 1610 ita
764 1573 895 1610 habet:
923 1571 1041 1610 lOVI.
1058 1571 1328 1610 CONSERVA
1346 1569 1363 1614 Η
1377 1572 1519 1611 TORI.

67 1631 218 1668 PATR.
244 1631 382 1670 PATR
401 1630 418 1677 ΙΙ
433 1634 544 1671 SER.
571 1634 844 1672 SVLPICIVS.
870 1634 981 1671 SER.
1003 1634 1082 1670 Llss
1101 1631 1117 1677 Η
1136 1634 1453 1672 STEPHANVS.
1473 1635 1518 1674 ΙΙ.

69 1692 168 1730 le.
186 1693 336 1732 STAT.
351 1694 451 1731 AEN
468 1692 484 1739 ll
499 1694 616 1732 PRO.
629 1696 847 1735 SALVTE.
864 1696 950 1733 lMP
966 1692 981 1738 ΙΙ
1000 1696 1252 1734 CAESARIS.
1268 1697 1384 1734 AVG.
1399 1697 1521 1735 COL-

69 1754 175 1791 LEG
202 1753 296 1801 (hoc
323 1762 399 1800 est,
434 1756 608 1804 colleyio,
644 1756 800 1794 docente
826 1758 994 1807 proximo
1019 1758 1207 1807 superiore
1235 1757 1333 1807 apud
1359 1758 1518 1795 Donium

69 1816 199 1864 titulo)
222 1811 239 1857 ΙΙ
261 1816 697 1854 SlLlGlNIARlORVM
713 1815 730 1861 ΙΙ
746 1818 917 1854 ΒΕΒΙΤ.
968 1818 1044 1854 Iam
1070 1830 1127 1855 res
1159 1820 1262 1855 salua
1288 1825 1363 1856 est:
1399 1831 1519 1869 neque

67 1878 106 1915 in
132 1890 174 1915 re
198 1877 291 1914 adeo
311 1891 473 1928 congrua
498 1878 545 1915 de
570 1878 701 1915 fraude
725 1879 819 1915 tituli
845 1878 1085 1928 suspicionem
1106 1879 1270 1917 admitto.
1304 1881 1399 1917 Iouis
1417 1882 1519 1918 Con-

69 1940 264 1976 seruatoris
297 1940 333 1976 in
370 1940 485 1976 tutela
516 1939 684 1976 uidentur
708 1940 820 1976 {uisse
851 1940 1026 1989 pistores:
1061 1941 1107 1976 ob
1141 1941 1177 1978 id
1211 1942 1328 1993 ipsum
1354 1943 1519 1993 luppiter

66 2001 188 2038 Pistor
213 2001 391 2051 appellari
418 2002 550 2051 potuit,
577 2000 881 2051 quemadmodum
904 1997 1010 2046 Ζεὺς
1026 1996 1212 2053 ἀφίκτωρ
1237 2004 1336 2055 apud
1358 2005 1518 2054 Aeschy-

66 2063 158 2110 lum,
177 2056 399 2111 Ἀφροδίτη
426 2060 673 2112 καλλίπυγος
697 2071 744 2100 ετ.
761 2057 902 2113 ἑταίρα
929 2063 1028 2114 apud
1050 2064 1289 2103 Athenaeum.
1329 2066 1406 2103 Sed
1431 2067 1517 2116 quia

21 2143 28 2150 ι
66 2123 103 2160 ὶι]
124 2123 304 2173 Capitolio
330 2123 413 2168 fuit,
439 2123 486 2160 ad
505 2124 602 2160 illam
621 2125 873 2175 simpliciorem
892 2126 1012 2163 Seruii
1038 2125 1201 2163 fabulam
1226 2128 1376 2164 accessit
1401 2129 1517 2165 altera

63 2184 127 2221 illa
147 2183 246 2234 apud
262 2185 412 2221 Florum
437 2189 472 2233 l,
490 2189 551 2233 13,
569 2188 616 2222 16
643 2193 691 2233 et,
719 2187 770 2223 uti
794 2187 927 2235 fertur,
954 2189 1109 2224 Dionem
1128 2188 1291 2226 Cassium
1312 2189 1411 2239 apud
1431 2190 1516 2227 Sui-

49 2244 150 2283 -dam
176 2258 206 2283 s,
235 2259 271 2283 u.
298 2239 522 2301 ὖπερμαζᾷ,
551 2260 587 2297 p.
603 2251 702 2284 3700
728 2249 865 2286 Gaisf.:
894 2245 932 2286 οἱ
959 2246 1004 2286 δὲ
1029 2245 1215 2287 Γαλάται
1239 2247 1516 2301 καταπλαγέν-

64 2318 131 2350 τες
163 2301 218 2351 ὡς
251 2300 573 2357 ὖπερμαζώντων
611 2305 853 2360 αὐτόχρημα
888 2310 966 2347 τῶν
994 2304 1204 2359 Ῥωμαίων
1238 2309 1305 2350 καὶ
1340 2308 1408 2350 aad
1441 2308 1515 2363 τὴν

65 2364 224 2419 τρυφὴν
251 2363 501 2418 ῥιπτούντων
529 2368 623 2422 τοὺς
649 2367 799 2420 ἄρτους
827 2369 1078 2410 ἐσπείσαντο.

164 2431 223 2468 De
247 2431 460 2469 Saturno
493 2434 649 2482 primum
676 2441 752 2479 est,
788 2440 829 2470 ut
859 2434 1081 2483 intelligatur
1105 2434 1249 2473 fabulas
1274 2437 1514 2487 semigraecas

63 2491 111 2530 fr.
126 2494 164 2541 9,
199 2505 291 2543 quas
323 2494 433 2530 etiam
461 2493 614 2531 Ouidius
638 2499 675 2544 l,
693 2498 767 2531 233
783 2508 863 2545 sqq.
891 2498 931 2544 6,
946 2498 1014 2544 193
1041 2499 1113 2545 293
1137 2500 1215 2535 280
1237 2500 1426 2549 sequitur,
1454 2512 1513 2536 sa-

68 2552 114 2589 tis
147 2553 257 2591 fuisse
289 2561 452 2592 uetustas
476 2556 636 2593 Romae:
672 2556 782 2594 docet
816 2557 886 2594 hoc
921 2557 1165 2606 fragmentum
1201 2562 1333 2598 ueteris
1367 2567 1512 2611 poetae,

71 2613 134 2662 qui
157 2616 206 2652 L.
231 2616 359 2654 Attius
390 2619 430 2654 in
462 2616 659 2655 wnnalibus
692 2618 824 2655 dicitur
855 2618 955 2670 apud
980 2620 1204 2658 Macrobium
1231 2628 1299 2660 sat.
1327 2627 1365 2671 1,
1384 2625 1408 2660 7
1431 2623 1512 2670 fin.,

71 2675 135 2712 ubi
159 2687 233 2715 non
257 2677 305 2716 de
328 2679 492 2729 placitis,
525 2679 627 2717 uelut
654 2680 692 2719 in
717 2691 829 2719 sacra
853 2681 914 2720 illa
940 2679 1094 2722 historia
1118 2685 1242 2730 Emeii,
1267 2685 1513 2736 cuiuscunque
