1685 2954
619 120 724 150 mn.
754 118 992 156 ernrvs
1458 106 1543 150 215

152 224 248 265 Nec
275 224 369 278 leue
397 221 592 277 propositi
621 222 773 275 pignus
800 231 1022 260 successor
1052 220 1218 262 honoris

206 291 346 332 lunius
374 303 399 330 a
427 289 619 329 iuuenum
647 287 809 328 nomine
836 286 974 328 dictus
1001 287 1134 329 adest.

152 360 270 400 Tunc
298 356 373 408 sic,
402 355 620 409 neglectos
651 355 804 396 hedera
832 354 1021 396 redimita
1051 357 1235 410 capillos,

205 424 338 466 Prima
366 423 430 463 sui
459 423 597 475 coepit
626 423 840 476 Calliopea
864 423 988 463 chori.
1488 429 1542 464 80

149 494 333 534 Duxerat
358 490 554 531 Oceanus
583 491 784 542 quondam
815 485 1006 531 Titanida
1032 491 1210 545 Tethyn,

206 558 287 609 Qui
317 565 462 598 terram
490 556 666 611 liquidis,
695 559 778 611 qua
805 564 935 610 patet,
966 558 1091 599 ambit
1120 557 1249 612 aquis.

149 627 257 668 Hinc
286 631 379 666 sata
405 626 575 665 Pleione
606 638 698 666 cum
729 625 922 667 caelifero
953 627 1122 667 Atlante

201 694 396 747 Iungitur,
427 699 472 733 ut
500 693 609 733 fama
640 698 719 745 est,
749 693 1024 746 Pleiadasque
1053 692 1177 746 parit:

75 774 83 788 ²
148 759 327 812 Quarum
357 761 469 802 Maia
497 773 597 802 suas
626 760 754 800 forma
783 773 1006 813 superasse
1035 773 1198 803 sorores
1488 765 1541 802 85

206 830 406 880 Traditur,
437 834 481 868 et
513 840 670 868 summo
699 829 977 870 concubuisse
1005 827 1103 869 Ioui.

146 897 265 937 Haeo
299 897 420 937 enixa
455 897 552 950 iugo
589 896 887 948 cupressiferae
917 896 1129 950 Cyllenes,

204 964 457 1004 Aethereum
485 964 641 1004 uolucri
669 965 737 1017 qui
767 963 874 1016 pede
904 964 1034 1017 carpit
1062 964 1151 1003 iter.

150 1031 340 1072 Arcades
369 1032 491 1084 hunc,
521 1031 746 1084 Ladonque
775 1043 917 1085 raan,
947 1038 992 1072 et
1019 1030 1237 1072 Maenalus
1265 1029 1415 1084 ingens

202 1100 300 1139 Rite
322 1100 482 1150 colunt,
509 1099 604 1139 luna
634 1099 790 1140 credita
821 1106 930 1141 terra
956 1099 1074 1153 prior.
1488 1101 1542 1137 90

143 1239 204 1274 77.
232 1237 311 1273 Nec
339 1238 431 1273 bene
459 1250 564 1287 prop.
589 1234 649 1274 A.
690 1238 772 1274 leue
798 1239 1024 1288 propositum
1048 1235 1366 1275 cfflPAbsma,
1382 1237 1476 1285 μηδ
1493 1237 1543 1271 10

93 1287 378 1338 quintaeordecinu
404 1286 594 1334 fuanscr.
634 1291 882 1337 praepositum
902 1287 1020 1335 (tm).
1063 1290 1144 1325 leue
1170 1289 1356 1337 proposito
1383 1284 1543 1322 Π1214

93 1343 145 1376 20
165 1340 328 1388 quinquo.
370 1339 578 1387 praeposito
609 1336 830 1377 ffluar.scr.
869 1339 1061 1388 postpositi
1091 1351 1194 1375 unns.
1235 1338 1433 1387 praepositi
1459 1339 1502 1373 N
1509 1337 1542 1374 0

92 1402 117 1440 p
144 1391 307 1438 quinque.
355 1390 547 1438 proposuit
571 1390 669 1438 pign.
701 1388 732 1435 f.
782 1391 957 1438 propositi
990 1390 1159 1426 successit
1184 1389 1313 1438 pignus
1339 1388 1425 1425 hon.
1454 1393 1541 1424 tres.

93 1443 178 1484 Ita,
203 1451 408 1486 successor,
435 1443 483 1475 23
496 1441 545 1474 48
571 1444 605 1476 et
630 1439 789 1486 fortasse
814 1443 893 1477 Zm
912 1440 977 1477 sub
997 1453 1071 1477 ras.
1122 1440 1251 1489 pignus
1284 1439 1458 1488 processit
1489 1435 1541 1474 Ψ.

93 1491 227 1539 pignus
251 1492 422 1526 successit
449 1488 588 1538 reliqui.
631 1503 812 1526 success..
841 1498 876 1526 et
897 1492 963 1526 erit
989 1503 1175 1538 mmmpr.
1217 1490 1388 1525 successit
1414 1487 1543 1525 honori

95 1543 205 1577 1220
229 1545 317 1586 tres;
349 1538 574 1577 (Ductuscr.
620 1553 773 1577 success.
804 1543 917 1577 amori
946 1544 1007 1577 14.
1055 1553 1151 1576 succ.
1179 1541 1309 1576 amoris
1336 1552 1442 1575 tutus.

145 1593 207 1627 78.
245 1591 359 1627 dictus
388 1591 497 1627 habet
525 1589 821 1638 (Z·?)m42229
835 1595 894 1628 33.
1008 1593 1070 1628 79.
1106 1592 1205 1627 Tum
1238 1591 1287 1627 sic
1313 1587 1543 1639 FN(E‘.2)p

95 1645 251 1691 quantor
275 1641 354 1677 alii.
394 1641 597 1689 necglectos
623 1639 672 1678 Γ.
719 1642 828 1678 edera
854 1642 982 1678 remita
1010 1645 1044 1678 D
1061 1654 1206 1690 mmm.
1251 1641 1416 1677 redimite
1442 1637 1489 1676 Σ.

146 1694 208 1728 80.
243 1691 435 1739 Primaque
462 1693 618 1740 suscepit
643 1690 705 1729 A.
744 1693 874 1742 caliop.
907 1691 998 1730 ΟΨ.
1038 1693 1225 1740 calliopeia
1252 1694 1317 1728 uir
1341 1691 1419 1728 ulla.
1460 1690 1541 1726 call.

96 1741 192 1778 thori
218 1740 271 1778 A.
384 1743 445 1777 81.
483 1753 660 1778 occeanus
686 1744 779 1779 EG.
821 1743 957 1791 quond.
984 1743 1109 1778 titania
1139 1743 1178 1778 G.
1228 1741 1364 1790 quond.
1393 1740 1544 1777 tithania

97 1790 147 1829 Γ.
201 1791 337 1841 quond.
367 1792 489 1827 titonia
521 1790 711 1840 Emmpr.
760 1792 896 1841 quond.
925 1792 1102 1828 tithonida
1130 1792 1256 1838 FGf.
1308 1791 1484 1827 tithanida
1511 1803 1542 1827 r.

98 1841 286 1891 tythonida
314 1845 362 1877 33
389 1846 471 1877 tres.
511 1841 679 1876 cidonida
703 1854 808 1878 unus.
847 1843 901 1878 tit.
930 1849 1047 1878 tecum
1075 1845 1268 1891 Emenpr.
1307 1842 1431 1877 thetim
1454 1843 1545 1878 DM

96 1892 406 1939 NOf„multi.'’
454 1891 580 1928 tethim
611 1889 740 1928 GOEr.
792 1893 890 1928 tetim
918 1890 1138 1942 FPHAp.
1193 1892 1306 1928 tethin
1332 1895 1453 1928 Ernst.
1471 1904 1541 1929 sec.

98 1948 186 1980 uolt.
215 1943 269 1979 ed.
381 1945 442 1979 82.
478 1943 574 1978 amb.
604 1944 704 1991 equis
736 1943 782 1991 ζὶ.
895 1945 957 1979 83.
996 1944 1075 1979 Hac
1101 1950 1177 1978 sata
1207 1944 1251 1979 G.
1297 1943 1388 1977 Huic
1414 1948 1492 1978 sata
1518 1954 1542 1991 p

95 2006 265 2031 uon-scr.
304 2000 383 2029 sata
408 1999 494 2028 tunc
520 1992 665 2042 pleione
686 1995 977 2042 EFPyma.pr.
1018 1999 1095 2029 sata
1122 2000 1195 2029 tuin
1225 1993 1368 2042 pleione
1389 1993 1427 2029 G.
1464 1998 1544 2028 sata

96 2057 179 2081 cum
207 2044 339 2094 pleone
366 2055 447 2079 cum
471 2040 518 2079 Σ.
559 2050 638 2079 sata
664 2049 750 2080 tunc
777 2046 910 2092 pleone
938 2057 1016 2079 cum
1046 2043 1078 2080 b.
1118 2044 1249 2092 pleone
1274 2054 1306 2080 r.
1349 2055 1430 2078 cuin
1456 2043 1543 2078 stel-

96 2095 203 2132 lifero
231 2091 297 2130 ,ΕΖ
325 2094 434 2131 alius.
482 2093 668 2130 athalante
698 2092 988 2131 GDFGFEb.
1030 2094 1189 2144 atalante
1217 2096 1261 2130 E.
1308 2093 1469 2129 athlante
1494 2095 1545 2129 M

96 2146 228 2183 NOr.
339 2146 400 2180 84.
437 2144 540 2193 Iung.
569 2151 605 2180 et
629 2144 728 2180 fama
754 2147 813 2181 M.
864 2141 1098 2194 pleiadesque
1124 2144 1216 2181 Ab.
1328 2144 1389 2179 85.
1424 2143 1543 2179 forma

96 2207 270 2245 superare
310 2192 385 2243 *Pp
411 2198 579 2243 quatuor.
698 2196 759 2232 86.
797 2195 966 2232 Creditur
993 2202 1027 2231 et
1054 2197 1104 2231 M
1116 2208 1188 2231 wa.
1206 2207 1274 2231 sec.
1327 2206 1466 2229 summa
1491 2191 1540 2230 Γ.

95 2258 236 2283 summo
263 2246 496 2281 subcubuisse
519 2242 735 2282 mitanscr.
836 2247 898 2282 87.
926 2247 1008 2294 iugo
1038 2253 1091 2281 est
1117 2258 1218 2294 cupr.
1239 2241 1279 2280 A
1287 2256 1348 2292 pr.
1385 2244 1469 2293 iugo
1488 2250 1543 2280 est

95 2297 133 2334 in
160 2308 262 2342 cupr.
292 2292 340 2331 Σ.
389 2295 575 2344 cypressis.
603 2297 652 2332 D.
701 2295 940 2346 cupressifero
967 2294 1027 2332 sl.
1075 2296 1194 2341 cillen.
1225 2297 1304 2330 DE
1315 2296 1390 2331 Gr.
1432 2294 1541 2342 cylle-

96 2359 165 2388 nos
191 2343 239 2382 Σ.
295 2346 427 2382 cilenes
453 2343 492 2381 Γ
497 2345 529 2392 f.
642 2347 704 2383 88.
741 2346 948 2383 Aetherium
978 2349 1012 2383 G
1028 2338 1195 2382 (DTENJ
1210 2343 1255 2390 f?
1281 2344 1391 2393 aliqu.
1413 2347 1541 2382 Heius.

96 2396 315 2436 Mercurium
335 2397 407 2432 uol.
425 2399 648 2433 Mutuuscr.
685 2397 841 2434 uolucris
860 2400 904 2434 B.
945 2398 1059 2446 carpit
1087 2399 1122 2433 in
1141 2408 1215 2432 ras.
1233 2398 1281 2430 D.
1384 2396 1445 2430 89.
1475 2397 1541 2430 Ar-

99 2446 233 2487 ehades
259 2449 374 2484 DEr.
422 2446 607 2482 Archadas
637 2448 682 2484 G.
728 2448 887 2497 ladoque
917 2443 1451 2495 BCEma.pr.(DATf9r6
1477 2444 1541 2481 ‹le-

102 2508 187 2534 cem.
225 2509 297 2547 que
323 2508 440 2547 capax
468 2503 505 2533 et
529 2498 590 2533 40.
630 2510 701 2546 que
725 2497 830 2534 fefo‘ir
855 2504 893 2534 et
917 2495 1018 2533 1141
1045 2502 1130 2541 trcs5
1157 2496 1177 2532 b
1198 2508 1277 2532 aar.
1296 2507 1366 2532 scr.
1407 2502 1444 2532 et
1470 2508 1527 2532 om

101 2543 152 2584 Γ.
188 2548 372 2587 maenalus
398 2549 494 2592 228
517 2546 601 2584 duo.
647 2548 819 2585 maenalis
844 2546 884 2585 Γ
893 2550 954 2585 49.
1001 2549 1190 2585 maenalon
1215 2558 1399 2595 ramwpr.
1417 2549 1462 2581 11
1477 2547 1540 2581 48.

102 2596 264 2639 melanus
288 2597 322 2637 b.
362 2599 506 2635 menala
528 2610 548 2636 r
563 2610 637 2636 vta.
653 2611 710 2651 pr.
750 2600 932 2638 maenalas
959 2601 1022 2641 w.
1126 2599 1187 2635 90.
1214 2597 1298 2634 Rite
1323 2598 1361 2633 in
1387 2608 1464 2637 ras.
1490 2607 1538 2631 m.

100 2647 188 2685 luna
212 2648 357 2686 condita
380 2653 465 2687 tres.
