1685 2954
55 62 57 65 ·
94 54 272 94 ccxviii
631 45 636 50 ’
719 56 778 87 na
806 57 904 89 oms

91 156 276 195 maritimis
307 156 415 195 etiam
440 154 572 193 fueritt
605 166 649 194 ac
672 156 818 197 littorea
851 158 974 209 aspra
998 160 1204 211 appellatur
1227 171 1251 199 a
1275 159 1365 198 Silio
1390 161 1471 201 ital.
1491 164 1532 212 8,

91 220 190 256 433:
221 219 394 255 lunonem
420 218 591 267 Argoam,
618 230 714 268 quae
739 220 787 258 de
813 222 909 270 Argo
936 233 1032 259 naue
1056 222 1153 259 dicta
1177 222 1308 271 fertur,
1333 221 1428 260 Plin.
1453 230 1530 261 nat.

91 279 129 319 h.
150 283 189 327 3,
202 281 241 327 9,
266 280 343 328 ipse
359 278 557 316 Muellerus
574 282 609 324 l,
634 292 673 330 p.
689 282 762 318 169
779 294 848 332 pro
868 282 994 333 Cupra
1014 281 1137 332 habet,
1164 291 1201 321 et
1219 283 1318 334 quod
1336 283 1531 322 Etruscum

91 351 289 391 cognomen
315 340 430 377 latere
455 347 582 390 putat,
607 342 697 379 latet
721 343 882 381 fortassis
907 345 1015 382 etiam
1041 345 1077 382 in
1103 353 1213 396 portu
1240 347 1385 395 Argoo,
1421 357 1531 395 quem

87 403 250 441 nominat
280 401 401 451 Apoll.
427 401 550 441 Rhod.
577 403 617 451 ⁴,
645 405 733 442 658.
794 405 925 443 Restat
958 407 1068 456 igitur
1100 407 1291 445 Strabonis
1323 406 1532 455 discrimen,

86 462 185 514 qnod
217 462 390 512 expedire
421 476 494 502 non
530 464 650 502 ualeo.
701 465 756 503 Ad
783 467 936 516 priscam
962 467 1128 506 Matutae
1162 468 1320 506 indolem
1353 467 1531 518 indagan-

86 525 171 561 dam
205 523 368 561 fortassis
403 524 578 574 prodesse
610 527 745 577 possit,
781 527 879 577 quod
913 528 1012 578 apud
1039 529 1182 566 Liuium
1209 533 1273 575 32,
1293 532 1366 577 3⁰3
1394 532 1459 579 34,
1478 530 1530 567 53

84 587 235 635 legimus
261 597 282 622 a
309 585 353 623 C.
374 585 543 624 Cornelio
569 588 717 625 consule
743 588 779 624 in
807 589 947 639 proelio
972 590 1148 628 aduersus
1174 591 1340 628 Insubres
1361 603 1459 629 anno
1481 593 1529 629 V.

84 648 130 687 C.
156 648 230 684 555
259 653 383 684 uotum
410 659 490 685 esse
515 650 688 698 templum
715 649 862 686 Iunonis
884 650 1066 700 Sospitae,
1091 651 1420 705 sedfquadriennio
1445 659 1530 702 post

84 709 288 747 dedicatum
306 709 432 746 lunoni
445 709 610 747 Matutae
626 710 827 747 secundum
846 711 955 748 libros
974 719 1129 750 ueteres.
1171 713 1376 763 Vtrumque
1394 726 1530 763 cogno-

82 783 165 809 men
191 773 220 808 si
246 771 341 807 idem
368 771 567 821 expressit,
597 783 668 807 non
695 771 804 820 igitur
829 783 1020 823 perperam
1048 774 1196 812 Verrius
1223 774 1530 824 quemadmodum

81 845 104 872 a
127 846 234 871 mane
259 833 388 869 dicitur
407 835 627 870 matutinum
647 839 686 869 et
702 835 859 871 Matuta
878 833 1098 872 Lucretiana
1122 837 1162 882 5,
1179 838 1269 882 654,
1294 837 1344 872 ita
1370 848 1393 873 a
1418 848 1530 874 mano

80 899 274 935 Matutam
308 894 523 941 declinauit,
561 893 659 944 quod
694 895 803 932 etiam
832 894 986 933 Ouidius
1021 902 1167 934 secutus
1201 895 1346 932 uidetur
1379 910 1415 935 u.
1433 899 1528 934 4692

79 957 193 997 bonae
216 961 364 994 matres.
414 956 455 993 Si
481 956 559 1006 quis
585 964 714 1006 putare
737 953 831 994 ‘uelit
857 958 1066 995 Cornelium
1093 957 1302 1005 consulem,
1337 965 1467 1008 utpote
1492 959 1529 996 in

79 1019 194 1057 ueteri
225 1018 461 1055 Etruscorum
496 1017 576 1054 solo
611 1017 658 1054 ad
693 1017 904 1066 Mantuam,
944 1020 991 1056 de
1027 1031 1100 1069 qua
1135 1019 1303 1056 uideatur
1333 1020 1460 1058 Muell.
1491 1025 1528 1069 l,

78 1094 118 1132 p.
141 1083 237 1128 138,
263 1079 457 1116 Etruscum
484 1091 617 1116 numen
645 1079 755 1117 latine
783 1081 1009 1131 appellasse,
1035 1081 1204 1130 idemque
1232 1081 1465 1119 Coriolanum
1490 1083 1528 1120 in

77 1140 248 1179 uouenda
273 1140 439 1178 Matutae
464 1140 577 1188 aede,
604 1140 687 1178 Liu.
715 1142 754 1189 5,
784 1145 848 1190 20,
876 1149 1071 1192 spectasse,
1098 1142 1243 1179 Sabinis
1269 1150 1369 1180 certe
1398 1143 1526 1181 eadem

75 1205 137 1241 illa
163 1204 288 1252 Cupra
314 1213 393 1239 esse
418 1202 539 1252 potuit
562 1202 720 1250 Matuta,
749 1203 822 1241 uid.
850 1204 957 1241 Varr.
974 1204 1020 1241 de
1047 1204 1114 1242 1.1.
1137 1205 1177 1252 5,
1194 1205 1282 1242 159.
1333 1204 1411 1241 Sed
1436 1217 1527 1254 poe·

75 1266 167 1303 nitet
192 1275 389 1313 nugarum:
418 1264 574 1301 monebo
601 1265 722 1313 potius
748 1266 783 1301 in
807 1265 1040 1303 Leucotheae
1066 1272 1166 1302 recto
1195 1277 1279 1302 casu
1307 1265 1406 1315 apud
1433 1264 1527 1302 Oui-

76 1327 198 1373 dium,
225 1326 288 1363 ubi
323 1325 383 1362 edi
416 1325 557 1362 solebat
582 1327 804 1375 Leucothoe,
831 1335 976 1378 praeter
1009 1329 1119 1365 libros
1154 1337 1213 1363 me
1246 1333 1412 1364 secutum
1445 1338 1525 1365 esse

73 1388 298 1427 Huschkium
325 1387 373 1424 ad
399 1387 537 1423 Tibull.
564 1399 602 1437 p.
622 1392 712 1425 211.

174 1449 401 1497 Stimula,
435 1449 732 1498 simplicissimum
763 1462 917 1495 numen,
951 1450 1012 1487 lib.
1039 1449 1217 1500 superior.
1240 1447 1292 1486 fr.
1317 1451 1356 1498 7,
1381 1462 1524 1500 prope-

73 1511 221 1549 modum
241 1516 383 1548 constat
403 1511 622 1560 implicatum
640 1511 929 1549 Bacchanalibus
952 1523 1119 1560 graecam
1141 1523 1333 1560 personam
1350 1511 1523 1559 induisse,

71 1586 140 1624 pro
166 1573 312 1609 Semela
338 1572 464 1609 haberi
490 1580 672 1619 coeptum.
726 1573 850 1610 Liuius
875 1575 939 1621 39,
961 1577 1006 1610 12
1033 1572 1155 1609 lucum
1180 1572 1328 1609 Similae
1354 1572 1521 1621 appella·-

73 1636 166 1672 uisse
194 1634 356 1682 uidetur3
384 1635 585 1670 Varronem
612 1636 817 1671 accuratius
843 1635 1068 1685 inquisiuisse
1093 1633 1140 1670 de
1166 1633 1319 1669 nominis
1343 1632 1523 1669 uicissitu-

71 1697 216 1734 dinibus
242 1696 376 1732 indicat
404 1696 593 1746 Augustini
620 1697 720 1733 locus
746 1708 780 1734 c.
807 1696 844 1734 d.
872 1699 911 1744 6,
936 1698 979 1732 9:
1008 1697 1070 1733 Sic
1100 1693 1352 1732 Bacchanalia
1376 1705 1521 1732 summm

71 1757 294 1795 celebrantur
326 1759 496 1794 insania:
529 1757 590 1794 ubi
620 1759 740 1794 Varro
774 1759 852 1805 ipse
885 1755 1075 1803 confitetur
1100 1769 1126 1793 a
1149 1754 1403 1795 bacchantibus
1427 1755 1522 1793 talia

68 1819 148 1868 fieri
173 1832 244 1856 non
270 1831 395 1869 posse,
431 1821 502 1856 nisi
526 1824 641 1856 mente
667 1823 861 1856 commota:
895 1817 998 1854 uides
1032 1829 1114 1855 eum
1146 1829 1292 1854 causam
1325 1817 1520 1864 inuenisse,

70 1894 135 1919 cur
159 1883 267 1919 etiam
295 1882 414 1931 prisco
441 1882 587 1918 nomine
610 1881 765 1918 Stimula
797 1880 844 1917 ad
871 1878 1055 1917 Bacchum
1081 1880 1278 1917 attinuerit.
1333 1880 1435 1916 Haec
1457 1890 1520 1917 se·

68 1950 190 1982 cutum
216 1956 295 1981 esse
322 1943 494 1981 Ouidium
521 1945 559 1991 6,
586 1946 661 1980 497
688 1949 855 1993 apertum
881 1949 949 1978 est.

169 2006 228 2042 De
257 2004 340 2053 dea,
368 2018 463 2055 quae
490 2004 587 2056 apud
616 2004 788 2041 Ouidium
809 2007 849 2051 2,
871 2004 1089 2040 569-614
1114 2003 1342 2051 describitur,
1368 2014 1517 2057 separa-

69 2069 131 2106 tim
158 2080 267 2118 agere
293 2068 475 2104 constitui.
529 2067 680 2116 Quippe
715 2066 750 2101 in
778 2065 847 2102 hac
873 2072 1006 2115 poetae
1032 2066 1213 2115 ingenium
1244 2065 1280 2103 id
1307 2065 1434 2102 secisse
1461 2064 1515 2101 ui-

69 2131 198 2178 detur,
233 2128 330 2180 quod
363 2130 398 2165 in
434 2129 678 2178 superioribus
712 2127 870 2177 populus
908 2133 970 2163 aut
1007 2127 1226 2177 populorum
1262 2126 1516 2165 commercium

68 2193 236 2230 duorum.
298 2189 540 2227 Difficillimus
578 2190 613 2226 in
647 2188 897 2226 Romanorum
930 2188 1038 2225 rebus
1075 2188 1204 2224 diuinis
1239 2194 1295 2224 est
1328 2188 1427 2225 locus
1467 2186 1514 2224 de

68 2255 256 2301 manibus,
289 2253 507 2299 lemuribus,
541 2251 756 2302 penatibus,
782 2250 918 2298 geniis,
945 2250 1100 2294 laribus,
1127 2260 1222 2299 quae
1245 2249 1364 2285 omnia
1390 2248 1513 2285 arcina

67 2315 167 2366 apud
194 2315 366 2351 Etruscos
401 2314 550 2350 suerunt
583 2313 741 2350 numina.
797 2313 935 2348 Horum
971 2323 1059 2348 uero
1085 2322 1130 2347 ex
1157 2309 1341 2353 doctrina,
1375 2310 1512 2358 quippe

60 2383 161 2428 'quae
199 2377 387 2413 enucleate
424 2376 654 2426 praeciperet
689 2374 736 2411 de
777 2373 975 2410 istiusmodi
1010 2371 1139 2419 rebus,
1181 2377 1325 2408 ueteres
1365 2370 1508 2407 iamiam

65 2439 163 2476 docti
190 2438 375 2488 opiniones
403 2438 598 2487 populares
624 2442 689 2473 aut
714 2435 969 2473 additamentis
997 2432 1244 2482 locupletasse
1269 2438 1333 2468 aut
1356 2443 1512 2482 suspen·-

66 2514 124 2539 sas
159 2500 289 2539 secisse
325 2498 505 2536 uidentur.
567 2499 716 2536 Scilicet
749 2498 833 2548 quia
862 2497 1009 2535 Mantus
1035 2495 1100 2531 Dis
1133 2501 1238 2545 pater
1273 2493 1515 2532 Etruscorum

65 2563 134 2600 suit
165 2567 202 2602 et
228 2562 312 2612 quia
338 2573 420 2597 cum
446 2559 626 2607 mundus,
658 2561 719 2610 qui
745 2559 900 2598 Etrusco
934 2559 1004 2596 ritu
1040 2556 1222 2593 institutus
1255 2562 1310 2592 est
1341 2554 1413 2601 (de
1440 2555 1514 2592 hoe-

65 2623 187 2663 Ouidii
220 2635 344 2661 uersus
371 2623 407 2671 4,
433 2624 505 2660 823
544 2623 743 2673 explicatos
776 2621 936 2659 inuenies
971 2617 1070 2668 apud
1105 2617 1271 2657 Mueller.
1299 2617 1444 2655 Etrusc.
1470 2619 1512 2666 2,
