1685 2954
625 117 679 144 DE
710 118 891 145 AEDIBYS
922 117 1064 146 SACRIS
1398 117 1578 146 CXXXVI!

135 216 338 255 cauendum
365 223 442 264 est,
478 226 522 252 ne
557 214 643 264 quid
680 214 899 252 reconditius
932 215 979 252 de
1014 216 1139 266 templi
1166 215 1322 255 Veneris
1355 216 1580 256 dedicatione

136 279 257 316 uernis
292 278 476 315 Vinalibus
513 277 729 326 comperisse
768 275 922 313 Ouidius
967 276 1157 325 credatur,
1204 279 1301 328 quod
1336 280 1582 328 ignorauerint

137 340 256 376 Varro
283 347 318 376 et
345 339 505 386 Verrius,
531 338 582 374 uti
607 350 718 387 supra
745 348 924 386 p.xm·11
946 349 1000 386 sq.
1024 337 1107 374 dixi.
1142 328 1239 376 ‚Nec
1266 340 1326 376 illa
1353 341 1460 388 enim,
1488 353 1582 390 quae

137 401 238 438 Naso
265 402 303 448 4,
325 400 395 436 155
414 412 468 449 sq.
495 399 649 448 scripsit,
676 397 721 434 de
748 398 900 434 Veneris
925 398 1171 436 Verticordiae
1197 401 1288 438 aede
1315 401 1490 438 Kalendis
1516 401 1581 439 de-

138 462 257 499 dicata
282 467 365 498 sunt
390 460 646 510 intelligenda,
680 459 727 495 de
755 471 827 509 qua
854 459 1098 509 praeterquod
1127 471 1334 499 consecrata
1370 462 1498 498 dicitur
1522 462 1582 499 di-

138 535 258 560 rorum
286 523 443 558 ominum
472 534 580 559 causa
604 533 700 557 anno
731 520 779 557 V.
809 522 854 558 C.
883 521 957 556 640
983 521 1029 555 ab
1058 520 1121 557 lul.
1152 521 1242 559 Obs.
1271 525 1293 569 ξ
1312 525 1383 571 97,
1410 524 1582 572 ignoran-

139 591 200 622 uu·
224 583 354 620 omnia.
407 584 552 620 Scilicet
579 582 678 632 quod
703 582 865 622 Macrob.
885 588 951 618 sat.
978 585 1012 625 1,
1034 585 1078 617 12
1107 583 1239 619 habet:
1274 597 1345 621 non
1373 589 1491 621 lamen
1515 598 1581 622 ue-

135 649 200 694 9at
230 646 379 681 Verrius
406 644 557 682 Flaccus
580 644 647 681 hoc
672 643 728 680 die
752 649 878 693 postea
904 645 1145 688 constitutum,
1172 649 1212 680 ut
1237 651 1426 682 matronae
1456 648 1586 685 Veneri

137 717 281 743 sacmun
300 705 474 754 facerent,
502 709 603 744 cuius
620 708 672 743 rei
691 718 855 753 causam,
882 707 968 754 quia
988 705 1069 742 huic
1095 705 1170 743 loco
1189 719 1259 744 non
1276 709 1449 751 conuenit,
1475 721 1586 758 prae-

138 767 348 805 tere-undum
375 772 449 812 est,
483 769 511 804 si
537 766 810 816 intelligendum
839 775 931 803 esset
964 766 1011 802 de
1037 767 1187 804 Veneris
1213 769 1459 805 Verticordiae
1485 770 1584 806 cultu

139 841 184 865 eo
221 828 279 865 die
315 830 509 866 constituto
545 835 697 880 propter
730 829 1043 864 obscaenissimum
1078 842 1204 877 omen,
1239 829 1336 878 quod
1370 842 1486 880 puero
1518 844 1584 868 suo

139 902 289 927 narrare
307 891 512 928 Macrobius
534 888 798 928 uerecundatus
820 889 880 935 sit,
907 890 1130 938 ascripsisset
1150 889 1298 927 Verrius
1319 891 1365 927 de
1383 904 1427 928 eo
1448 894 1585 942 templo

140 958 178 988 et
205 964 307 988 sacro
335 953 468 1001 aliquid
495 953 530 988 in
558 952 681 989 tabula
697 950 947 996 Praenestina,
975 951 1074 987 cuius
1102 964 1146 987 eo
1172 950 1230 988 die
1257 953 1381 990 titulus
1407 954 1499 991 adeo
1527 956 1583 992 in-

141 1020 244 1063 teger
278 1020 396 1061 extat,
441 1020 480 1050 ut
515 1013 623 1049 mirer
655 1011 805 1048 Veneris
842 1023 971 1048 nomen
1016 1012 1182 1049 affricare
1225 1015 1319 1051 uelle
1354 1016 1583 1065 Fogginium.

142 1075 242 1112 Nihil
269 1076 376 1124 igitur
401 1075 523 1110 dicunt
550 1073 703 1111 Ouidius
735 1079 773 1109 et
798 1071 978 1121 Verrius,
1006 1074 1070 1111 nisi
1097 1074 1284 1112 Fortunae
1310 1076 1409 1112 Virili
1435 1077 1587 1115 diuersis

140 1136 177 1172 in
204 1136 294 1172 Iocis
320 1136 562 1185 supplicatum
590 1146 689 1181 esse,
715 1146 737 1170 a
765 1136 936 1171 matronis
962 1136 998 1171 in
1028 1136 1120 1173 aede
1148 1137 1300 1173 Veneris
1326 1139 1586 1184 Verticordiae,

142 1209 251 1247 quam
280 1204 367 1247 puto
392 1210 412 1233 a
440 1196 635 1233 Plutarcho
669 1195 716 1232 de
749 1195 836 1232 sort.
863 1197 934 1233 Ro.
963 1210 994 1234 c.
1017 1200 1065 1233 10
1096 1193 1378 1247 Ἐπιταλάριον
1412 1200 1502 1247 dici3
1536 1201 1587 1237 ibi

142 1260 237 1296 enim
263 1255 404 1307 βωμὸν
421 1253 609 1308 ’App-§2205
638 1253 776 1306 Τύχης
800 1257 911 1294 fuisse
937 1259 1078 1296 scribit:
1112 1271 1134 1295 a
1160 1261 1366 1297 mulieribus
1392 1260 1588 1299 humiliori-

144 1320 211 1357 bus
237 1333 339 1368 uero,
367 1322 417 1356 uti
435 1321 581 1357 Verrius
607 1320 741 1366 scribit,
769 1320 804 1355 in
833 1320 979 1357 balineis
1005 1321 1167 1370 publicis.
1208 1320 1306 1359 Nihil
1334 1322 1402 1359 nisi
1427 1322 1473 1360 de
1495 1324 1587 1361 For-

144 1388 234 1419 tuna
259 1382 362 1419 Virili
388 1381 487 1431 loqui
514 1381 780 1418 uerecundatus
807 1387 861 1418 est
886 1382 1104 1419 Macrobius.

242 1443 299 1480 De
326 1444 499 1480 Vestae
524 1442 615 1479 aede
641 1442 674 1479 V
699 1443 753 1481 ld.
781 1444 861 1480 lun.
888 1456 909 1480 a
935 1443 1056 1480 Numa
1082 1443 1248 1481 dedicata
1273 1446 1465 1496 pleraque,
1492 1461 1588 1498 quae

145 1504 300 1544 Ouidius
321 1504 445 1552 habet,
473 1504 645 1541 Varronis
664 1517 743 1543 esse
763 1512 911 1555 praeter
935 1517 994 1553 ea,
1021 1518 1114 1555 quae
1140 1518 1251 1555 supra
1272 1520 1309 1557 p.
1327 1520 1367 1544 οι
1392 1521 1413 1544 a
1436 1522 1492 1546 me
1515 1510 1588 1547 dis-

145 1574 272 1618 putata
304 1574 409 1614 sunt,
447 1574 660 1613 argumento
693 1574 748 1604 est
781 1579 975 1603 consensus
1010 1568 1172 1616 Dionysii
1205 1569 1286 1604 Hal.
1315 1572 1353 1615 2,
1380 1572 1449 1606 66:
1485 1569 1589 1615 τινὲς

147 1626 221 1678 μὲν
248 1619 318 1665 οἷν
345 1623 461 1664 οὐδὲν
486 1622 562 1672 ἔξω
590 1628 660 1665 τοῦ
688 1628 867 1678 φανεροῦ
895 1624 1021 1678 πυρὸς
1057 1622 1157 1665 εἶναί
1188 1640 1290 1678 φασι
1317 1627 1361 1667 τὸ
1391 1626 1591 1680 τηρούμε-

149 1702 240 1728 νον·
269 1685 340 1738 τὴν
367 1686 410 1725 δὲ
434 1687 617 1739 φυλακὴν
645 1686 770 1728 αὐτοῦ
789 1687 1010 1741 παρθένοις
1030 1687 1269 1727 ἀνακεῖσθαι
1290 1691 1446 1739 μᾶλλον
1472 1688 1497 1742 ἢ
1523 1690 1590 1731 ἀν-

151 1745 273 1800 δράσι
298 1750 505 1786 ποιοῦνται
531 1747 635 1788 κατὰ
661 1748 706 1788 τὸ
735 1749 858 1798 εἰκός,
896 1747 957 1789 ὅτι
983 1752 1062 1800 πῦρ
1087 1750 1161 1799 μὲν
1188 1748 1404 1802 ἀμίαντον,
1432 1754 1592 1805 παρθέ-

151 1825 221 1857 νος
246 1808 290 1849 δὲ
318 1807 550 1862 ἄφθαρτον,
577 1820 613 1849 et
638 1815 825 1861 Augustini
843 1815 883 1860 4,
904 1816 973 1849 10:
1005 1816 1152 1850 Vestam
1177 1827 1251 1851 uon
1277 1817 1350 1852 nisi
1374 1818 1490 1863 ignem
1515 1829 1592 1854 esse

151 1897 203 1908 .-
218 1877 449 1925 pertinentmn
475 1872 524 1909 ad
549 1872 663 1921 focos,
689 1876 765 1911 sine
790 1873 917 1922 quibus
943 1875 1074 1910 ciuitas
1098 1887 1171 1911 esse
1197 1887 1271 1912 uon
1295 1881 1431 1925 potest:
1454 1882 1488 1914 οὓ
1513 1878 1592 1916 ideo

152 1937 208 1974 mi
232 1938 391 1984 uiryines
416 1934 527 1971 solere
559 1937 713 1982 seruire,
748 1933 842 1983 quod
866 1936 959 1970 sicut
984 1946 1030 1970 ex
1054 1937 1212 1983 uiryine,
1247 1938 1302 1974 ‘ita
1326 1938 1418 1976 mm
1442 1951 1489 1976 ex
1513 1942 1593 1989 igne

153 2002 354 2044 nascatur,
381 2009 460 2032 cuin
489 1995 676 2033 Ouidianis
701 1998 1019 2043 uu.289-298;
1055 1998 1121 2033 cfr.
1150 1998 1225 2034 Cic.
1251 1998 1298 2035 de
1323 2007 1397 2037 nat.
1425 2001 1526 2039 deor.
1555 2006 1593 2050 3,

154 2062 228 2108 80,
263 2059 337 2097 Ou.
363 2058 446 2095 fast.
473 2060 510 2106 3,
528 2059 598 2105 45,
633 2057 810 2101 Niebuhr.
839 2057 919 2094 hist.
944 2057 994 2094 R.
1023 2062 1058 2105 l,
1086 2071 1124 2107 p.
1141 2061 1229 2099 244.
1280 2060 1418 2099 Metelli
1449 2075 1595 2112 quoque

97 2150 104 2156 .
154 2126 257 2172 pont.
285 2132 381 2156 max.
407 2119 545 2156 facinus
561 2120 755 2168 Dionysius
780 2121 944 2169 proxima
970 2120 1115 2169 pagina,
1142 2123 1293 2170 August.
1315 2127 1351 2171 3,
1373 2126 1420 2160 18
1447 2130 1484 2160 et
1503 2124 1592 2161 Oui-

154 2182 235 2218 dius
258 2194 318 2217 uu.
337 2181 552 2218 437—454
578 2181 705 2218 eodem
732 2181 841 2217 modo
869 2180 1035 2217 tradunt:
1063 2182 1145 2219 uide
1172 2183 1218 2219 de
1243 2196 1288 2220 eo
1314 2191 1594 2222 commentatum

153 2243 321 2292 Pighium
347 2254 431 2279 ann.
457 2245 497 2290 2,
524 2254 561 2292 p.
577 2243 626 2278 66
652 2242 700 2279 ad
725 2255 859 2279 annum
886 2243 932 2280 V.
962 2243 1004 2279 C.
1031 2244 1117 2280 512.
1168 2244 1289 2282 Lubet
1321 2246 1392 2283 hoc
1416 2248 1496 2284 loco
1527 2260 1597 2284 an·-

155 2312 286 2343 notare
310 2303 522 2352 Dionysium
548 2307 588 2351 2,
608 2304 658 2340 50
684 2317 755 2341 non
782 2304 966 2341 discedere
993 2316 1014 2339 a
1037 2305 1202 2342 Varrone
1228 2305 1274 2343 de
1300 2307 1325 2343 l.
1350 2308 1376 2344 l.
1403 2308 1441 2356 5,
1461 2310 1525 2356 74,
1564 2309 1595 2345 si

155 2379 309 2417 spernas
335 2365 531 2415 scripturas
554 2365 660 2402 codd.
684 2366 797 2404 Goth.
821 2374 857 2403 et
882 2366 1004 2410 Hafn„
1031 2372 1128 2402 ortas
1149 2378 1193 2403 ex
1212 2367 1435 2417 Florentino,
1461 2370 1495 2406 in
1524 2383 1596 2419 quo

159 2440 232 2465 una
256 2428 394 2476 syllaba
424 2418 733 2464 Vestae‘nominis
755 2428 977 2464 intercidisse
1004 2426 1165 2464 uidetur:
1201 2430 1368 2468 nimirum
1389 2426 1597 2475 Ἐνυάλιος

159 2497 214 2526 est
241 2489 439 2536 Quirinus,
473 2487 581 2537 uide,
608 2489 638 2525 si
663 2501 755 2538 opus
784 2489 916 2538 habes,
943 2488 1153 2525 Ambroscb.
1180 2489 1286 2528 Stud.
1314 2505 1352 2542 p.
1374 2493 1445 2529 155
1472 2502 1596 2530 annot.

160 2549 218 2587 De
243 2550 323 2586 loco
348 2551 476 2600 templi
496 2557 533 2587 et
554 2549 791 2600 quarumdam
809 2563 991 2587 sacrarum
1011 2549 1167 2599 aedium,
1194 2564 1287 2601 quae
1306 2566 1386 2589 cuin
1412 2555 1473 2591 illo
1500 2567 1597 2590 coin-

163 2618 408 2650 memorantur
432 2612 479 2648 ab
506 2610 664 2660 Ouidio,
700 2612 932 2661 inquiramus.
985 2612 1041 2649 Ea
1074 2613 1109 2649 in
1144 2626 1184 2650 re
1214 2615 1376 2664 priorum
1402 2622 1487 2652 ante
1513 2617 1598 2651 Am-

167 2671 369 2711 broschium
394 2673 717 2724 topographorum‚
746 2674 810 2710 nisi
838 2674 897 2711 ubi
923 2674 968 2712 ad
987 2677 1111 2713 eorum
1137 2676 1323 2725 opiniones
1349 2677 1472 2722 redeo,
1498 2688 1598 2713 men-
