1685 2954
141 107 291 140 CLXXX
669 137 673 143 ,
737 102 800 134 DE
827 103 973 135 sscms

141 208 287 257 triginta
311 205 437 244 diebus
464 209 654 241 matronae
686 203 812 253 lugent
844 215 930 252 eos,
965 203 1027 254 qui
1058 203 1095 241 in
1122 203 1306 241 Cannensi
1331 214 1456 254 pugna
1481 215 1515 244 a.
1543 204 1583 243 d.

141 270 207 306 1111
231 269 329 306 Non.
354 265 499 311 sextil„
535 264 635 302 Gen.
662 265 702 313 5,
730 268 777 303 17
802 265 882 314 fin„
919 265 1026 302 occisi
1060 263 1219 304 fuerant.
1270 265 1427 302 Centum
1459 264 1585 303 diebus

141 331 272 368 luxisse
299 328 377 363 uult
403 326 508 363 Paul.
532 326 637 364 Diae.
665 339 703 377 p.
729 328 795 374 97,
821 328 871 374 4;
903 325 941 363 id
973 327 1002 362 si
1035 333 1240 374 constaret,
1273 326 1462 363 crederem
1494 329 1588 364 sacri

141 392 361 429 mentionem
397 387 571 424 excidisse
606 389 703 438 apud
739 388 884 437 Lydum
918 399 1042 424 mense
1077 386 1229 424 Octobri
1260 390 1299 435 4,
1323 389 1394 435 85,
1428 400 1466 438 p.
1491 390 1584 425 284:

140 452 263 488 Valer.
289 450 388 486 Max.
420 452 458 496 1,
478 452 514 497 1,
533 450 579 486 15
605 449 653 487 de
678 450 886 500 Septembri
912 449 1035 485 testari
1062 448 1216 487 uidetur.
1270 451 1349 486 Hoc
1374 449 1483 498 igitur
1507 461 1586 486 ma·

142 518 327 549 tronarum
360 522 525 557 sacrum,
561 509 609 547 de
643 523 717 561 quo
752 511 851 560 loqui
887 510 1057 546 uidentur
1092 510 1172 548 Cic.
1200 523 1267 560 pro
1294 511 1400 547 Balb.
1430 513 1495 557 24,
1521 510 1588 557 55,

142 572 250 610 Seru.
278 571 324 609 ad
352 575 441 608 Aen.
468 573 507 618 4,
533 572 598 620 58,
633 572 769 608 Arnob.
796 574 835 618 2,
856 572 922 618 73,
958 582 1076 619 aeque
1111 582 1134 607 a
1168 571 1266 608 feriis
1293 572 1439 609 Cereris
1465 572 1588 610 diuer-

143 646 224 671 sum
248 641 321 678 est,
356 645 399 670 ac
427 644 569 669 sacrum
596 632 723 669 Bonae
748 631 840 668 deae
865 642 888 667 a
919 630 1018 667 seriis
1054 631 1129 668 eius
1155 631 1217 668 ΚΡ
1245 633 1348 680 Mai„
1383 645 1452 670 nec
1488 634 1589 683 quic-

144 708 253 746 quam
281 696 333 732 rei
360 694 473 732 habet
498 706 580 730 cum
606 694 698 731 ludis
725 692 883 729 Cereris.
935 691 1104 741 Namque
1129 691 1195 729 lios
1221 705 1303 729 cum
1331 706 1475 742 nouem,
1503 707 1590 742 non,

146 765 187 795 ut
211 764 310 805 sunt,
337 763 420 793 octo
446 755 583 792 dierum
609 760 757 804 putaret
779 753 998 789 Vaassenius
1024 753 1206 789 animadu.
1234 767 1272 803 p.
1289 758 1363 791 314
1389 768 1458 805 sq„
1485 762 1592 792 acute

146 827 269 856 tamen
295 819 496 867 suspicatus
523 822 578 852 est
605 814 778 852 Ouidium
801 820 886 851 met.
906 817 967 861 10,
982 816 1054 850 431
1075 825 1130 863 sq.
1160 821 1305 862 praeter
1329 814 1429 853 albas
1455 823 1492 853 et
1516 817 1593 866 pri·

146 882 264 918 mitias
298 880 468 928 frugum,
499 876 546 913 de
572 876 703 925 quibus
736 874 823 911 nihil
856 875 1011 911 traditur
1042 875 1078 911 in
1105 875 1140 910 T
1145 874 1406 925 liesmoplioriis
1438 877 1591 925 graecis,

147 944 255 980 etiam
282 953 416 978 nouem
451 939 530 976 illas
564 945 688 974 noctes
723 937 947 973 transtulisse
982 948 1004 973 e
1029 943 1131 972 castu
1158 936 1339 974 Romano.
1390 937 1591 974 Leuiuscu-

145 1005 222 1041 lum
249 1009 304 1040 est
330 1001 429 1052 quod
453 1000 500 1036 de
526 1012 657 1036 nucum
680 999 866 1048 sparsione
884 997 967 1034 Xlll
982 997 1044 1034 Kl'
1062 997 1148 1034 Mai.
1170 997 1279 1035 babet
1299 998 1428 1036 Festus
1446 1010 1487 1048 p.
1503 999 1590 1048 177,

147 1069 200 1102 20
224 1065 322 1101 dext.
352 1071 388 1100 et
415 1062 547 1098 rectius
572 1059 815 1096 adhibuissem
844 1059 935 1096 libro
963 1059 1026 1096 lx.
1077 1059 1134 1095 De
1162 1059 1448 1097 Fordicidiorum
1474 1072 1591 1108 sacro,

147 1126 246 1176 quod
272 1133 345 1162 tam
374 1124 470 1160 clare
496 1120 652 1158 traditur
676 1121 722 1156 ab
750 1118 884 1156 Ouidio
910 1132 946 1156 u.
968 1121 1057 1167 634,
1085 1119 1158 1155 665
1187 1120 1328 1157 Telluri
1354 1121 1451 1165 fieri,
1477 1119 1594 1170 pudet

147 1187 245 1237 quod
271 1196 383 1236 supra
410 1197 446 1234 p.
467 1194 603 1220 cnvxu
630 1183 665 1218 in
698 1181 855 1219 eundem
890 1193 1050 1217 errorem
1085 1180 1191 1217 incidi
1225 1195 1304 1218 cuin
1331 1181 1441 1218 Laur.
1469 1181 1589 1230 Lydo,

147 1248 210 1297 qui
234 1247 281 1283 de
308 1258 439 1283 menss.
466 1247 502 1289 4,
530 1246 593 1291 49,
621 1257 657 1294 p.
671 1245 745 1279 228
772 1255 839 1279 nec
865 1243 942 1292 ipse
968 1243 1129 1290 Telluri,
1160 1242 1223 1278 sed
1251 1243 1375 1279 Cereri
1406 1244 1591 1279 celebrata

148 1310 249 1346 dicit.
301 1307 446 1344 Scilicet
473 1312 625 1355 uterque
651 1305 751 1341 obliti
777 1316 920 1340 eramus
947 1304 1101 1340 testibus
1131 1302 1264 1340 Ouidio
1292 1307 1327 1351 1,
1351 1305 1422 1340 671
1452 1312 1489 1341 et
1516 1304 1589 1341 Fa-

147 1372 207 1409 bio
234 1371 378 1407 Pictore
404 1367 501 1417 apud
524 1367 691 1404 Seruium
717 1365 763 1402 ad
793 1379 851 1414 ge.
881 1369 918 1411 1,
939 1368 986 1402 21
1015 1365 1168 1400 alterum
1196 1365 1303 1401 etiam
1330 1377 1470 1401 sacrum
1496 1377 1590 1412 esse,

148 1432 247 1483 quod
273 1430 414 1468 Telluri
440 1436 477 1466 et
503 1429 627 1465 Cereri
655 1428 849 1465 exhibitum
879 1434 955 1473 est,
983 1427 1084 1462 cuius
1112 1426 1158 1462 ad
1185 1427 1307 1472 ritum,
1336 1425 1408 1464 Ou.
1438 1431 1475 1473 l,
1501 1429 1590 1474 672,

149 1496 219 1533 loci
245 1494 295 1530 illi
315 1491 506 1529 Aruobiani
530 1490 673 1539 egregie
699 1490 904 1525 collineant.
959 1488 1129 1524 Parilium
1158 1488 1246 1523 ritus
1271 1489 1452 1524 sollemnis
1471 1500 1492 1524 a
1510 1489 1590 1525 solo

151 1555 286 1593 Ouidio
312 1553 496 1604 proditur,
522 1557 703 1596 accurate,
732 1557 770 1586 ut
799 1550 962 1597 uidetur,
990 1556 1026 1585 et
1052 1550 1321 1598 simplicissime.
1372 1549 1469 1585 Nihil
1495 1550 1590 1586 enim

152 1617 272 1663 aliud,
311 1627 420 1664 quam
453 1612 524 1648 duo
563 1611 653 1647 haec
688 1612 800 1648 uerba
837 1611 1031 1648 calendarii
1065 1611 1278 1647 Fames-iani
1313 1612 1592 1660 interpretatum

152 1673 682 1717 OVES.LVSTRANTVR.
726 1673 819 1709 Mira
845 1684 933 1709 sane
960 1685 1032 1719 res,
1061 1684 1140 1708 cum
1166 1672 1291 1708 Palem
1317 1672 1421 1709 deam
1449 1685 1593 1710 armen·

150 1748 270 1778 torum
297 1745 334 1775 et
360 1748 508 1786 gregum
537 1735 695 1770 omnium
723 1735 873 1770 tutelam
901 1747 981 1770 cum
1009 1734 1067 1769 alii
1094 1740 1202 1769 testes
1222 1741 1377 1782 ueteres,
1408 1741 1484 1771 tum
1504 1747 1590 1784 pro-

150 1801 346 1854 pemodum
373 1799 450 1847 ipse
478 1795 633 1832 Ouidius
659 1796 879 1844 scripserint.
933 1796 1037 1831 Sitne
1063 1795 1100 1830 id
1128 1796 1379 1844 explicandum
1405 1808 1450 1831 ex
1476 1797 1590 1833 ueteri
1646 1811 1651 1816 ’

153 1867 390 1915 paupertate,
427 1858 508 1894 coll.
540 1856 644 1906 Virg.
672 1857 738 1892 ecl.
770 1859 831 1903 10,
860 1859 921 1904 17,
947 1863 985 1893 et
1010 1857 1170 1906 inprimis
1199 1869 1323 1894 uersus
1350 1856 1521 1894 Ouidiani
1546 1861 1587 1906 3,

153 1927 224 1962 191
260 1920 475 1966 emendata,
509 1931 617 1968 quam
651 1917 800 1963 reduxi,
839 1918 1040 1966 scriptura,
1075 1919 1209 1953 nescio.
1261 1918 1352 1954 Illud
1380 1931 1452 1955 non
1479 1920 1589 1956 credo

151 1983 427 2028 admittendum,
454 1980 551 2029 quod
579 1980 792 2016 Clausenius
819 1992 858 2028 p.
879 1982 952 2014 882
978 1980 1045 2015 sibi
1073 1981 1168 2015 uisus
1199 1985 1254 2016 est
1278 1980 1591 2029 animaduertisse,

152 2048 235 2085 ideo
260 2047 353 2083 lacte
379 2051 416 2081 et
442 2043 539 2078 milio
566 2053 642 2078 rem
669 2052 807 2076 sacram
834 2040 936 2088 fieri,
973 2040 1046 2077 Ou.
1075 2054 1110 2078 u.
1129 2042 1218 2087 743,
1246 2043 1335 2089 746,
1356 2042 1446 2091 quia
1471 2043 1590 2079 uituli:

152 2110 222 2145 hoc
247 2107 469 2158 potissimum
496 2115 618 2141 mense
645 2103 874 2139 nascentibus
899 2103 1097 2139 secundum
1124 2102 1324 2139 Palladium
1352 2108 1484 2141 tostum
1508 2115 1589 2140 mo-

154 2170 324 2218 litumque
340 2167 478 2203 milium
505 2177 582 2201 cum
607 2165 697 2201 lacte
723 2166 928 2203 misceatur.
969 2164 1064 2201 Nam
1095 2171 1306 2201 tantumnon
1333 2165 1427 2202 idem
1452 2166 1486 2201 in
1511 2164 1588 2200 aliis

154 2244 299 2281 qnoque
333 2229 442 2266 sacris
472 2234 682 2276 usurpatum
712 2233 785 2268 est,
820 2226 893 2261 uid.
922 2226 1020 2262 Fest.
1049 2238 1085 2275 p.
1110 2228 1198 2272 348,
1229 2228 1275 2262 19
1301 2227 1368 2262 sin.
1417 2224 1589 2261 Refertur

154 2293 223 2329 hoc
248 2294 341 2328 inter
368 2296 599 2338 argumenta,
633 2289 762 2337 quibus
796 2289 970 2337 probetur
1003 2287 1154 2323 nominis
1180 2287 1350 2323 Parilium
1379 2286 1588 2335 originatio-

154 2366 237 2390 nem
265 2365 286 2388 a
312 2352 488 2401 pariendo
515 2351 626 2386 fuisse
648 2357 844 2386 uetustam:
875 2357 1000 2397 estque
1019 2349 1128 2398 paulo
1149 2349 1293 2397 grauius
1312 2347 1468 2397 reliquis,
1494 2358 1590 2397 quae

154 2415 342 2463 nugatoria
368 2420 462 2449 sunt.
516 2412 653 2448 Tibulli
686 2423 828 2448 uersum
855 2410 894 2458 2,
921 2413 958 2457 5,
985 2412 1052 2446 91:
1089 2413 1137 2447 Et
1170 2410 1267 2457 {etuas
1300 2414 1466 2446 niati-ona
1492 2407 1591 2444 dabit

155 2488 228 2512 non
269 2475 468 2510 necessario
501 2480 669 2523 spectare
703 2473 749 2509 ad
783 2473 908 2508 Palilia
943 2472 1064 2508 docuit
1099 2471 1319 2508 Huschkins:
1354 2471 1453 2506 Festi
1489 2471 1590 2506 locus

155 2550 193 2586 p.
210 2536 299 2582 245,
317 2537 481 2571 31—34
508 2536 604 2571 dext.
636 2536 785 2571 licenter
811 2534 999 2583 suppletus
1025 2534 1072 2569 ab
1089 2533 1217 2568 Vrsino
1244 2532 1330 2568 suit:
1358 2531 1479 2568 Ouidii
1508 2543 1590 2566 ner-

154 2598 250 2633 sibus
276 2599 347 2633 771
378 2602 439 2631 aut
467 2596 558 2631 adeo
585 2598 653 2632 791
687 2609 769 2631 usus
798 2608 904 2631 nemo
931 2602 996 2633 est.
1042 2595 1166 2638 Quare
1190 2594 1502 2642 grammaticorum
1529 2592 1590 2629 illa

153 2659 222 2696 fuit
255 2656 397 2708 opinio,
432 2668 539 2706 quam
573 2664 773 2706 sequuntur
799 2657 950 2703 Dionys.
980 2655 1059 2692 Hal.
1089 2659 1125 2703 1,
1152 2657 1216 2702 88,
1241 2668 1278 2704 p.
1298 2657 1388 2702 229,
1419 2657 1456 2702 3,
1493 2653 1587 2690 Mar.

1661 346 1674 372 ιζ·
1664 166 1674 336 «4.ι4.-Ᾰ.,-ν«ν>.
1666 57 1674 146 ..·,...»,ν
1668 37 1673 43 ,
1666 0 1673 26 „A
