<?xml version="1.0" encoding="UTF-8"?>
<!DOCTYPE html PUBLIC "-//W3C//DTD XHTML 1.0 Transitional//EN"
    "http://www.w3.org/TR/xhtml1/DTD/xhtml1-transitional.dtd">
<html xmlns="http://www.w3.org/1999/xhtml" xml:lang="en" lang="en">
 <head>
  <title>
</title>
<meta http-equiv="Content-Type" content="text/html;charset=utf-8" />
  <meta name='ocr-system' content='tesseract 3.04.00' />
  <meta name='ocr-capabilities' content='ocr_page ocr_carea ocr_par ocr_line ocrx_word'/>
</head>
<body>
  <div class='ocr_page' id='page_1' title='image "./fastorumlibrisex00oviduoft_0254.png"; bbox 0 0 1685 2954; ppageno 0'>
   <div class='ocr_carea' id='block_1_1' title="bbox 104 43 1017 83">
    <p class='ocr_par' dir='ltr' id='par_1_1' title="bbox 104 43 1017 83">
     <span class='ocr_line' id='line_1_1' title="bbox 104 43 1017 83; baseline -0.004 -4"><span class='ocrx_word' id='word_1_1' title='bbox 104 46 264 83; x_wconf 66' lang='lat' dir='ltr'>cmv}</span> <span class='ocrx_word' id='word_1_2' title='bbox 631 43 840 76; x_wconf 73' lang='lat' dir='ltr'>VARRONIS</span> <span class='ocrx_word' id='word_1_3' title='bbox 868 45 1017 76; x_wconf 74' lang='lat' dir='ltr'>RERVM</span> 
     </span>
    </p>
   </div>
   <div class='ocr_carea' id='block_1_2' title="bbox 103 143 1561 1789">
    <p class='ocr_par' dir='ltr' id='par_1_2' title="bbox 103 143 1561 1789">
     <span class='ocr_line' id='line_1_2' title="bbox 104 143 1542 197; baseline -0.002 -13"><span class='ocrx_word' id='word_1_4' title='bbox 104 145 238 185; x_wconf 84' lang='lat' dir='ltr'>deinde</span> <span class='ocrx_word' id='word_1_5' title='bbox 261 152 317 185; x_wconf 88' lang='lat' dir='ltr'>est</span> <span class='ocrx_word' id='word_1_6' title='bbox 342 144 441 195; x_wconf 88' lang='lat' dir='ltr'>qnod</span> <span class='ocrx_word' id='word_1_7' title='bbox 467 145 504 182; x_wconf 88' lang='lat' dir='ltr'>in</span> <span class='ocrx_word' id='word_1_8' title='bbox 530 146 696 183; x_wconf 86' lang='lat' dir='ltr'>omnibus</span> <span class='ocrx_word' id='word_1_9' title='bbox 720 157 838 197; x_wconf 85' lang='lat' dir='ltr'>prope</span> <span class='ocrx_word' id='word_1_10' title='bbox 871 145 947 183; x_wconf 83' lang='lat' dir='ltr'>deis</span> <span class='ocrx_word' id='word_1_11' title='bbox 978 145 1137 183; x_wconf 72' lang='lat' dir='ltr'>selectist</span> <span class='ocrx_word' id='word_1_12' title='bbox 1176 143 1347 194; x_wconf 88' lang='lat' dir='ltr'>quicquid</span> <span class='ocrx_word' id='word_1_13' title='bbox 1374 144 1542 194; x_wconf 83' lang='lat' dir='ltr'>pristino·</span> 
     </span>
     <span class='ocr_line' id='line_1_3' title="bbox 104 202 1543 258; baseline -0.002 -13"><span class='ocrx_word' id='word_1_14' title='bbox 104 220 185 245; x_wconf 87' lang='lat' dir='ltr'>rum</span> <span class='ocrx_word' id='word_1_15' title='bbox 210 208 429 245; x_wconf 88' lang='lat' dir='ltr'>minutorum</span> <span class='ocrx_word' id='word_1_16' title='bbox 455 206 605 244; x_wconf 90' lang='lat' dir='ltr'>deorum</span> <span class='ocrx_word' id='word_1_17' title='bbox 637 202 773 258; x_wconf 73' lang='lat' dir='ltr'>potuit,</span> <span class='ocrx_word' id='word_1_18' title='bbox 808 208 1000 245; x_wconf 88' lang='lat' dir='ltr'>conflatum</span> <span class='ocrx_word' id='word_1_19' title='bbox 1033 214 1088 244; x_wconf 87' lang='lat' dir='ltr'>est</span> <span class='ocrx_word' id='word_1_20' title='bbox 1120 219 1200 243; x_wconf 89' lang='lat' dir='ltr'>cum</span> <span class='ocrx_word' id='word_1_21' title='bbox 1234 206 1439 253; x_wconf 78' lang='lat' dir='ltr'>illustriori,</span> <span class='ocrx_word' id='word_1_22' title='bbox 1472 206 1543 243; x_wconf 84' lang='lat' dir='ltr'>alia</span> 
     </span>
     <span class='ocr_line' id='line_1_4' title="bbox 103 266 1544 317; baseline -0.003 -11"><span class='ocrx_word' id='word_1_23' title='bbox 103 268 235 306; x_wconf 84' lang='lat' dir='ltr'>deinde</span> <span class='ocrx_word' id='word_1_24' title='bbox 270 268 484 316; x_wconf 87' lang='lat' dir='ltr'>cognomina</span> <span class='ocrx_word' id='word_1_25' title='bbox 521 270 625 305; x_wconf 88' lang='lat' dir='ltr'>nouis</span> <span class='ocrx_word' id='word_1_26' title='bbox 664 269 948 306; x_wconf 80' lang='lat' dir='ltr'>dedicationibus</span> <span class='ocrx_word' id='word_1_27' title='bbox 983 276 1067 306; x_wconf 82' lang='lat' dir='ltr'>sunt</span> <span class='ocrx_word' id='word_1_28' title='bbox 1103 269 1323 317; x_wconf 78' lang='lat' dir='ltr'>excogitata.</span> <span class='ocrx_word' id='word_1_29' title='bbox 1381 266 1544 303; x_wconf 89' lang='lat' dir='ltr'>Murciae</span> 
     </span>
     <span class='ocr_line' id='line_1_5' title="bbox 105 328 1544 380; baseline -0.003 -13"><span class='ocrx_word' id='word_1_30' title='bbox 105 336 285 367; x_wconf 89' lang='lat' dir='ltr'>uetustum</span> <span class='ocrx_word' id='word_1_31' title='bbox 313 328 461 377; x_wconf 80' lang='lat' dir='ltr'>sanum,</span> <span class='ocrx_word' id='word_1_32' title='bbox 489 328 536 366; x_wconf 90' lang='lat' dir='ltr'>de</span> <span class='ocrx_word' id='word_1_33' title='bbox 561 343 633 378; x_wconf 89' lang='lat' dir='ltr'>quo</span> <span class='ocrx_word' id='word_1_34' title='bbox 662 330 744 367; x_wconf 87' lang='lat' dir='ltr'>uide</span> <span class='ocrx_word' id='word_1_35' title='bbox 769 343 879 380; x_wconf 89' lang='lat' dir='ltr'>supra</span> <span class='ocrx_word' id='word_1_36' title='bbox 906 343 1190 380; x_wconf 73' lang='lat' dir='ltr'>p.c1.xxxvn,</span> <span class='ocrx_word' id='word_1_37' title='bbox 1220 330 1390 366; x_wconf 87' lang='lat' dir='ltr'><strong>Clausen.</strong></span> <span class='ocrx_word' id='word_1_38' title='bbox 1418 340 1456 376; x_wconf 89' lang='lat' dir='ltr'>p.</span> <span class='ocrx_word' id='word_1_39' title='bbox 1470 329 1544 363; x_wconf 78' lang='lat'>733</span> 
     </span>
     <span class='ocr_line' id='line_1_6' title="bbox 104 387 1545 440; baseline -0.002 -13"><span class='ocrx_word' id='word_1_40' title='bbox 104 403 190 429; x_wconf 83' lang='lat' dir='ltr'>ann.</span> <span class='ocrx_word' id='word_1_41' title='bbox 208 391 321 437; x_wconf 80' lang='lat'>1343,</span> <span class='ocrx_word' id='word_1_42' title='bbox 345 390 481 427; x_wconf 84' lang='lat' dir='ltr'>factum</span> <span class='ocrx_word' id='word_1_43' title='bbox 510 397 564 428; x_wconf 90' lang='lat' dir='ltr'>est</span> <span class='ocrx_word' id='word_1_44' title='bbox 582 392 732 429; x_wconf 87' lang='lat' dir='ltr'>Veneris</span> <span class='ocrx_word' id='word_1_45' title='bbox 753 391 937 440; x_wconf 84' lang='lat' dir='ltr'>Myrteae:</span> <span class='ocrx_word' id='word_1_46' title='bbox 965 392 1151 439; x_wconf 90' lang='lat' dir='ltr'>Cloacina,</span> <span class='ocrx_word' id='word_1_47' title='bbox 1180 391 1251 427; x_wconf 91' lang='lat' dir='ltr'>uid.</span> <span class='ocrx_word' id='word_1_48' title='bbox 1278 401 1389 439; x_wconf 89' lang='lat' dir='ltr'>supra</span> <span class='ocrx_word' id='word_1_49' title='bbox 1409 389 1434 425; x_wconf 88' lang='lat' dir='ltr'>l.</span> <span class='ocrx_word' id='word_1_50' title='bbox 1453 387 1545 436; x_wconf 64' lang='lat' dir='ltr'>ind„</span> 
     </span>
     <span class='ocr_line' id='line_1_7' title="bbox 104 450 1548 503; baseline -0.003 -14"><span class='ocrx_word' id='word_1_51' title='bbox 104 451 230 489; x_wconf 88' lang='lat' dir='ltr'>Venus</span> <span class='ocrx_word' id='word_1_52' title='bbox 257 451 446 500; x_wconf 88' lang='lat' dir='ltr'>Cloacina,</span> <span class='ocrx_word' id='word_1_53' title='bbox 477 453 600 490; x_wconf 86' lang='lat' dir='ltr'>Claus.</span> <span class='ocrx_word' id='word_1_54' title='bbox 627 466 664 503; x_wconf 89' lang='lat' dir='ltr'>p.</span> <span class='ocrx_word' id='word_1_55' title='bbox 682 455 755 490; x_wconf 80' lang='lat'>736</span> <span class='ocrx_word' id='word_1_56' title='bbox 781 465 866 489; x_wconf 91' lang='lat' dir='ltr'>ann.</span> <span class='ocrx_word' id='word_1_57' title='bbox 886 455 1003 489; x_wconf 83' lang='lat'>1347:</span> <span class='ocrx_word' id='word_1_58' title='bbox 1031 453 1115 489; x_wconf 89' lang='lat' dir='ltr'>diua</span> <span class='ocrx_word' id='word_1_59' title='bbox 1143 453 1322 498; x_wconf 90' lang='lat' dir='ltr'>Libentia‚</span> <span class='ocrx_word' id='word_1_60' title='bbox 1351 450 1486 486; x_wconf 89' lang='lat' dir='ltr'>Arnob.</span> <span class='ocrx_word' id='word_1_61' title='bbox 1507 451 1548 497; x_wconf 88' lang='lat'>4,</span> 
     </span>
     <span class='ocr_line' id='line_1_8' title="bbox 105 513 1548 562; baseline -0.001 -13"><span class='ocrx_word' id='word_1_62' title='bbox 105 514 145 559; x_wconf 85' lang='grc'>9,</span> <span class='ocrx_word' id='word_1_63' title='bbox 171 513 294 550; x_wconf 90' lang='lat' dir='ltr'>Venus</span> <span class='ocrx_word' id='word_1_64' title='bbox 320 513 527 562; x_wconf 89' lang='lat' dir='ltr'>Libentina,</span> <span class='ocrx_word' id='word_1_65' title='bbox 555 515 672 551; x_wconf 85' lang='lat' dir='ltr'>Varro</span> <span class='ocrx_word' id='word_1_66' title='bbox 700 514 746 550; x_wconf 91' lang='lat' dir='ltr'>de</span> <span class='ocrx_word' id='word_1_67' title='bbox 772 514 796 549; x_wconf 92' lang='lat' dir='ltr'>l.</span> <span class='ocrx_word' id='word_1_68' title='bbox 823 514 847 550; x_wconf 92' lang='lat' dir='ltr'>l.</span> <span class='ocrx_word' id='word_1_69' title='bbox 876 516 914 560; x_wconf 90' lang='grc'>6,</span> <span class='ocrx_word' id='word_1_70' title='bbox 934 517 997 561; x_wconf 86' lang='grc'>47,</span> <span class='ocrx_word' id='word_1_71' title='bbox 1025 514 1133 550; x_wconf 88' lang='lat' dir='ltr'>Seru.</span> <span class='ocrx_word' id='word_1_72' title='bbox 1161 516 1250 551; x_wconf 89' lang='lat' dir='ltr'>Aen.</span> <span class='ocrx_word' id='word_1_73' title='bbox 1280 517 1317 561; x_wconf 89' lang='lat' dir='ltr'>l,</span> <span class='ocrx_word' id='word_1_74' title='bbox 1334 515 1424 560; x_wconf 89' lang='lat'>720,</span> <span class='ocrx_word' id='word_1_75' title='bbox 1452 522 1548 561; x_wconf 90' lang='lat' dir='ltr'>quae</span> 
     </span>
     <span class='ocr_line' id='line_1_9' title="bbox 105 573 1547 624; baseline -0.001 -14"><span class='ocrx_word' id='word_1_76' title='bbox 105 573 239 611; x_wconf 88' lang='lat' dir='ltr'>deinde</span> <span class='ocrx_word' id='word_1_77' title='bbox 274 574 424 611; x_wconf 78' lang='lat' dir='ltr'>confusa</span> <span class='ocrx_word' id='word_1_78' title='bbox 459 583 514 612; x_wconf 89' lang='lat' dir='ltr'>est</span> <span class='ocrx_word' id='word_1_79' title='bbox 540 589 620 612; x_wconf 88' lang='lat' dir='ltr'>cum</span> <span class='ocrx_word' id='word_1_80' title='bbox 648 575 831 622; x_wconf 83' lang='lat' dir='ltr'>Libitina,</span> <span class='ocrx_word' id='word_1_81' title='bbox 867 576 1004 623; x_wconf 83' lang='lat' dir='ltr'>magis,</span> <span class='ocrx_word' id='word_1_82' title='bbox 1040 582 1079 611; x_wconf 90' lang='lat' dir='ltr'>ut</span> <span class='ocrx_word' id='word_1_83' title='bbox 1113 582 1225 624; x_wconf 86' lang='lat' dir='ltr'>puto,</span> <span class='ocrx_word' id='word_1_84' title='bbox 1259 587 1281 612; x_wconf 90' lang='lat' dir='ltr'>a</span> <span class='ocrx_word' id='word_1_85' title='bbox 1315 573 1429 610; x_wconf 88' lang='lat' dir='ltr'>doctis</span> <span class='ocrx_word' id='word_1_86' title='bbox 1461 573 1547 609; x_wconf 85' lang='lat' dir='ltr'>uiris</span> 
     </span>
     <span class='ocr_line' id='line_1_10' title="bbox 104 635 1548 687; baseline -0.002 -14"><span class='ocrx_word' id='word_1_87' title='bbox 104 643 257 686; x_wconf 84' lang='lat' dir='ltr'>propter</span> <span class='ocrx_word' id='word_1_88' title='bbox 282 648 342 684; x_wconf 89' lang='lat' dir='ltr'>ea,</span> <span class='ocrx_word' id='word_1_89' title='bbox 366 649 461 686; x_wconf 89' lang='lat' dir='ltr'>quae</span> <span class='ocrx_word' id='word_1_90' title='bbox 486 637 720 687; x_wconf 81' lang='lat' dir='ltr'>proferuntur</span> <span class='ocrx_word' id='word_1_91' title='bbox 739 646 760 671; x_wconf 91' lang='lat' dir='ltr'>a</span> <span class='ocrx_word' id='word_1_92' title='bbox 778 635 970 671; x_wconf 86' lang='lat' dir='ltr'>Clausenio</span> <span class='ocrx_word' id='word_1_93' title='bbox 996 647 1034 684; x_wconf 89' lang='lat' dir='ltr'>p.</span> <span class='ocrx_word' id='word_1_94' title='bbox 1049 638 1137 684; x_wconf 86' lang='lat'>499,</span> <span class='ocrx_word' id='word_1_95' title='bbox 1157 638 1230 672; x_wconf 81' lang='lat'>502</span> <span class='ocrx_word' id='word_1_96' title='bbox 1259 635 1425 681; x_wconf 87' lang='lat' dir='ltr'>(mirifice</span> <span class='ocrx_word' id='word_1_97' title='bbox 1450 635 1548 671; x_wconf 88' lang='lat' dir='ltr'>enim</span> 
     </span>
     <span class='ocr_line' id='line_1_11' title="bbox 106 691 1549 751; baseline -0.003 -17"><span class='ocrx_word' id='word_1_98' title='bbox 106 709 203 747; x_wconf 84' lang='lat' dir='ltr'>quae</span> <span class='ocrx_word' id='word_1_99' title='bbox 228 697 275 735; x_wconf 90' lang='lat' dir='ltr'>de</span> <span class='ocrx_word' id='word_1_100' title='bbox 300 694 486 751; x_wconf 67' lang='grc' dir='ltr'>Κυθήρᾳ</span> <span class='ocrx_word' id='word_1_101' title='bbox 510 693 789 748; x_wconf 71' lang='grc' dir='ltr'><strong><em>Πασιφαίσσᾳ</em></strong></span> <span class='ocrx_word' id='word_1_102' title='bbox 815 701 852 732; x_wconf 88' lang='lat' dir='ltr'>et</span> <span class='ocrx_word' id='word_1_103' title='bbox 881 691 1183 748; x_wconf 76' lang='grc' dir='ltr'><em>Φερσεφαάσσᾳ</em></span> <span class='ocrx_word' id='word_1_104' title='bbox 1216 703 1436 733; x_wconf 84' lang='lat' dir='ltr'>annotantur</span> <span class='ocrx_word' id='word_1_105' title='bbox 1461 707 1549 731; x_wconf 91' lang='lat' dir='ltr'>con-</span> 
     </span>
     <span class='ocr_line' id='line_1_12' title="bbox 106 754 1550 809; baseline -0.003 -15"><span class='ocrx_word' id='word_1_106' title='bbox 106 759 260 796; x_wconf 88' lang='lat' dir='ltr'>ueniunt</span> <span class='ocrx_word' id='word_1_107' title='bbox 294 772 374 796; x_wconf 91' lang='lat' dir='ltr'>cum</span> <span class='ocrx_word' id='word_1_108' title='bbox 408 771 452 796; x_wconf 93' lang='lat' dir='ltr'>eo</span> <span class='ocrx_word' id='word_1_109' title='bbox 489 760 587 809; x_wconf 91' lang='lat' dir='ltr'>quod</span> <span class='ocrx_word' id='word_1_110' title='bbox 624 765 677 795; x_wconf 92' lang='lat' dir='ltr'>est</span> <span class='ocrx_word' id='word_1_111' title='bbox 704 756 803 807; x_wconf 89' lang='lat' dir='ltr'>apud</span> <span class='ocrx_word' id='word_1_112' title='bbox 833 755 1035 794; x_wconf 88' lang='lat' dir='ltr'>Varronem</span> <span class='ocrx_word' id='word_1_113' title='bbox 1064 757 1110 793; x_wconf 91' lang='lat' dir='ltr'>de</span> <span class='ocrx_word' id='word_1_114' title='bbox 1136 758 1161 794; x_wconf 89' lang='lat' dir='ltr'>l.</span> <span class='ocrx_word' id='word_1_115' title='bbox 1189 758 1214 793; x_wconf 91' lang='lat' dir='ltr'>l.</span> <span class='ocrx_word' id='word_1_116' title='bbox 1242 756 1288 792; x_wconf 91' lang='lat' dir='ltr'>de</span> <span class='ocrx_word' id='word_1_117' title='bbox 1314 757 1431 792; x_wconf 86' lang='lat' dir='ltr'>Diana</span> <span class='ocrx_word' id='word_1_118' title='bbox 1457 754 1550 791; x_wconf 89' lang='lat' dir='ltr'>Pro-</span> 
     </span>
     <span class='ocr_line' id='line_1_13' title="bbox 106 817 1550 870; baseline -0.002 -15"><span class='ocrx_word' id='word_1_119' title='bbox 106 820 292 869; x_wconf 88' lang='lat' dir='ltr'>serpina),</span> <span class='ocrx_word' id='word_1_120' title='bbox 325 834 432 870; x_wconf 88' lang='lat' dir='ltr'>quam</span> <span class='ocrx_word' id='word_1_121' title='bbox 467 833 488 857; x_wconf 87' lang='lat' dir='ltr'>a</span> <span class='ocrx_word' id='word_1_122' title='bbox 522 820 659 870; x_wconf 87' lang='lat' dir='ltr'>populo</span> <span class='ocrx_word' id='word_1_123' title='bbox 695 825 848 869; x_wconf 88' lang='lat' dir='ltr'>propter</span> <span class='ocrx_word' id='word_1_124' title='bbox 881 821 1038 867; x_wconf 83' lang='lat' dir='ltr'>argutias</span> <span class='ocrx_word' id='word_1_125' title='bbox 1070 817 1148 854; x_wconf 88' lang='lat' dir='ltr'>illas</span> <span class='ocrx_word' id='word_1_126' title='bbox 1173 830 1210 867; x_wconf 87' lang='lat' dir='ltr'>p.</span> <span class='ocrx_word' id='word_1_127' title='bbox 1227 819 1315 854; x_wconf 78' lang='lat'>752.</span> <span class='ocrx_word' id='word_1_128' title='bbox 1369 817 1550 853; x_wconf 83' lang='lat' dir='ltr'>Venerem</span> 
     </span>
     <span class='ocr_line' id='line_1_14' title="bbox 107 877 1552 931; baseline -0.003 -13"><span class='ocrx_word' id='word_1_129' title='bbox 107 879 380 931; x_wconf 86' lang='lat' dir='ltr'>Obsequentem</span> <span class='ocrx_word' id='word_1_130' title='bbox 407 883 511 919; x_wconf 86' lang='lat' dir='ltr'>Fabii</span> <span class='ocrx_word' id='word_1_131' title='bbox 537 882 699 930; x_wconf 82' lang='lat' dir='ltr'>Gurgitis</span> <span class='ocrx_word' id='word_1_132' title='bbox 727 881 875 917; x_wconf 85' lang='lat' dir='ltr'>Seruius</span> <span class='ocrx_word' id='word_1_133' title='bbox 901 879 948 915; x_wconf 91' lang='lat' dir='ltr'>ad</span> <span class='ocrx_word' id='word_1_134' title='bbox 976 881 1066 915; x_wconf 88' lang='lat' dir='ltr'>Aen.</span> <span class='ocrx_word' id='word_1_135' title='bbox 1095 882 1132 926; x_wconf 91' lang='lat' dir='ltr'>l,</span> <span class='ocrx_word' id='word_1_136' title='bbox 1152 880 1228 914; x_wconf 91' lang='lat'>720</span> <span class='ocrx_word' id='word_1_137' title='bbox 1253 878 1371 927; x_wconf 86' lang='lat' dir='ltr'>prisco</span> <span class='ocrx_word' id='word_1_138' title='bbox 1405 877 1552 914; x_wconf 83' lang='lat' dir='ltr'>nomine</span> 
     </span>
     <span class='ocr_line' id='line_1_15' title="bbox 107 938 1552 992; baseline -0.001 -14"><span class='ocrx_word' id='word_1_139' title='bbox 107 941 229 979; x_wconf 86' lang='lat' dir='ltr'>diuam</span> <span class='ocrx_word' id='word_1_140' title='bbox 260 943 472 980; x_wconf 86' lang='lat' dir='ltr'>Postuotam</span> <span class='ocrx_word' id='word_1_141' title='bbox 508 949 753 992; x_wconf 81' lang='lat' dir='ltr'>nuncupatam</span> <span class='ocrx_word' id='word_1_142' title='bbox 787 941 931 978; x_wconf 81' lang='lat' dir='ltr'>tradere</span> <span class='ocrx_word' id='word_1_143' title='bbox 966 941 1130 977; x_wconf 84' lang='lat' dir='ltr'>uidetur:</span> <span class='ocrx_word' id='word_1_144' title='bbox 1170 939 1386 975; x_wconf 85' lang='lat' dir='ltr'>Plutarchus</span> <span class='ocrx_word' id='word_1_145' title='bbox 1421 938 1552 988; x_wconf 73' lang='lat' dir='ltr'>parall-</span> 
     </span>
     <span class='ocr_line' id='line_1_16' title="bbox 108 999 1553 1054; baseline -0.003 -14"><span class='ocrx_word' id='word_1_146' title='bbox 108 1006 208 1041; x_wconf 85' lang='lat' dir='ltr'>c.37</span> <span class='ocrx_word' id='word_1_147' title='bbox 233 999 452 1054; x_wconf 76' lang='grc' dir='ltr'><strong><em>νικηφόρον</em></strong></span> <span class='ocrx_word' id='word_1_148' title='bbox 471 999 714 1053; x_wconf 74' lang='grc' dir='ltr'><strong><em>Ἀφροδίτην</em></strong></span> <span class='ocrx_word' id='word_1_149' title='bbox 747 1003 921 1053; x_wconf 86' lang='lat' dir='ltr'>appellat.</span> <span class='ocrx_word' id='word_1_150' title='bbox 975 1003 1188 1050; x_wconf 81' lang='lat' dir='ltr'>Cognomen</span> <span class='ocrx_word' id='word_1_151' title='bbox 1222 1001 1374 1050; x_wconf 87' lang='lat' dir='ltr'>posthac</span> <span class='ocrx_word' id='word_1_152' title='bbox 1405 1000 1553 1049; x_wconf 90' lang='lat' dir='ltr'>imposi-</span> 
     </span>
     <span class='ocr_line' id='line_1_17' title="bbox 107 1061 1553 1115; baseline -0.004 -12"><span class='ocrx_word' id='word_1_153' title='bbox 107 1071 186 1103; x_wconf 82' lang='lat' dir='ltr'>tum</span> <span class='ocrx_word' id='word_1_154' title='bbox 213 1065 283 1103; x_wconf 88' lang='lat' dir='ltr'>suit</span> <span class='ocrx_word' id='word_1_155' title='bbox 307 1064 580 1113; x_wconf 86' lang='lat' dir='ltr'>Verticordiae,</span> <span class='ocrx_word' id='word_1_156' title='bbox 616 1064 662 1102; x_wconf 89' lang='lat' dir='ltr'>de</span> <span class='ocrx_word' id='word_1_157' title='bbox 697 1077 769 1115; x_wconf 92' lang='lat' dir='ltr'>quo</span> <span class='ocrx_word' id='word_1_158' title='bbox 795 1075 906 1113; x_wconf 88' lang='lat' dir='ltr'>supra</span> <span class='ocrx_word' id='word_1_159' title='bbox 932 1076 970 1112; x_wconf 87' lang='lat' dir='ltr'>p.</span> <span class='ocrx_word' id='word_1_160' title='bbox 988 1075 1178 1099; x_wconf 77' lang='lat' dir='ltr'>cxxxvu</span> <span class='ocrx_word' id='word_1_161' title='bbox 1205 1062 1306 1098; x_wconf 90' lang='lat' dir='ltr'>dictis</span> <span class='ocrx_word' id='word_1_162' title='bbox 1333 1061 1427 1098; x_wconf 91' lang='lat' dir='ltr'>adde</span> <span class='ocrx_word' id='word_1_163' title='bbox 1452 1062 1553 1098; x_wconf 87' lang='lat' dir='ltr'>testi-</span> 
     </span>
     <span class='ocr_line' id='line_1_18' title="bbox 108 1122 1555 1174; baseline -0.004 -9"><span class='ocrx_word' id='word_1_164' title='bbox 108 1128 269 1165; x_wconf 85' lang='lat' dir='ltr'>monium</span> <span class='ocrx_word' id='word_1_165' title='bbox 296 1127 416 1165; x_wconf 90' lang='lat' dir='ltr'>Seruii</span> <span class='ocrx_word' id='word_1_166' title='bbox 441 1129 532 1164; x_wconf 91' lang='lat' dir='ltr'>Aen.</span> <span class='ocrx_word' id='word_1_167' title='bbox 560 1129 600 1174; x_wconf 92' lang='lat'>8,</span> <span class='ocrx_word' id='word_1_168' title='bbox 619 1128 710 1163; x_wconf 76' lang='lat'><strong>636:</strong></span> <span class='ocrx_word' id='word_1_169' title='bbox 750 1125 815 1163; x_wconf 77' lang='lat' dir='ltr'>alii</span> <span class='ocrx_word' id='word_1_170' title='bbox 849 1123 942 1174; x_wconf 78' lang='lat' dir='ltr'>quod</span> <span class='ocrx_word' id='word_1_171' title='bbox 972 1124 1104 1170; x_wconf 77' lang='lat' dir='ltr'>fanum</span> <span class='ocrx_word' id='word_1_172' title='bbox 1135 1125 1281 1160; x_wconf 60' lang='lat' dir='ltr'>Veneris</span> <span class='ocrx_word' id='word_1_173' title='bbox 1309 1122 1555 1160; x_wconf 75' lang='lat' dir='ltr'>Verticordiae</span> 
     </span>
     <span class='ocr_line' id='line_1_19' title="bbox 110 1184 1555 1238; baseline -0.004 -12"><span class='ocrx_word' id='word_1_174' title='bbox 110 1187 163 1226; x_wconf 64' lang='lat' dir='ltr'>ibi</span> <span class='ocrx_word' id='word_1_175' title='bbox 185 1188 315 1235; x_wconf 76' lang='lat' dir='ltr'>fuerit,</span> <span class='ocrx_word' id='word_1_176' title='bbox 349 1191 446 1226; x_wconf 82' lang='lat' dir='ltr'>circa</span> <span class='ocrx_word' id='word_1_177' title='bbox 474 1188 568 1238; x_wconf 79' lang='lat' dir='ltr'>quod</span> <span class='ocrx_word' id='word_1_178' title='bbox 593 1200 719 1225; x_wconf 74' lang='lat' dir='ltr'>nemus</span> <span class='ocrx_word' id='word_1_179' title='bbox 743 1199 762 1224; x_wconf 81' lang='lat' dir='ltr'>e</span> <span class='ocrx_word' id='word_1_180' title='bbox 787 1188 950 1223; x_wconf 69' lang='lat' dir='ltr'>nittrtetis</span> <span class='ocrx_word' id='word_1_181' title='bbox 974 1185 1124 1232; x_wconf 76' lang='lat' dir='ltr'>fuisset,</span> <span class='ocrx_word' id='word_1_182' title='bbox 1157 1185 1238 1222; x_wconf 75' lang='lat' dir='ltr'>inde</span> <span class='ocrx_word' id='word_1_183' title='bbox 1263 1189 1408 1221; x_wconf 80' lang='lat' dir='ltr'>mutata</span> <span class='ocrx_word' id='word_1_184' title='bbox 1431 1184 1555 1221; x_wconf 76' lang='lat' dir='ltr'>littera</span> 
     </span>
     <span class='ocr_line' id='line_1_20' title="bbox 109 1245 1555 1300; baseline -0.004 -13"><span class='ocrx_word' id='word_1_185' title='bbox 109 1252 299 1288; x_wconf 70' lang='lat' dir='ltr'>Murciam</span> <span class='ocrx_word' id='word_1_186' title='bbox 324 1250 558 1300; x_wconf 80' lang='lat' dir='ltr'>appellatam.</span> <span class='ocrx_word' id='word_1_187' title='bbox 612 1249 817 1286; x_wconf 84' lang='lat' dir='ltr'>Clarissima</span> <span class='ocrx_word' id='word_1_188' title='bbox 842 1248 990 1284; x_wconf 81' lang='lat' dir='ltr'>fuerunt</span> <span class='ocrx_word' id='word_1_189' title='bbox 1012 1248 1174 1283; x_wconf 85' lang='lat' dir='ltr'>Victricis</span> <span class='ocrx_word' id='word_1_190' title='bbox 1202 1254 1239 1283; x_wconf 91' lang='lat' dir='ltr'>et</span> <span class='ocrx_word' id='word_1_191' title='bbox 1266 1246 1481 1292; x_wconf 89' lang='lat' dir='ltr'>Genetricis,</span> <span class='ocrx_word' id='word_1_192' title='bbox 1507 1245 1555 1282; x_wconf 93' lang='lat' dir='ltr'>de</span> 
     </span>
     <span class='ocr_line' id='line_1_21' title="bbox 111 1307 1554 1362; baseline -0.003 -13"><span class='ocrx_word' id='word_1_193' title='bbox 111 1313 242 1362; x_wconf 89' lang='lat' dir='ltr'>quibus</span> <span class='ocrx_word' id='word_1_194' title='bbox 275 1312 358 1349; x_wconf 93' lang='lat' dir='ltr'>uide</span> <span class='ocrx_word' id='word_1_195' title='bbox 385 1312 558 1349; x_wconf 88' lang='lat' dir='ltr'>Clausen.</span> <span class='ocrx_word' id='word_1_196' title='bbox 583 1324 620 1361; x_wconf 93' lang='lat' dir='ltr'>p.</span> <span class='ocrx_word' id='word_1_197' title='bbox 638 1313 724 1347; x_wconf 84' lang='lat'>731.</span> <span class='ocrx_word' id='word_1_198' title='bbox 776 1309 978 1358; x_wconf 85' lang='lat' dir='ltr'>Vtramque</span> <span class='ocrx_word' id='word_1_199' title='bbox 1006 1309 1142 1344; x_wconf 83' lang='lat' dir='ltr'>Caesar</span> <span class='ocrx_word' id='word_1_200' title='bbox 1176 1307 1330 1344; x_wconf 87' lang='lat' dir='ltr'>dictator</span> <span class='ocrx_word' id='word_1_201' title='bbox 1359 1307 1554 1344; x_wconf 88' lang='lat' dir='ltr'>dedicauit.</span> 
     </span>
     <span class='ocr_line' id='line_1_22' title="bbox 109 1367 1555 1419; baseline -0.003 -10"><span class='ocrx_word' id='word_1_202' title='bbox 109 1372 216 1410; x_wconf 83' lang='lat' dir='ltr'>Prior</span> <span class='ocrx_word' id='word_1_203' title='bbox 239 1373 275 1410; x_wconf 90' lang='lat' dir='ltr'>in</span> <span class='ocrx_word' id='word_1_204' title='bbox 302 1374 417 1409; x_wconf 87' lang='lat' dir='ltr'>numis</span> <span class='ocrx_word' id='word_1_205' title='bbox 445 1373 616 1410; x_wconf 85' lang='lat' dir='ltr'>Iuliorum</span> <span class='ocrx_word' id='word_1_206' title='bbox 647 1371 780 1408; x_wconf 86' lang='lat' dir='ltr'>saeculi</span> <span class='ocrx_word' id='word_1_207' title='bbox 812 1370 952 1419; x_wconf 85' lang='lat' dir='ltr'>septimi</span> <span class='ocrx_word' id='word_1_208' title='bbox 986 1369 1292 1419; x_wconf 84' lang='lat' dir='ltr'>deprehenditur,</span> <span class='ocrx_word' id='word_1_209' title='bbox 1329 1368 1401 1404; x_wconf 90' lang='lat' dir='ltr'>uid.</span> <span class='ocrx_word' id='word_1_210' title='bbox 1429 1367 1555 1405; x_wconf 79' lang='lat' dir='ltr'>Claus-</span> 
     </span>
     <span class='ocr_line' id='line_1_23' title="bbox 110 1428 1557 1486; baseline -0.006 -14"><span class='ocrx_word' id='word_1_211' title='bbox 110 1437 253 1486; x_wconf 83' lang='lat' dir='ltr'>p.731,</span> <span class='ocrx_word' id='word_1_212' title='bbox 270 1436 389 1472; x_wconf 83' lang='lat'>1068:</span> <span class='ocrx_word' id='word_1_213' title='bbox 422 1435 566 1484; x_wconf 85' lang='lat' dir='ltr'>publice</span> <span class='ocrx_word' id='word_1_214' title='bbox 591 1440 839 1470; x_wconf 88' lang='lat' dir='ltr'>consecratam</span> <span class='ocrx_word' id='word_1_215' title='bbox 867 1432 951 1467; x_wconf 88' lang='lat' dir='ltr'>olim</span> <span class='ocrx_word' id='word_1_216' title='bbox 977 1430 1086 1467; x_wconf 86' lang='lat' dir='ltr'>fuisse</span> <span class='ocrx_word' id='word_1_217' title='bbox 1113 1442 1231 1480; x_wconf 91' lang='lat' dir='ltr'>neque</span> <span class='ocrx_word' id='word_1_218' title='bbox 1257 1428 1430 1466; x_wconf 87' lang='lat' dir='ltr'>Varronis</span> <span class='ocrx_word' id='word_1_219' title='bbox 1455 1428 1557 1465; x_wconf 87' lang='lat' dir='ltr'>locus</span> 
     </span>
     <span class='ocr_line' id='line_1_24' title="bbox 112 1490 1557 1544; baseline -0.006 -11"><span class='ocrx_word' id='word_1_220' title='bbox 112 1496 211 1533; x_wconf 87' lang='lat' dir='ltr'>del.</span> <span class='ocrx_word' id='word_1_221' title='bbox 237 1496 261 1533; x_wconf 94' lang='grc'>1.</span> <span class='ocrx_word' id='word_1_222' title='bbox 289 1497 327 1544; x_wconf 88' lang='grc'>5,</span> <span class='ocrx_word' id='word_1_223' title='bbox 349 1498 399 1532; x_wconf 88' lang='grc'>62</span> <span class='ocrx_word' id='word_1_224' title='bbox 432 1508 477 1532; x_wconf 86' lang='lat' dir='ltr'>ex</span> <span class='ocrx_word' id='word_1_225' title='bbox 511 1494 722 1542; x_wconf 88' lang='lat' dir='ltr'>comoedia,</span> <span class='ocrx_word' id='word_1_226' title='bbox 757 1495 857 1530; x_wconf 91' lang='lat' dir='ltr'>cuius</span> <span class='ocrx_word' id='word_1_227' title='bbox 891 1492 1046 1529; x_wconf 82' lang='lat' dir='ltr'>sortasse</span> <span class='ocrx_word' id='word_1_228' title='bbox 1080 1493 1205 1529; x_wconf 86' lang='lat' dir='ltr'>sabula</span> <span class='ocrx_word' id='word_1_229' title='bbox 1239 1498 1321 1528; x_wconf 90' lang='lat' dir='ltr'>acta</span> <span class='ocrx_word' id='word_1_230' title='bbox 1358 1496 1414 1526; x_wconf 92' lang='lat' dir='ltr'>est</span> <span class='ocrx_word' id='word_1_231' title='bbox 1439 1490 1557 1538; x_wconf 85' lang='lat' dir='ltr'>Argis,</span> 
     </span>
     <span class='ocr_line' id='line_1_25' title="bbox 113 1551 1559 1606; baseline -0.006 -11"><span class='ocrx_word' id='word_1_232' title='bbox 113 1557 223 1595; x_wconf 83' lang='lat' dir='ltr'>Paus.</span> <span class='ocrx_word' id='word_1_233' title='bbox 250 1561 290 1605; x_wconf 87' lang='lat'>2,</span> <span class='ocrx_word' id='word_1_234' title='bbox 310 1560 371 1605; x_wconf 84' lang='lat'>19,</span> <span class='ocrx_word' id='word_1_235' title='bbox 387 1559 426 1605; x_wconf 89' lang='grc'>6,</span> <span class='ocrx_word' id='word_1_236' title='bbox 453 1569 573 1606; x_wconf 89' lang='lat' dir='ltr'>neque</span> <span class='ocrx_word' id='word_1_237' title='bbox 606 1555 790 1593; x_wconf 87' lang='lat' dir='ltr'>Plutarchi</span> <span class='ocrx_word' id='word_1_238' title='bbox 823 1566 933 1604; x_wconf 91' lang='lat' dir='ltr'>supra</span> <span class='ocrx_word' id='word_1_239' title='bbox 964 1554 1139 1590; x_wconf 89' lang='lat' dir='ltr'>indicatus</span> <span class='ocrx_word' id='word_1_240' title='bbox 1175 1554 1320 1590; x_wconf 89' lang='lat' dir='ltr'>euincit.</span> <span class='ocrx_word' id='word_1_241' title='bbox 1373 1551 1559 1587; x_wconf 86' lang='lat' dir='ltr'>Posterio-</span> 
     </span>
     <span class='ocr_line' id='line_1_26' title="bbox 113 1614 1559 1669; baseline -0.006 -13"><span class='ocrx_word' id='word_1_242' title='bbox 113 1631 191 1657; x_wconf 84' lang='lat' dir='ltr'>rem</span> <span class='ocrx_word' id='word_1_243' title='bbox 217 1631 363 1669; x_wconf 90' lang='lat' dir='ltr'>quoque</span> <span class='ocrx_word' id='word_1_244' title='bbox 396 1618 545 1655; x_wconf 85' lang='lat' dir='ltr'>fuerunt</span> <span class='ocrx_word' id='word_1_245' title='bbox 571 1618 633 1668; x_wconf 92' lang='lat' dir='ltr'>qui</span> <span class='ocrx_word' id='word_1_246' title='bbox 667 1621 903 1667; x_wconf 84' lang='lat' dir='ltr'>praepostere</span> <span class='ocrx_word' id='word_1_247' title='bbox 928 1614 1093 1650; x_wconf 85' lang='lat' dir='ltr'>facerent</span> <span class='ocrx_word' id='word_1_248' title='bbox 1127 1614 1402 1650; x_wconf 88' lang='lat' dir='ltr'>uetustissimam</span> <span class='ocrx_word' id='word_1_249' title='bbox 1428 1623 1559 1649; x_wconf 88' lang='lat' dir='ltr'>secun-</span> 
     </span>
     <span class='ocr_line' id='line_1_27' title="bbox 113 1675 1560 1730; baseline -0.005 -13"><span class='ocrx_word' id='word_1_250' title='bbox 113 1680 201 1717; x_wconf 90' lang='lat' dir='ltr'>dum</span> <span class='ocrx_word' id='word_1_251' title='bbox 226 1681 325 1717; x_wconf 85' lang='lat' dir='ltr'>Festi</span> <span class='ocrx_word' id='word_1_252' title='bbox 359 1693 398 1730; x_wconf 89' lang='lat' dir='ltr'>p.</span> <span class='ocrx_word' id='word_1_253' title='bbox 421 1683 511 1728; x_wconf 89' lang='lat'>238,</span> <span class='ocrx_word' id='word_1_254' title='bbox 535 1682 583 1716; x_wconf 91' lang='grc'>10</span> <span class='ocrx_word' id='word_1_255' title='bbox 609 1679 677 1717; x_wconf 86' lang='lat' dir='ltr'>sin.</span> <span class='ocrx_word' id='word_1_256' title='bbox 705 1678 884 1726; x_wconf 87' lang='lat' dir='ltr'>reliquias.</span> <span class='ocrx_word' id='word_1_257' title='bbox 947 1676 1063 1711; x_wconf 90' lang='lat' dir='ltr'>Huius</span> <span class='ocrx_word' id='word_1_258' title='bbox 1099 1688 1170 1712; x_wconf 95' lang='lat' dir='ltr'>non</span> <span class='ocrx_word' id='word_1_259' title='bbox 1206 1675 1460 1712; x_wconf 87' lang='lat' dir='ltr'>Lucretianam</span> <span class='ocrx_word' id='word_1_260' title='bbox 1495 1679 1560 1710; x_wconf 87' lang='lat' dir='ltr'>aut</span> 
     </span>
     <span class='ocr_line' id='line_1_28' title="bbox 112 1736 1561 1789; baseline -0.006 -10"><span class='ocrx_word' id='word_1_261' title='bbox 112 1741 327 1779; x_wconf 74' lang='lat' dir='ltr'>Veri-ianam</span> <span class='ocrx_word' id='word_1_262' title='bbox 352 1742 427 1777; x_wconf 87' lang='lat' dir='ltr'>tab.</span> <span class='ocrx_word' id='word_1_263' title='bbox 442 1745 464 1777; x_wconf 89' lang='grc'>3</span> <span class='ocrx_word' id='word_1_264' title='bbox 490 1741 624 1778; x_wconf 85' lang='lat' dir='ltr'>Praen.</span> <span class='ocrx_word' id='word_1_265' title='bbox 645 1739 836 1789; x_wconf 87' lang='lat' dir='ltr'>principio,</span> <span class='ocrx_word' id='word_1_266' title='bbox 861 1736 927 1774; x_wconf 89' lang='lat' dir='ltr'>sed</span> <span class='ocrx_word' id='word_1_267' title='bbox 952 1749 1032 1773; x_wconf 90' lang='lat' dir='ltr'>eam</span> <span class='ocrx_word' id='word_1_268' title='bbox 1057 1737 1390 1786; x_wconf 85' lang='lat' dir='ltr'>interpretationem</span> <span class='ocrx_word' id='word_1_269' title='bbox 1415 1741 1561 1773; x_wconf 84' lang='lat' dir='ltr'>secutus</span> 
     </span>
    </p>
   </div>
   <div class='ocr_carea' id='block_1_3' title="bbox 8 1775 1657 1851">
    <p class='ocr_par' dir='ltr' id='par_1_3' title="bbox 8 1775 1657 1851">
     <span class='ocr_line' id='line_1_29' title="bbox 8 1775 1657 1851; baseline -0.002 -13"><span class='ocrx_word' id='word_1_270' title='bbox 8 1796 17 1838; x_wconf 56' lang='lat'>,¹</span> <span class='ocrx_word' id='word_1_271' title='bbox 44 1816 49 1826; x_wconf 63' lang='lat'><strong>⁶</strong></span> <span class='ocrx_word' id='word_1_272' title='bbox 114 1803 258 1840; x_wconf 89' lang='lat' dir='ltr'>uidetur</span> <span class='ocrx_word' id='word_1_273' title='bbox 286 1801 439 1840; x_wconf 89' lang='lat' dir='ltr'>Ouidius</span> <span class='ocrx_word' id='word_1_274' title='bbox 461 1800 504 1850; x_wconf 71' lang='grc' dir='ltr'>β’,</span> <span class='ocrx_word' id='word_1_275' title='bbox 523 1802 588 1850; x_wconf 83' lang='grc'>95,</span> <span class='ocrx_word' id='word_1_276' title='bbox 616 1813 711 1851; x_wconf 91' lang='lat' dir='ltr'>quae</span> <span class='ocrx_word' id='word_1_277' title='bbox 748 1800 930 1837; x_wconf 89' lang='lat' dir='ltr'>inuenitur</span> <span class='ocrx_word' id='word_1_278' title='bbox 962 1799 1000 1835; x_wconf 90' lang='lat' dir='ltr'>in</span> <span class='ocrx_word' id='word_1_279' title='bbox 1035 1799 1140 1837; x_wconf 82' lang='lat' dir='ltr'>titulo</span> <span class='ocrx_word' id='word_1_280' title='bbox 1171 1797 1358 1836; x_wconf 88' lang='lat' dir='ltr'>Orelliano</span> <span class='ocrx_word' id='word_1_281' title='bbox 1384 1810 1422 1835; x_wconf 88' lang='lat' dir='ltr'>n.</span> <span class='ocrx_word' id='word_1_282' title='bbox 1443 1798 1561 1835; x_wconf 70' lang='lat'>13652</span> <span class='ocrx_word' id='word_1_283' title='bbox 1621 1775 1657 1836; x_wconf 14' lang='lat'>,¹¹</span> 
     </span>
    </p>
   </div>
   <div class='ocr_carea' id='block_1_4' title="bbox 113 1859 1638 1906">
    <p class='ocr_par' dir='ltr' id='par_1_4' title="bbox 113 1859 1638 1906">
     <span class='ocr_line' id='line_1_30' title="bbox 113 1859 1638 1906; baseline -0.004 -4"><span class='ocrx_word' id='word_1_284' title='bbox 113 1863 680 1904; x_wconf 86' lang='lat' dir='ltr'>VENERl.—GENETRlCl.</span> <span class='ocrx_word' id='word_1_285' title='bbox 692 1860 1141 1906; x_wconf 84' lang='lat' dir='ltr'>MATRIQVE.DEVM,</span> <span class='ocrx_word' id='word_1_286' title='bbox 1159 1861 1187 1896; x_wconf 95' lang='lat' dir='ltr'>si</span> <span class='ocrx_word' id='word_1_287' title='bbox 1205 1859 1313 1896; x_wconf 92' lang='lat' dir='ltr'>modo</span> <span class='ocrx_word' id='word_1_288' title='bbox 1334 1866 1478 1896; x_wconf 88' lang='lat' dir='ltr'>uetusta</span> <span class='ocrx_word' id='word_1_289' title='bbox 1492 1864 1560 1897; x_wconf 81' lang='lat' dir='ltr'>est.</span> <span class='ocrx_word' id='word_1_290' title='bbox 1624 1885 1638 1896; x_wconf 56' lang='lat'>2</span> 
     </span>
    </p>
   </div>
   <div class='ocr_carea' id='block_1_5' title="bbox 216 1921 1562 1970">
    <p class='ocr_par' dir='ltr' id='par_1_5' title="bbox 216 1921 1562 1970">
     <span class='ocr_line' id='line_1_31' title="bbox 216 1921 1562 1970; baseline -0.004 -7"><span class='ocrx_word' id='word_1_291' title='bbox 216 1927 395 1963; x_wconf 87' lang='lat' dir='ltr'>Vestae</span> <span class='ocrx_word' id='word_1_292' title='bbox 427 1938 530 1963; x_wconf 85' lang='lat' dir='ltr'>sacra</span> <span class='ocrx_word' id='word_1_293' title='bbox 556 1926 648 1962; x_wconf 90' lang='lat' dir='ltr'>Alba</span> <span class='ocrx_word' id='word_1_294' title='bbox 677 1923 830 1962; x_wconf 90' lang='lat' dir='ltr'>oriunda</span> <span class='ocrx_word' id='word_1_295' title='bbox 856 1924 944 1959; x_wconf 63' lang='lat' dir='ltr'>dixit</span> <span class='ocrx_word' id='word_1_296' title='bbox 968 1923 1093 1958; x_wconf 89' lang='lat' dir='ltr'>Liuius</span> <span class='ocrx_word' id='word_1_297' title='bbox 1121 1926 1159 1970; x_wconf 93' lang='grc'>1,</span> <span class='ocrx_word' id='word_1_298' title='bbox 1183 1923 1249 1969; x_wconf 92' lang='grc'>20,</span> <span class='ocrx_word' id='word_1_299' title='bbox 1284 1933 1306 1958; x_wconf 83' lang='lat' dir='ltr'>a</span> <span class='ocrx_word' id='word_1_300' title='bbox 1331 1921 1473 1958; x_wconf 84' lang='lat' dir='ltr'>Sabinis</span> <span class='ocrx_word' id='word_1_301' title='bbox 1499 1933 1562 1958; x_wconf 86' lang='lat' dir='ltr'>ac-</span> 
     </span>
    </p>
   </div>
   <div class='ocr_carea' id='block_1_6' title="bbox 116 1983 1656 2040">
    <p class='ocr_par' dir='ltr' id='par_1_6' title="bbox 116 1983 1656 2040">
     <span class='ocr_line' id='line_1_32' title="bbox 116 1983 1656 2040; baseline -0.005 -14"><span class='ocrx_word' id='word_1_302' title='bbox 116 1994 224 2040; x_wconf 84' lang='lat' dir='ltr'>cepta</span> <span class='ocrx_word' id='word_1_303' title='bbox 251 1988 369 2025; x_wconf 88' lang='lat' dir='ltr'>Varro</span> <span class='ocrx_word' id='word_1_304' title='bbox 396 1987 442 2024; x_wconf 92' lang='lat' dir='ltr'>de</span> <span class='ocrx_word' id='word_1_305' title='bbox 469 1987 493 2023; x_wconf 90' lang='lat' dir='ltr'>l.</span> <span class='ocrx_word' id='word_1_306' title='bbox 517 1987 542 2024; x_wconf 89' lang='lat' dir='ltr'>l.</span> <span class='ocrx_word' id='word_1_307' title='bbox 561 1987 597 2035; x_wconf 86' lang='lat'>5,</span> <span class='ocrx_word' id='word_1_308' title='bbox 613 1988 684 2034; x_wconf 89' lang='lat'>74;</span> <span class='ocrx_word' id='word_1_309' title='bbox 711 1985 864 2023; x_wconf 91' lang='lat' dir='ltr'>Ouidius</span> <span class='ocrx_word' id='word_1_310' title='bbox 890 1990 926 2021; x_wconf 88' lang='lat' dir='ltr'>et</span> <span class='ocrx_word' id='word_1_311' title='bbox 952 1985 1014 2034; x_wconf 92' lang='lat' dir='ltr'>qui</span> <span class='ocrx_word' id='word_1_312' title='bbox 1039 1996 1150 2034; x_wconf 88' lang='lat' dir='ltr'>supra</span> <span class='ocrx_word' id='word_1_313' title='bbox 1175 1997 1213 2034; x_wconf 88' lang='lat' dir='ltr'>p.</span> <span class='ocrx_word' id='word_1_314' title='bbox 1238 1995 1279 2021; x_wconf 91' lang='lat' dir='ltr'>c1</span> <span class='ocrx_word' id='word_1_315' title='bbox 1306 1983 1451 2022; x_wconf 85' lang='lat' dir='ltr'>indicati</span> <span class='ocrx_word' id='word_1_316' title='bbox 1477 1988 1563 2019; x_wconf 84' lang='lat' dir='ltr'>sunt</span> <span class='ocrx_word' id='word_1_317' title='bbox 1625 2010 1627 2014; x_wconf 87' lang='lat'>.</span> <span class='ocrx_word' id='word_1_318' title='bbox 1650 1986 1656 1991; x_wconf 88' lang='grc'><strong><em>’</em></strong></span> 
     </span>
    </p>
   </div>
   <div class='ocr_carea' id='block_1_7' title="bbox 117 2043 1560 2280">
    <p class='ocr_par' dir='ltr' id='par_1_7' title="bbox 117 2043 1560 2280">
     <span class='ocr_line' id='line_1_33' title="bbox 117 2043 1560 2098; baseline -0.006 -10"><span class='ocrx_word' id='word_1_319' title='bbox 117 2063 140 2089; x_wconf 86' lang='lat' dir='ltr'>a</span> <span class='ocrx_word' id='word_1_320' title='bbox 166 2051 288 2087; x_wconf 89' lang='lat' dir='ltr'>Numa</span> <span class='ocrx_word' id='word_1_321' title='bbox 313 2060 400 2098; x_wconf 88' lang='lat' dir='ltr'>rege</span> <span class='ocrx_word' id='word_1_322' title='bbox 426 2060 508 2085; x_wconf 90' lang='lat' dir='ltr'>eum</span> <span class='ocrx_word' id='word_1_323' title='bbox 541 2048 577 2085; x_wconf 92' lang='lat' dir='ltr'>in</span> <span class='ocrx_word' id='word_1_324' title='bbox 611 2048 773 2085; x_wconf 88' lang='lat' dir='ltr'>ordinem</span> <span class='ocrx_word' id='word_1_325' title='bbox 801 2047 1017 2092; x_wconf 86' lang='lat' dir='ltr'>constituta,</span> <span class='ocrx_word' id='word_1_326' title='bbox 1051 2046 1112 2095; x_wconf 90' lang='lat' dir='ltr'>qui</span> <span class='ocrx_word' id='word_1_327' title='bbox 1146 2046 1192 2082; x_wconf 91' lang='lat' dir='ltr'>ad</span> <span class='ocrx_word' id='word_1_328' title='bbox 1218 2045 1384 2082; x_wconf 86' lang='lat' dir='ltr'>Caesaris</span> <span class='ocrx_word' id='word_1_329' title='bbox 1409 2043 1560 2093; x_wconf 81' lang='lat' dir='ltr'>Augusti</span> 
     </span>
     <span class='ocr_line' id='line_1_34' title="bbox 117 2102 1559 2163; baseline -0.006 -15"><span class='ocrx_word' id='word_1_330' title='bbox 117 2112 368 2163; x_wconf 81' lang='lat' dir='ltr'>pontificatum</span> <span class='ocrx_word' id='word_1_331' title='bbox 395 2111 588 2146; x_wconf 86' lang='lat' dir='ltr'>maximum</span> <span class='ocrx_word' id='word_1_332' title='bbox 615 2111 756 2159; x_wconf 83' lang='lat' dir='ltr'>integer</span> <span class='ocrx_word' id='word_1_333' title='bbox 782 2110 934 2145; x_wconf 86' lang='lat' dir='ltr'>mansit:</span> <span class='ocrx_word' id='word_1_334' title='bbox 972 2115 1059 2145; x_wconf 89' lang='lat' dir='ltr'>tunc</span> <span class='ocrx_word' id='word_1_335' title='bbox 1087 2107 1172 2157; x_wconf 93' lang='lat' dir='ltr'>quid</span> <span class='ocrx_word' id='word_1_336' title='bbox 1200 2113 1377 2143; x_wconf 89' lang='lat' dir='ltr'>mutatum</span> <span class='ocrx_word' id='word_1_337' title='bbox 1403 2106 1462 2152; x_wconf 85' lang='lat' dir='ltr'>sit,</span> <span class='ocrx_word' id='word_1_338' title='bbox 1487 2102 1559 2140; x_wconf 86' lang='lat' dir='ltr'>do·-</span> 
     </span>
     <span class='ocr_line' id='line_1_35' title="bbox 119 2164 1560 2221; baseline -0.008 -10"><span class='ocrx_word' id='word_1_339' title='bbox 119 2181 178 2211; x_wconf 85' lang='lat' dir='ltr'>cet</span> <span class='ocrx_word' id='word_1_340' title='bbox 204 2173 357 2211; x_wconf 88' lang='lat' dir='ltr'>Ouidius</span> <span class='ocrx_word' id='word_1_341' title='bbox 376 2174 415 2218; x_wconf 88' lang='lat'>4,</span> <span class='ocrx_word' id='word_1_342' title='bbox 431 2173 505 2208; x_wconf 84' lang='lat'>949</span> <span class='ocrx_word' id='word_1_343' title='bbox 524 2184 595 2221; x_wconf 90' lang='lat' dir='ltr'>sq.,</span> <span class='ocrx_word' id='word_1_344' title='bbox 623 2172 834 2220; x_wconf 85' lang='lat' dir='ltr'>praesertim</span> <span class='ocrx_word' id='word_1_345' title='bbox 862 2172 891 2207; x_wconf 87' lang='lat' dir='ltr'>si</span> <span class='ocrx_word' id='word_1_346' title='bbox 919 2170 1125 2207; x_wconf 86' lang='lat' dir='ltr'>conseratur</span> <span class='ocrx_word' id='word_1_347' title='bbox 1151 2182 1231 2206; x_wconf 87' lang='lat' dir='ltr'>cum</span> <span class='ocrx_word' id='word_1_348' title='bbox 1258 2168 1431 2204; x_wconf 84' lang='lat' dir='ltr'>fastorum</span> <span class='ocrx_word' id='word_1_349' title='bbox 1446 2164 1560 2201; x_wconf 84' lang='lat' dir='ltr'>Prae·</span> 
     </span>
     <span class='ocr_line' id='line_1_36' title="bbox 118 2226 1560 2280; baseline -0.006 -9"><span class='ocrx_word' id='word_1_350' title='bbox 118 2236 342 2272; x_wconf 87' lang='lat' dir='ltr'>nestinorum</span> <span class='ocrx_word' id='word_1_351' title='bbox 374 2234 544 2270; x_wconf 78' lang='lat' dir='ltr'>lemmate</span> <span class='ocrx_word' id='word_1_352' title='bbox 575 2233 640 2269; x_wconf 87' lang='lat'><em>1111</em></span> <span class='ocrx_word' id='word_1_353' title='bbox 666 2232 728 2268; x_wconf 75' lang='grc' dir='ltr'>ΚΡ</span> <span class='ocrx_word' id='word_1_354' title='bbox 757 2232 844 2268; x_wconf 84' lang='lat' dir='ltr'>Mai.</span> <span class='ocrx_word' id='word_1_355' title='bbox 880 2240 916 2268; x_wconf 86' lang='lat' dir='ltr'>et</span> <span class='ocrx_word' id='word_1_356' title='bbox 951 2232 1116 2280; x_wconf 81' lang='lat' dir='ltr'>Fogginii</span> <span class='ocrx_word' id='word_1_357' title='bbox 1149 2230 1338 2266; x_wconf 88' lang='lat' dir='ltr'>annotatis.</span> <span class='ocrx_word' id='word_1_358' title='bbox 1394 2226 1560 2263; x_wconf 85' lang='lat' dir='ltr'>Numinis</span> 
     </span>
    </p>
   </div>
   <div class='ocr_carea' id='block_1_8' title="bbox 119 2286 1562 2345">
    <p class='ocr_par' dir='ltr' id='par_1_8' title="bbox 119 2274 1638 2345">
     <span class='ocr_line' id='line_1_37' title="bbox 119 2286 1562 2345; baseline -0.007 -13"><span class='ocrx_word' id='word_1_359' title='bbox 119 2296 300 2333; x_wconf 78' lang='lat' dir='ltr'>sanctitati</span> <span class='ocrx_word' id='word_1_360' title='bbox 325 2302 362 2332; x_wconf 90' lang='lat' dir='ltr'>et</span> <span class='ocrx_word' id='word_1_361' title='bbox 388 2296 492 2345; x_wconf 77' lang='lat' dir='ltr'>quasi</span> <span class='ocrx_word' id='word_1_362' title='bbox 517 2295 749 2344; x_wconf 88' lang='lat' dir='ltr'>descriptioni</span> <span class='ocrx_word' id='word_1_363' title='bbox 775 2293 949 2330; x_wconf 87' lang='lat' dir='ltr'>accedere</span> <span class='ocrx_word' id='word_1_364' title='bbox 975 2293 1063 2329; x_wconf 88' lang='lat' dir='ltr'>nihil</span> <span class='ocrx_word' id='word_1_365' title='bbox 1092 2294 1210 2342; x_wconf 85' lang='lat' dir='ltr'>potuit</span> <span class='ocrx_word' id='word_1_366' title='bbox 1240 2304 1262 2328; x_wconf 89' lang='lat' dir='ltr'>a</span> <span class='ocrx_word' id='word_1_367' title='bbox 1287 2289 1476 2327; x_wconf 86' lang='lat' dir='ltr'>simulacro</span> <span class='ocrx_word' id='word_1_368' title='bbox 1503 2286 1562 2323; x_wconf 80' lang='lat' dir='ltr'>as-</span> 
     </span>
    </p>
   </div>
   <div class='ocr_carea' id='block_1_9' title="bbox 120 2349 1560 2407">
    <p class='ocr_par' dir='ltr' id='par_1_9' title="bbox 120 2349 1560 2407">
     <span class='ocr_line' id='line_1_38' title="bbox 120 2349 1560 2407; baseline -0.007 -13"><span class='ocrx_word' id='word_1_369' title='bbox 120 2357 225 2394; x_wconf 76' lang='lat' dir='ltr'>fabre</span> <span class='ocrx_word' id='word_1_370' title='bbox 249 2356 373 2404; x_wconf 82' lang='lat' dir='ltr'>sacto,</span> <span class='ocrx_word' id='word_1_371' title='bbox 405 2357 616 2407; x_wconf 85' lang='lat' dir='ltr'>praesertim</span> <span class='ocrx_word' id='word_1_372' title='bbox 651 2369 731 2392; x_wconf 89' lang='lat' dir='ltr'>cum</span> <span class='ocrx_word' id='word_1_373' title='bbox 758 2368 875 2406; x_wconf 89' lang='lat' dir='ltr'>penus</span> <span class='ocrx_word' id='word_1_374' title='bbox 900 2356 1070 2401; x_wconf 86' lang='lat' dir='ltr'>interior,</span> <span class='ocrx_word' id='word_1_375' title='bbox 1104 2355 1202 2390; x_wconf 87' lang='lat' dir='ltr'>Fest.</span> <span class='ocrx_word' id='word_1_376' title='bbox 1229 2365 1267 2402; x_wconf 90' lang='lat' dir='ltr'>p.</span> <span class='ocrx_word' id='word_1_377' title='bbox 1287 2352 1376 2397; x_wconf 79' lang='lat'>250,</span> <span class='ocrx_word' id='word_1_378' title='bbox 1403 2352 1453 2386; x_wconf 80' lang='lat'>34</span> <span class='ocrx_word' id='word_1_379' title='bbox 1478 2349 1560 2397; x_wconf 69' lang='lat' dir='ltr'>sin„</span> 
     </span>
    </p>
   </div>
   <div class='ocr_carea' id='block_1_10' title="bbox 122 2411 1644 2466">
    <p class='ocr_par' dir='ltr' id='par_1_10' title="bbox 122 2411 1644 2466">
     <span class='ocr_line' id='line_1_39' title="bbox 122 2411 1644 2466; baseline -0.006 -12"><span class='ocrx_word' id='word_1_380' title='bbox 122 2419 207 2456; x_wconf 85' lang='lat' dir='ltr'>uiris</span> <span class='ocrx_word' id='word_1_381' title='bbox 233 2418 388 2465; x_wconf 89' lang='lat' dir='ltr'>occludi,</span> <span class='ocrx_word' id='word_1_382' title='bbox 414 2418 580 2454; x_wconf 85' lang='lat' dir='ltr'>Lactant.</span> <span class='ocrx_word' id='word_1_383' title='bbox 609 2421 646 2466; x_wconf 86' lang='lat'>3,</span> <span class='ocrx_word' id='word_1_384' title='bbox 666 2421 730 2466; x_wconf 93' lang='grc'>20,</span> <span class='ocrx_word' id='word_1_385' title='bbox 757 2418 930 2454; x_wconf 87' lang='lat' dir='ltr'>matronis</span> <span class='ocrx_word' id='word_1_386' title='bbox 956 2429 1028 2453; x_wconf 92' lang='lat' dir='ltr'>non</span> <span class='ocrx_word' id='word_1_387' title='bbox 1055 2416 1120 2452; x_wconf 89' lang='lat' dir='ltr'>nisi</span> <span class='ocrx_word' id='word_1_388' title='bbox 1147 2415 1283 2464; x_wconf 87' lang='lat' dir='ltr'>aliquot</span> <span class='ocrx_word' id='word_1_389' title='bbox 1308 2413 1402 2448; x_wconf 89' lang='lat' dir='ltr'>eirca</span> <span class='ocrx_word' id='word_1_390' title='bbox 1430 2411 1562 2447; x_wconf 87' lang='lat' dir='ltr'>Vesta·</span> <span class='ocrx_word' id='word_1_391' title='bbox 1613 2412 1644 2440; x_wconf 64' lang='grc' dir='ltr'>ι·’</span> 
     </span>
    </p>
   </div>
   <div class='ocr_carea' id='block_1_11' title="bbox 121 2475 1584 2650">
    <p class='ocr_par' dir='ltr' id='par_1_11' title="bbox 121 2475 1584 2650">
     <span class='ocr_line' id='line_1_40' title="bbox 121 2475 1584 2528; baseline -0.007 -10"><span class='ocrx_word' id='word_1_392' title='bbox 121 2480 169 2518; x_wconf 84' lang='lat' dir='ltr'>lia</span> <span class='ocrx_word' id='word_1_393' title='bbox 194 2479 320 2516; x_wconf 89' lang='lat' dir='ltr'>diebus</span> <span class='ocrx_word' id='word_1_394' title='bbox 347 2485 472 2528; x_wconf 87' lang='lat' dir='ltr'>patere</span> <span class='ocrx_word' id='word_1_395' title='bbox 492 2480 639 2528; x_wconf 80' lang='lat' dir='ltr'>soleret,</span> <span class='ocrx_word' id='word_1_396' title='bbox 668 2479 741 2517; x_wconf 86' lang='lat' dir='ltr'>Ou.</span> <span class='ocrx_word' id='word_1_397' title='bbox 761 2481 800 2527; x_wconf 86' lang='grc'>6,</span> <span class='ocrx_word' id='word_1_398' title='bbox 819 2481 906 2526; x_wconf 86' lang='grc'>391,</span> <span class='ocrx_word' id='word_1_399' title='bbox 934 2478 1033 2515; x_wconf 84' lang='lat' dir='ltr'>Fest.</span> <span class='ocrx_word' id='word_1_400' title='bbox 1054 2477 1078 2516; x_wconf 89' lang='lat' dir='ltr'>l.</span> <span class='ocrx_word' id='word_1_401' title='bbox 1095 2475 1169 2513; x_wconf 89' lang='lat' dir='ltr'>ind.</span> <span class='ocrx_word' id='word_1_402' title='bbox 1210 2476 1337 2525; x_wconf 88' lang='lat' dir='ltr'>ltaque</span> <span class='ocrx_word' id='word_1_403' title='bbox 1362 2475 1458 2510; x_wconf 89' lang='lat' dir='ltr'>inter</span> <span class='ocrx_word' id='word_1_404' title='bbox 1478 2483 1563 2509; x_wconf 86' lang='lat' dir='ltr'>eru-</span> <span class='ocrx_word' id='word_1_405' title='bbox 1581 2519 1584 2522; x_wconf 27' lang='grc' dir='ltr'>Ι</span> 
     </span>
     <span class='ocr_line' id='line_1_41' title="bbox 121 2536 1564 2591; baseline -0.006 -13"><span class='ocrx_word' id='word_1_406' title='bbox 121 2540 201 2578; x_wconf 81' lang='lat' dir='ltr'>dita</span> <span class='ocrx_word' id='word_1_407' title='bbox 235 2546 272 2577; x_wconf 87' lang='lat' dir='ltr'>et</span> <span class='ocrx_word' id='word_1_408' title='bbox 303 2541 514 2590; x_wconf 85' lang='lat' dir='ltr'>graecanica</span> <span class='ocrx_word' id='word_1_409' title='bbox 543 2541 715 2591; x_wconf 87' lang='lat' dir='ltr'>figmenta</span> <span class='ocrx_word' id='word_1_410' title='bbox 745 2542 825 2591; x_wconf 86' lang='lat' dir='ltr'>ipsa</span> <span class='ocrx_word' id='word_1_411' title='bbox 859 2541 980 2590; x_wconf 85' lang='lat' dir='ltr'>imago</span> <span class='ocrx_word' id='word_1_412' title='bbox 1007 2539 1100 2576; x_wconf 87' lang='lat' dir='ltr'>deae</span> <span class='ocrx_word' id='word_1_413' title='bbox 1130 2536 1323 2575; x_wconf 86' lang='lat' dir='ltr'>reserenda</span> <span class='ocrx_word' id='word_1_414' title='bbox 1357 2541 1436 2583; x_wconf 84' lang='lat' dir='ltr'>est,</span> <span class='ocrx_word' id='word_1_415' title='bbox 1466 2543 1564 2584; x_wconf 78' lang='lat' dir='ltr'>quae</span> 
     </span>
     <span class='ocr_line' id='line_1_42' title="bbox 121 2593 1561 2650; baseline -0.004 -10"><span class='ocrx_word' id='word_1_416' title='bbox 121 2609 428 2642; x_wconf 85' lang='lat' dir='ltr'>commemoratur</span> <span class='ocrx_word' id='word_1_417' title='bbox 453 2614 476 2640; x_wconf 90' lang='lat' dir='ltr'>a</span> <span class='ocrx_word' id='word_1_418' title='bbox 501 2602 678 2642; x_wconf 86' lang='lat' dir='ltr'>Cicerone</span> <span class='ocrx_word' id='word_1_419' title='bbox 704 2603 751 2640; x_wconf 86' lang='lat' dir='ltr'>de</span> <span class='ocrx_word' id='word_1_420' title='bbox 776 2608 852 2641; x_wconf 86' lang='lat' dir='ltr'>nat.</span> <span class='ocrx_word' id='word_1_421' title='bbox 880 2602 981 2640; x_wconf 87' lang='lat' dir='ltr'>deor.</span> <span class='ocrx_word' id='word_1_422' title='bbox 1007 2603 1045 2649; x_wconf 89' lang='lat'>3,</span> <span class='ocrx_word' id='word_1_423' title='bbox 1060 2603 1124 2650; x_wconf 85' lang='lat'>32,</span> <span class='ocrx_word' id='word_1_424' title='bbox 1152 2602 1190 2647; x_wconf 88' lang='lat'>§.</span> <span class='ocrx_word' id='word_1_425' title='bbox 1208 2601 1273 2648; x_wconf 90' lang='grc'>80,</span> <span class='ocrx_word' id='word_1_426' title='bbox 1299 2597 1434 2636; x_wconf 88' lang='lat' dir='ltr'>Ouidio</span> <span class='ocrx_word' id='word_1_427' title='bbox 1459 2593 1561 2645; x_wconf 68' lang='grc'>3,·15</span> 
     </span>
    </p>
   </div>
   <div class='ocr_carea' id='block_1_12' title="bbox 1577 0 1685 2954">
    <p class='ocr_par' dir='ltr' id='par_1_12' title="bbox 1577 0 1685 2954">
     <span class='ocr_line' id='line_1_43' title="bbox 1577 0 1685 2954; baseline 0 0"><span class='ocrx_word' id='word_1_428' title='bbox 1577 0 1685 2954; x_wconf 95' lang='lat' dir='ltr'> </span> 
     </span>
    </p>
   </div>
  </div>
 </body>
</html>
