1685 2954
642 69 744 100 ιιΒ.
772 67 983 98 εεκτνε
1447 53 1531 97 263

194 170 384 214 Canities
410 167 567 225 penniS,
597 170 803 224 unguibus
832 169 978 209 hamus
1004 165 1125 208 inest.

141 241 279 281 Nocte
308 240 447 280 uolant
475 249 708 291 puerosque
737 242 885 290 petunt
911 232 1082 276 nutricis
1111 239 1301 288 egentes,
1451 237 1528 275 155

197 309 252 348 Et
280 306 425 347 uitiant
452 305 568 347 cunis
598 317 766 356 corpora
794 308 911 356 rapta
938 301 1038 342 suis.

140 375 320 428 Carpere
350 373 534 414 dicuntur
561 371 758 412 lactentia
787 370 950 411 uiscera
977 368 1132 421 rostris,

196 443 252 483 Et
280 442 442 493 plenum
470 444 567 492 poto
597 439 800 492 sanguino
827 443 970 492 guttur
998 437 1163 477 habent.

143 511 222 550 Est
250 509 328 548 illis
355 507 555 560 strigibus
581 519 742 559 nomen,
766 505 849 549 ,sed
876 505 1051 546 nominis
1079 503 1200 545 huius

198 575 353 626 Causa,
381 573 489 627 quod
518 574 719 615 horrenda
747 573 920 615 stridere
946 577 1070 614 nocte
1098 573 1246 613 solent.
1455 574 1533 612 140

140 642 241 683 Siue
269 642 394 696 igitur
419 648 644 684 nascuntur
671 655 786 694 aues,
816 654 893 682 seu
923 641 1100 682 carmine
1128 640 1230 682 fiunt

196 710 441 762 Naeniaque
470 710 511 750 in
541 710 732 751 uolucres
760 710 866 750 falsa
892 708 1043 764 figurat
1071 721 1189 761 anus,

141 778 187 818 In
218 778 421 818 thalamos
450 790 603 818 uenere
631 778 803 819 Procae.
841 777 973 818 Proca
1001 782 1125 818 natus
1152 775 1194 817 in
1222 776 1300 816 illis

198 845 360 885 Praeda
388 857 536 886 recens
565 845 700 886 auium
729 845 907 899 quinque
936 844 1082 884 diebus
1110 849 1212 885 erat.

141 912 401 966 Pectoraque
431 913 630 954 exorbent
659 913 791 955 auidis
818 911 988 954 infantia
1014 912 1182 966 linguis,
1456 911 1533 950 145

195 981 251 1021 Et
278 993 380 1033 puer
408 981 549 1021 infelix
576 981 696 1036 nagit
724 992 926 1034 opemque
952 979 1067 1033 petit.

141 1047 300 1088 Territa
334 1060 440 1088 uoce
477 1049 542 1088 sui
570 1049 707 1089 nutrix
735 1049 910 1090 accurrit
945 1047 1110 1100 alumni,

192 1116 249 1155 Et
285 1113 417 1168 rigido
455 1120 600 1155 sectas
627 1115 784 1155 inuenit
817 1128 958 1170 unguo
986 1126 1134 1168 genas.

140 1181 249 1233 Quid
277 1179 468 1223 faceret?
497 1183 609 1224 color
636 1183 720 1224 oris
748 1189 850 1236 erat,
879 1183 949 1236 qui
976 1181 1188 1223 frondibus
1216 1179 1311 1224 olim

123 1253 126 1256 '
198 1250 309 1290 Esse
337 1249 445 1290 solet
473 1250 592 1302 seris,
622 1262 728 1302 quas
754 1262 863 1290 noua
891 1250 1015 1290 laesit
1044 1250 1192 1292 hiems..
1455 1250 1535 1288 150

142 1315 338 1358 Peruenit
367 1316 419 1357 ad
448 1316 640 1357 Cranaen
668 1321 714 1357 et
741 1329 826 1357 rem
855 1316 992 1357 docet.
1019 1316 1100 1370 illa,
1127 1316 1315 1358 timorem

138 1428 225 1464 134.
253 1428 418 1465 canicies
444 1429 569 1465 DGe.
613 1428 706 1465 Can.
734 1428 875 1477 plumas
907 1428 1111 1465 Guar.scr.
1155 1428 1247 1466 Can.
1273 1428 1405 1477 plumis
1431 1424 1534 1465 1141

85 1483 174 1516 tres.
215 1478 310 1515 ham.
334 1477 412 1514 erat
431 1475 488 1514 H.
593 1480 680 1515 135.
709 1478 757 1515 N.
777 1479 901 1515 ualent
923 1476 974 1515 Φ.
1079 1480 1165 1514 136.
1192 1479 1240 1514 Et
1265 1478 1429 1527 iugulant
1455 1478 1537 1516 duo.

89 1529 224 1565 uiciant
250 1530 408 1565 DEGe.
515 1531 600 1565 137.
630 1530 806 1565 lactencia
826 1531 877 1566 D.
917 1529 1089 1565 lactantia
1107 1527 1152 1564 N
1164 1527 1259 1566 ²152.
1299 1529 1382 1565 lact.
1402 1528 1537 1576 (laten-

88 1580 140 1616 tia
169 1576 227 1624 (D)
253 1591 407 1627 corpora
434 1585 540 1616 rostr.
569 1577 660 1616 ΕΠ
673 1577 799 1616 Ψι20
811 1581 858 1616 41
886 1578 1066 1625 τιηᾶεοὶτης
1091 1578 1414 1629 Aympuar.scr.
1452 1579 1536 1617 lact.

92 1636 243 1681 pectora
268 1633 354 1665 tres.
405 1641 439 1666 c.
466 1630 597 1665 nostris
621 1629 641 1665 b
659 1642 805 1678 mmm.
909 1632 994 1667 138.
1021 1630 1071 1666 Et
1097 1638 1184 1679 poto
1212 1631 1358 1679 plenum
1386 1642 1415 1666 e.
1459 1630 1539 1679 ple-

91 1692 178 1717 num
206 1680 322 1729 posito
349 1682 467 1716 Ema.
480 1691 537 1728 pr.
584 1680 683 1728 plen.
711 1693 804 1728 puro
829 1692 1036 1728 9uar.scr.
1078 1692 1181 1729 sang.
1211 1687 1336 1729 pectus
1357 1682 1400 1716 N
1406 1692 1436 1716 e.

144 1732 230 1766 139.
260 1730 310 1767 ill.
336 1730 464 1778 striges
492 1742 588 1766 nom.
614 1729 677 1768 A.
715 1731 764 1766 ill.
793 1729 959 1778 stigribus
985 1730 1018 1766 b.
1060 1730 1111 1766 ill.
1137 1731 1281 1779 strigilis
1307 1734 1481 1779 (μιαῑιιονς
1512 1731 1549 1767 G·

91 1792 174 1817 aar.
193 1791 264 1817 scr.
371 1782 456 1816 140.
492 1781 613 1816 Causa
636 1792 782 1829 quoque
807 1779 990 1816 horrenda
1015 1786 1068 1816 est
1094 1780 1196 1816 strid.
1225 1783 1270 1817 Β.
1319 1780 1542 1817 horrendum

94 1833 187 1870 coni.
206 1830 355 1868 Vlvittus.
393 1830 499 1866 horr:
522 1838 629 1866 nocte
653 1829 806 1866 stridere
832 1828 898 1866 sol.
924 1829 986 1866 ΕΙ)
1004 1842 1077 1866 ma.
1094 1843 1150 1879 pr.
1191 1842 1280 1867 uoce
1307 1833 1398 1867 coni.
1413 1832 1540 1868 Heius.

147 1883 232 1918 141.
262 1888 457 1917 nascantur
482 1877 519 1916 E
527 1878 619 1927 (Alb
644 1880 742 1928 uuly.
759 1881 944 1926 enotatur)
959 1877 1014 1917 Π.
1054 1887 1248 1918 nascentur
1280 1879 1330 1918 Ψ.
1367 1893 1431 1917 seu
1458 1893 1542 1917 car-

95 1932 180 1969 dine
206 1935 256 1969 M
268 1943 340 1968 ma.
355 1943 413 1981 pr.
450 1930 538 1967 fiant
566 1934 610 1968 E.
717 1932 802 1979 142.
827 1930 1022 1980 Neniaque
1047 1933 1082 1968 E
1105 1933 1142 1968 in
1167 1943 1247 1968 ras.
1285 1932 1381 1968 Nen.
1401 1933 1453 1978 D,
1481 1933 1543 1980 qui

92 1983 298 2034 plerumque
324 1993 346 2018 e
370 1986 405 2018 et
430 1993 474 2018 ae
501 1981 700 2030 distinguit.
738 1981 788 2018 Se
814 1992 972 2030 namque
997 1981 1033 2018 in
1062 1984 1107 2021 F.
1144 1981 1374 2031 Nominaque
1404 1979 1541 2019 (Duar.

91 2045 164 2071 sor.
203 2033 420 2082 Neniaquae
438 2031 624 2070 echtRub.
641 2033 718 2069 Vic.
732 2032 820 2068 Ven.
865 2033 1002 2068 uolucr.
1023 2044 1141 2068 marsa
1160 2032 1222 2080 fig.
1240 2034 1353 2068 2413
1365 2034 1413 2069 29
1424 2033 1540 2069 3348.

95 2085 240 2123 uolucr.
262 2094 350 2132 saga
375 2086 412 2119 2.
519 2085 604 2119 143.
635 2082 800 2118 thalamis
824 2093 861 2130 9.
908 2088 985 2119 nat.
1011 2083 1056 2118 ab
1083 2084 1150 2119 illis
1181 2085 1228 2122 G.
1333 2084 1416 2118 144.
1444 2082 1542 2120 dieb.

95 2140 201 2171 erant
227 2146 275 2169 m.
380 2133 465 2171 145.
493 2134 683 2170 Exorbent
710 2133 826 2169 auidis
852 2131 1002 2169 infantia
1028 2140 1178 2183 pectora
1203 2134 1332 2182 linguis
1358 2135 1400 2169 Ν
1407 2132 1438 2179 f.
1481 2145 1543 2168 ex-

94 2185 196 2222 sorb.
221 2181 325 2220 ὂῖνὶὶ
373 2183 532 2220 infancia
559 2186 609 2220 D.
713 2184 798 2219 146.
829 2183 902 2226 Qui
928 2195 1020 2232 puer
1047 2186 1095 2220 D.
1144 2185 1191 2220 At
1216 2196 1308 2233 puer
1334 2180 1546 2220 MNIFP-

93 2236 204 2286 pauci
228 2238 428 2282 praeterea.
538 2236 624 2270 147.
660 2245 750 2270 uoce
782 2245 846 2270 sua
878 2234 1070 2283 Gma.pr.
1115 2234 1169 2270 sui
1201 2235 1356 2282 genitrix
1388 2234 1544 2270 occurrit

95 2286 144 2322 al.
165 2282 250 2322 ΨΣ
260 2283 307 2321 Τ.
350 2292 446 2321 nutr.
465 2285 621 2321 occurrit
648 2285 693 2320 al.
715 2287 749 2323 E
763 2296 904 2332 υιιιφν.
919 2295 952 2321 r.
990 2285 1152 2333 alumpni
1167 2286 1257 2322 EG.
1362 2286 1447 2320 148.
1475 2285 1542 2331 rig.

97 2335 233 2372 fractas
257 2338 319 2372 20.
432 2337 518 2372 149.
556 2334 667 2379 Quod
699 2347 748 2371 m.
803 2335 942 2371 faceret
973 2348 1045 2372 ont.
1066 2337 1191 2372 Dma.
1211 2347 1268 2384 μ’.
1328 2335 1401 2377 Qu.
1435 2333 1545 2371 faciet

102 2384 133 2432 f.
182 2386 258 2430 Qu.
284 2385 396 2422 saciat
423 2387 484 2422 14.
535 2386 604 2422 col.
632 2386 745 2422 omnis
781 2384 813 2422 b.
864 2385 935 2422 oris
965 2386 1059 2422 inest
1091 2386 1154 2434 qui
1182 2397 1214 2422 r.
1329 2387 1414 2422 150.
1452 2385 1545 2421 solet

100 2435 212 2472 tardis
243 2441 331 2477 tres.
389 2448 459 2473 ser.
490 2448 562 2485 qua
600 2437 647 2473 G.
693 2436 780 2473 seris
813 2447 904 2485 quos
937 2435 970 2473 b.
1027 2448 1124 2472 noua
1158 2436 1270 2472 laedit
1301 2435 1382 2482 fl4
1408 2435 1494 2479 duo3
1520 2447 1545 2483 p

99 2497 278 2528 nanscr.
322 2486 464 2538 hiemps
501 2488 636 2524 DEG.
757 2486 845 2522 151.
881 2485 928 2522 ad
961 2487 1111 2536 granien
1140 2486 1254 2523 BFb.
1311 2487 1440 2536 ganien
1471 2486 1544 2523 GD
1609 2509 1618 2517 -

104 2536 221 2576 644.
270 2534 594 2586 gramen“E(120n
608 2549 628 2574 ν
642 2550 674 2575 s.
727 2548 889 2585 grannen
915 2540 976 2574 M.
1037 2548 1208 2587 grangem
1242 2539 1294 2574 N.
1345 2547 1482 2586 grauen
1514 2534 1545 2580 f.

103 2597 237 2673 girl-angit]
262 2599 449 2639 ,qma-pr.
498 2599 637 2638 granen
673 2589 803 2625 caeteri
826 2598 961 2625 omnes.
1012 2588 1112 2625 Goni.
1136 2589 1254 2639 posui.
1305 2599 1387 2626 reru.
1414 2583 1548 2625 indicat

103 2649 116 2674 ι
143 2647 166 2673 a
233 2662 244 2674 .
