1685 2954
129 72 208 116 184
683 85 1006 117 rns'roavm

236 187 413 240 Iungere
438 184 610 239 dignata
637 192 703 228 est
731 200 778 228 os
808 187 960 240 puerile
988 199 1075 228 suo.
1486 189 1565 228 540

112 306 116 310 ⁴
184 254 318 296 Pallor
347 253 445 306 abit,
474 254 716 307 subitasque
743 254 885 295 uident
911 254 952 296 in
981 267 1149 308 corpore
1176 255 1298 296 uires.

240 323 400 362 Tantus
429 323 600 363 caelesti
626 323 739 363 uenit
767 322 819 363 ab
847 335 917 363 ore
944 323 1072 376 uigor.

186 388 292 428 Tota
321 388 465 430 domus
492 390 603 430 laeta
631 396 709 430 est.
749 391 828 431 hoe
857 396 934 442 est,
963 396 1186 444 materque,
1213 395 1423 443 paterque,

238 456 445 508 Nataque.
483 463 570 497 tres
597 455 654 498 illi
683 463 771 498 tota
799 457 912 497 fuere
941 457 1096 499 domus.

184 522 288 562 Mox
317 524 460 575 epulas
488 530 655 576 ponunt,
680 525 902 578 liquefacta
928 526 1104 578 coagula
1131 525 1241 566 lacte
1490 525 1569 565 545

238 589 447 642 Pomaque
478 596 520 629 et
548 591 588 630 in
617 591 724 631 ceris
752 603 876 631 aurea
905 592 1024 631 mella
1053 592 1177 632 suis.·

184 655 380 697 Abstinet
410 657 515 697 alma
542 658 686 709 Ceres,
715 655 929 709 somnique
958 670 1164 711 papauera
1191 669 1342 699 causas

240 725 324 764 Dat
350 724 423 764 tibi
452 737 545 764 cum
575 724 713 777 tepido
739 724 850 763 lacte
878 723 1065 776 bibenda,
1093 737 1205 777 puer.

185 792 335 832 Noctis
362 797 451 831 erat
478 791 656 831 medium
683 790 914 844 placidique
941 792 1104 832 silentia
1131 789 1283 832 somni:

243 859 535 911 Triptolemum
566 859 735 912 gremio·
750 859 917 899 sustulit
944 857 1012 898 illa
1041 871 1129 899 suo.
1496 861 1577 898 550

187 926 350 978 Terque
379 938 501 966 manu
528 926 740 978 permulsit
767 938 872 978 eum,
901 926 979 966 tria
1008 927 1186 966 carmina
1215 924 1331 979 dixit,

243 993 436 1034 Carmina
464 993 622 1035 mortali
648 1005 730 1034 non
757 993 968 1034 referenda
995 1006 1119 1035 sono:

186 1060 314 1113 Inque
353 1060 448 1101 foco
485 1071 635 1112 corpus
671 1059 785 1112 pueri
822 1060 987 1102 uiuente
1026 1062 1162 1103 fauilla

243 1126 407 1180 Obruit,
433 1128 654 1167 humanum
682 1134 832 1191 purget
859 1135 907 1169 ut
941 1127 1050 1183 ignis
1082 1141 1198 1170 onus.

188 1194 406 1237 Excutitur
434 1207 577 1235 somno
608 1195 733 1235 stulte
761 1193 828 1248 pia
856 1202 995 1238 mater.
1037 1203 1080 1239 et
1108 1208 1266 1249 amens,
1499 1199 1578 1236 555

247 1261 356 1313 Quid
383 1259 517 1304 facis?
545 1263 764 1314 exclamat,
793 1265 1055 1318 membraque
1082 1265 1134 1305 ab
1161 1265 1260 1318 igne
1288 1263 1404 1317 rapit.

191 1329 272 1374 Cui
296 1331 392 1383 dea,
421 1330 516 1371 dum
541 1341 622 1370 non
651 1342 713 1383 ee,
741 1329 856 1384 dixit,
886 1333 1093 1375 scelerata
1121 1330 1255 1374 fuisti:

248 1397 364 1439 Irrita
392 1403 577 1438 materno
606 1403 704 1438 sunt
731 1411 824 1440 mea
853 1398 959 1441 dona
988 1406 1112 1441 metu.

189 1465 277 1507 lste
305 1466 468 1520 quidem
494 1466 676 1508 mortalis
706 1468 793 1520 erit,
824 1467 900 1508 sed
928 1468 1082 1521 primus
1110 1467 1240 1509 arabit

189 1593 278 1632 540.
307 1596 480 1645 Tangere
506 1598 626 1632 ΡΤ3.
669 1607 772 1645 puer.
799 1596 864 1633 sibi
890 1595 910 1632 b
926 1608 1069 1645 mmpr.
1171 1594 1258 1633 541.
1284 1593 1370 1631 abiit
1395 1593 1444 1631 A.
1483 1593 1586 1631 abest

140 1647 202 1681 33.
239 1646 453 1695 subitaeque
481 1647 604 1694 uigent
630 1649 691 1683 35.
733 1659 803 1696 que
830 1646 920 1682 uidit
951 1648 989 1684 G.
1033 1658 1106 1695 que
1132 1647 1229 1695 uiget
1254 1643 1297 1691 f?
1335 1655 1470 1694 copore
1494 1643 1561 1690 llf.

190 1695 278 1732 543.
308 1697 401 1733 laeta
427 1696 495 1732 hec
519 1703 573 1732 est
598 1704 684 1733 inat.
703 1694 755 1733 Φ.
796 1703 850 1733 est
876 1696 944 1732 hoc
971 1704 1123 1746 materq.
1142 1699 1190 1734 D.
1231 1701 1287 1732 est
1312 1694 1402 1731 haec
1427 1700 1481 1732 est
1497 1692 1534 1730 E
1547 1692 1590 1731 Ψ

141 1745 319 1783 htdecem
335 1751 368 1782 et
383 1746 460 1783 edd,
474 1758 568 1783 saec.
582 1759 657 1782 xv.
690 1747 829 1784 Gloss.:
856 1745 958 1794 haee]
988 1747 1114 1783 domus
1133 1749 1167 1783 E
1176 1746 1212 1783 h.
1315 1746 1403 1782 544.
1432 1752 1504 1781 tres
1530 1745 1589 1781 isti

140 1808 174 1833 r.
277 1797 364 1833 545.
398 1809 456 1846 ep.
483 1804 630 1833 sumunt
657 1799 708 1833 N.
753 1809 855 1846 coag.
885 1798 985 1834 lactis
1011 1794 1425 1846 EZDNOmaqnnAy
1451 1800 1536 1832 tres.

193 1847 280 1884 546.
307 1846 494 1896 Pomaque
522 1860 602 1883 cum
632 1849 721 1883 ceris
746 1845 802 1884 Π.
844 1848 957 1884 Poma
983 1855 1020 1884 et
1046 1860 1125 1883 cum
1153 1848 1242 1883 ceris
1267 1846 1299 1883 b.
1341 1848 1452 1883 caeris
1476 1845 1590 1893 ΝΓΛ)

148 1898 195 1934 G.
235 1909 308 1934 cer.
337 1897 455 1933 dulcia
471 1893 587 1934 1141.
625 1898 661 1933 in
689 1899 819 1934 teneris
841 1910 874 1935 a.
894 1911 942 1934 m.
963 1898 1056 1934 fanis
1076 1900 1200 1934 2413
1212 1901 1271 1933 33.
1375 1898 1461 1933 547.
1490 1897 1591 1934 Abst-

58 1946 82 1977 θ’
144 1948 218 1984 alta
245 1946 264 1983 b
280 1959 351 1984 ma.
364 1960 420 1996 pr.
459 1959 559 1984 ceres
576 1960 645 1985 om.
662 1946 702 1983 Γ
701 1975 710 1984 .
745 1950 959 1999 sompuique
975 1952 1019 1985 E.
1061 1960 1205 1984 causam
1231 1945 1281 1983 Π
1293 1949 1590 1997 quiviqneetuett.

142 1997 198 2033 ed.
300 1999 388 2034 548.
416 2011 497 2033 cum
525 1998 666 2048 trepido
691 1999 740 2035 A.
843 2001 929 2035 549.
960 2000 1080 2035 Hostis
1108 1998 1278 2046 bruwpr.
1319 1998 1531 2048 placideque
1556 1994 1595 2033 Γ

144 2060 291 2097 ηια».ρν.
330 2049 472 2097 sompni
489 2051 534 2085 E.
636 2048 723 2086 550.
751 2049 994 2085 Tritolomum
1016 2046 1062 2085 Σ.
1101 2049 1370 2097 'l‘riptolomum
1390 2046 1429 2085 Γ
1429 2076 1437 2086 .
1477 2059 1589 2096 grem.

145 2100 298 2135 sustinet
320 2101 354 2136 G
370 2099 455 2135 tros.
557 2099 644 2136 551.
674 2112 782 2136 manu
804 2100 971 2136 demulsit
989 2097 1133 2136 BH41
1147 2102 1216 2146 483
1249 2100 1444 2137 Guar.scr.
1483 2109 1591 2134 manu

146 2149 268 2186 mulsit
297 2153 482 2198 Eminpr.
527 2162 635 2186 manu
654 2162 807 2199 puerum
826 2151 929 2186 tersit
950 2154 1008 2187 11.
1048 2162 1155 2186 manu
1177 2161 1329 2199 puerum
1351 2151 1461 2185 cussit
1485 2158 1589 2184 tinus.

146 2211 228 2236 eum
251 2212 322 2238 om.
340 2212 446 2236 tanus.
488 2201 659 2250 permuls.
679 2201 723 2236 ad
746 2200 836 2237 haec
854 2202 921 2237 tria
941 2205 1000 2238 12.
1041 2212 1124 2237 eum
1144 2203 1227 2236 trita
1247 2199 1281 2236 h.
1386 2200 1470 2236 553.
1498 2198 1590 2233 Iam-

147 2262 219 2298 que
245 2250 276 2296 f.
315 2250 398 2286 foco
426 2252 528 2298 pueri
555 2262 685 2300 corpus
715 2249 807 2287 ΦΝ
827 2251 938 2288 alius.
1040 2251 1128 2287 554.
1157 2250 1323 2287 Obstruit
1348 2247 1404 2287 Π.
1445 2247 1591 2284 Abbi-uit

146 2311 168 2335 r
184 2312 257 2336 nia.
272 2312 328 2350 pr.
370 2301 487 2344 honus
514 2303 559 2338 E.
599 2314 691 2351 opus
718 2313 894 2351 smmpr.
999 2302 1087 2338 555.
1123 2300 1212 2338 Exc.
1240 2302 1356 2337 subito
1381 2310 1505 2336 somno
1530 2297 1592 2347 pia

147 2352 198 2384 20
226 2350 308 2388 duo.
355 2363 507 2400 sompno
535 2354 580 2388 E.
629 2364 755 2388 minuo
789 2353 907 2389 subito
941 2353 1001 2402 pia
1028 2351 1094 2398 Ilf.
1111 2352 1344 2400 Gmma.pr.
1363 2361 1382 2386 s
1406 2359 1484 2385 sex.

197 2400 284 2436 556.
312 2403 516 2437 exclamans
535 2400 589 2437 A.
630 2403 853 2452 menbraque
877 2405 922 2439 G.
1027 2404 1113 2440 557.
1143 2401 1234 2438 Cum
1262 2401 1329 2436 dea
1354 2398 1479 2445 Imm.
1519 2409 1590 2433 non

148 2461 186 2487 es
214 2449 301 2486 dixit
327 2453 365 2486 in
391 2463 467 2487 ras.
495 2464 543 2488 w.
595 2451 680 2488 dum
708 2453 823 2489 nolles
852 2453 939 2490 dixit
964 2453 1052 2500 fort.
1072 2450 1188 2489 I'sub
1203 2463 1280 2488 ras.
1329 2461 1399 2485 non
1429 2449 1481 2484 uis
1506 2447 1593 2484 dixit

148 2499 513 2546 Ilf.DGOma.sec.
529 2502 738 2539 mmmm.
755 2504 864 2540 2044
889 2515 968 2542 sex.
1009 2515 1082 2540 non
1109 2503 1161 2538 uis
1187 2500 1300 2549 inquit
1323 2497 1410 2548 p2‘?
1434 2498 1517 2535 duo.
1554 2509 1593 2535 es

148 2551 264 2600 inquit
294 2548 366 2597 ΨΙ
389 2555 471 2587 tres.
573 2554 659 2589 558.
689 2560 774 2590 mat.
803 2555 873 2592 sint
901 2566 1007 2591 imaus.
1051 2563 1130 2589 meo
1156 2553 1347 2598 Emmpr.
1390 2561 1470 2586 mea
1496 2548 1594 2584 facta

151 2604 198 2637 12
211 2604 271 2638 20.
313 2612 395 2638 mea
423 2603 534 2638 uerba
559 2605 678 2641 nescio
703 2609 801 2652 quot.
904 2606 991 2642 559.
1025 2603 1105 2653 Ipse
1135 2602 1180 2638 G.
1227 2600 1292 2637 Ille
1318 2599 1349 2637 b.
1390 2599 1488 2650 qnid.
1516 2610 1593 2636 mo-

151 2652 285 2689 riturus
310 2650 360 2690 22
387 2651 472 2688 duo.
513 2659 591 2690 erat
618 2652 649 2690 b.

915 2804 984 2937 'f
