1630 2921
86 59 131 88 lv
629 57 747 88 FASTI
779 57 991 89 connssc'rl

85 169 182 193 anno
208 155 244 193 id
270 156 404 194 sactum
431 156 540 194 tradit
566 157 611 194 V.
641 158 686 194 C.
712 158 810 205 7453
846 159 972 208 quinto
1005 159 1084 196 loco
1112 166 1174 196 aut
1200 159 1317 198 edicto
1344 162 1440 212 eius,
1467 171 1531 202 aut

85 218 223 266 legibus
258 217 446 255 iudiciariis
472 218 679 255 Saturnalia
713 220 748 255 in
786 219 941 256 triduum
977 219 1156 269 producta
1191 233 1292 270 esse3
1338 229 1529 276 utrumque
1551 237 1580 261 n.

86 281 179 316 enim
207 279 294 316 dicit
320 279 524 315 Macrobius
554 284 589 327 l,
618 282 666 316 10
700 281 776 316 init.
803 286 840 316 et
865 280 927 316 fin.
956 288 993 317 et
1027 289 1179 332 utroque
1214 283 1322 320 modo
1354 284 1390 322 id
1417 286 1534 320 iuberi

87 342 224 390 potuit,
253 340 393 387 edicto,
421 347 460 377 ut
486 341 634 391 opinor,
659 340 842 391 pontificio
870 341 971 384 (uide
997 343 1180 379 Vaassenii
1210 342 1458 381 animaduers.
1485 343 1533 380 ad
1574 340 1577 341 ⁷
1602 389 1608 404 ἱ

85 402 170 439 fast.
199 415 293 438 sacr.
319 414 356 451 p.
373 403 422 437 68
447 401 545 450 sq.),
580 414 650 438 non
678 415 764 451 ergo
792 407 986 450 antequam
1014 414 1109 438 anno
1136 401 1183 437 V.
1214 402 1256 439 C.
1283 404 1355 438 741
1384 404 1533 452 pontifi-

86 471 186 499 catus
214 463 386 499 maximus
414 463 460 499 ad
488 465 687 512 Augustum
714 463 938 499 deferretur:
975 462 1073 509 leges
1110 468 1228 498 autem
1257 465 1407 512 Augusti
1440 465 1532 502 iudi-

84 525 214 560 ciariae
240 524 297 560 cui
323 536 418 560 anno
445 524 681 571 assignandae
708 526 793 571 sint,
821 524 946 571 ignoro
974 534 1054 557 cum
1078 522 1173 561 lctis.
1217 523 1420 562 Nouissime
1438 522 1553 564 Sue-‘

84 587 203 622 tonius
230 598 263 622 c.
289 589 339 621 32
373 586 568 622 memoriae
604 584 762 633 prodidit
789 585 990 632 Augustum
1023 582 1098 620 dies
1135 585 1227 622 ultra
1261 587 1407 636 triginta
1439 587 1531 625 ludis

83 647 282 684 honorariis
319 652 515 695 occupatos
557 645 652 681 actui
685 657 804 680 rerum
845 644 1158 682 accommodasse:
1205 647 1304 697 quod
1342 655 1379 683 et
1414 649 1531 697 ipsum

84 709 274 758 probabile
302 715 356 744 est
383 709 417 743 in
446 707 583 755 legibus
620 706 811 742 iudiciariis
848 707 1018 745 extitisse.
1056 707 1150 758 ,Hoc
1176 721 1218 744 cn
1237 732 1257 744 μ
1285 708 1419 745 sactum
1448 709 1533 747 dicit
1579 701 1582 705 ’

83 770 300 806 Vaassenius
327 782 364 818 p.
389 770 464 804 290
491 780 585 803 anno
612 767 657 803 V.
687 768 729 804 C.
757 769 857 814 746,
893 767 1097 816 opinionem
1129 782 1231 806 suam
1267 771 1407 819 posuit,
1447 783 1532 808 nus·

85 844 194 881 quam
222 830 318 867 enim
345 829 391 866 de
417 835 584 878 tempore
607 829 798 877 quicquam
820 828 1000 878 proditur,
1028 840 1121 877 quae
1149 836 1270 866 tamen
1297 843 1320 867 a
1346 843 1433 868 uero
1458 844 1532 868 non

83 893 193 941 longe
222 893 349 928 abesse
376 890 532 927 uidetur.
587 889 697 926 Certe
725 901 843 940 neque
878 890 961 939 plus
988 890 1232 939 quinquennio
1260 898 1346 928 ante
1372 893 1532 942 Augusto

82 955 119 991 in
146 960 200 990 tot
225 953 301 989 dies
328 952 487 988 nefastos
513 952 567 988 ius
593 950 675 1007 suit,
702 962 821 1000 neque
842 952 956 987 multo
980 958 1064 1000 post
1084 964 1145 988 eos
1172 964 1192 988 e
1218 952 1319 990 fastis
1344 961 1532 1001 exemptos

83 1015 290 1065 putauerim
329 1013 399 1050 hoc
436 1019 664 1062 argumento.
727 1010 850 1049 Causa
887 1011 1134 1061 augendorum
1168 1012 1306 1051 dierum
1341 1014 1532 1063 fastorum,
1595 1026 1600 1059 ξ

83 1077 162 1113 siue
188 1075 418 1112 comitialium
446 1073 575 1110 eadem
606 1072 714 1109 fuerit
740 1080 907 1123 oportet,
943 1086 1037 1122 quae
1064 1075 1168 1110 etiam
1196 1075 1351 1124 augendi
1376 1075 1534 1113 iudicum
1597 1097 1601 1112 l

84 1138 239 1185 numeri,
265 1136 365 1186 quod
390 1135 518 1172 eodem
544 1135 625 1170 loco
645 1134 840 1172 Suetonius
862 1136 984 1183 habet,
1012 1143 1047 1171 et
1066 1136 1254 1172 extruendi
1278 1137 1349 1173 sori
1368 1138 1532 1187 Augusti,
1594 1124 1601 1168 l

83 1199 132 1237 de
156 1212 228 1249 quo
255 1199 409 1235 Sueton·
440 1210 471 1233 c.
495 1198 559 1244 29,
589 1196 758 1233 uidelicet
784 1198 897 1233 litium
925 1203 961 1234 et
985 1197 1196 1234 iudiciorum
1222 1198 1427 1235 multitudo.
1476 1199 1533 1235 Ea
1593 1193 1599 1218 ἲ
1628 1225 1630 1237 1

84 1274 144 1299 res
169 1260 261 1298 adeo
289 1260 453 1309 urgebat,
481 1264 520 1295 ut
547 1258 666 1294 sorum
694 1265 778 1295 ante
804 1271 911 1308 quam
939 1260 1115 1307 oportuit,
1143 1258 1211 1294 boc
1237 1266 1311 1304 est,
1338 1266 1532 1309 antequam

84 1322 210 1359 Martis
238 1320 372 1358 Vltoris
396 1321 444 1357 in
483 1333 526 1356 eo
561 1319 734 1369 templum
763 1319 968 1356 dedicatum
1003 1327 1097 1356 esset
1125 1321 1392 1370 publicaretur,
1425 1321 1529 1358 Suet.

85 1396 118 1420 c.
138 1385 188 1420 29
214 1383 284 1420 Dio
311 1383 414 1420 Cass.
442 1394 580 1431 argum.
607 1382 687 1417 libri
714 1382 788 1429 55,
826 1389 861 1418 et
893 1388 1011 1418 tamen
1039 1381 1142 1418 tarde
1167 1382 1203 1418 id
1230 1382 1376 1419 confieri
1402 1394 1531 1431 quere·

85 1451 186 1482 retur
209 1445 390 1494 Augustus
417 1448 454 1479 et
479 1442 637 1479 accusari
663 1453 685 1478 a
712 1443 836 1479 Cassio
861 1444 1001 1480 Seuero
1029 1450 1187 1493 optaret,
1217 1450 1256 1480 ut
1282 1443 1420 1480 absolui
1445 1455 1530 1493 pos-

85 1513 155 1555 set,
181 1507 295 1544 Macr.
322 1505 402 1542 Sat.
431 1507 469 1552 2,
497 1505 533 1540 4.
587 1503 697 1552 Atqui
730 1503 799 1540 loci
825 1506 997 1554 angustiis
1025 1512 1160 1555 quanto
1188 1503 1368 1541 molestius
1393 1516 1450 1540 res
1474 1503 1532 1540 fo-

85 1569 198 1606 rensis
225 1567 482 1618 premebatur,
518 1571 621 1602 tanto
648 1567 820 1602 maturius
848 1574 989 1616 tempus
1016 1567 1178 1603 iudiciale
1205 1566 1358 1603 relaxari
1385 1572 1532 1614 oporte-

87 1630 147 1666 bat
173 1636 209 1666 et
236 1631 313 1666 siue
340 1628 484 1677 negotio
519 1633 675 1676 poterat.
728 1628 804 1663 Iam
840 1642 926 1664 uero
964 1629 1086 1678 templi
1112 1628 1237 1664 Martis
1270 1626 1533 1662 dedicationem

85 1691 250 1727 incidisse
276 1692 312 1726 in
339 1690 564 1725 consulatum
593 1689 742 1738 Augusti
774 1689 951 1726 decimum
981 1697 1017 1726 et
1044 1690 1210 1735 tertium,
1247 1700 1380 1723 aunum
1410 1685 1458 1722 V.
1487 1686 1531 1722 C.

85 1752 174 1795 752,
201 1757 355 1800 apparet
381 1762 425 1787 ex
451 1750 569 1786 Dione
597 1750 722 1786 Cassio
750 1751 816 1797 55,
845 1753 893 1786 10
917 1763 1002 1799 pag.
1030 1761 1168 1786 summa
1196 1749 1269 1785 559
1297 1747 1420 1784 Sturz.
1447 1746 1534 1782 Fori
1594 1783 1595 1788 ,

85 1813 179 1848 inter
206 1823 288 1848 eum
315 1822 448 1847 annum
475 1817 512 1846 et
546 1822 726 1846 secessum
753 1811 890 1846 Tiberii
918 1812 952 1846 in
979 1811 1149 1847 Rhodum
1187 1821 1282 1845 anno
1310 1809 1385 1844 748
1415 1807 1532 1856 publi-

87 1873 158 1909 cati
186 1872 403 1908 mentionem
430 1871 559 1907 lacuna
586 1871 718 1906 hausit.
773 1871 917 1907 Tamen
945 1872 1036 1907 ratio
1072 1873 1137 1907 ista
1173 1866 1320 1907 eatenus
1347 1867 1532 1915 satisfacit,

90 1941 131 1971 ut
159 1946 205 1970 ne
231 1932 317 1983 quid
343 1933 488 1969 obstare
516 1930 696 1979 uideatur,
725 1932 809 1981 quin
834 1934 929 1968 circa
956 1945 1090 1968 annum
1122 1931 1167 1970 V.
1194 1932 1237 1968 C.
1264 1931 1339 1967 746
1366 1931 1450 1966 istas
1476 1941 1533 1966 res

87 2008 210 2033 omnes
238 2001 356 2044 gestas
384 2006 463 2030 esse
492 1999 531 2029 et
558 1992 604 2028 de
631 1991 732 2028 fastis
760 1994 931 2030 meruisse
957 1995 1156 2042 Augustum
1181 1993 1352 2029 dicamus.
1402 1990 1533 2027 Statim

87 2070 132 2095 ex
157 2058 272 2107 primo
299 2062 444 2103 autem,
481 2052 579 2104 quod
615 2054 746 2103 posui,
783 2054 948 2103 intelligis
984 2054 1019 2090 id
1054 2054 1189 2091 sactum
1225 2066 1304 2090 esse
1338 2059 1533 2102 antequam
1584 2083 1585 2087 ,

86 2119 218 2155 Fastos
247 2117 400 2155 Ouidius
425 2117 621 2153 scriberet:
659 2117 858 2164 Augustum
887 2128 1048 2151 mensem
1075 2117 1169 2152 enim
1195 2115 1355 2165 appellat
1380 2114 1420 2161 5,
1448 2114 1532 2153 147.

88 2182 140 2216 Ac
166 2179 285 2216 nescio
311 2191 356 2214 an
384 2190 428 2215 ex
454 2191 519 2226 eo,
546 2176 645 2227 quod
670 2176 829 2214 secundo
855 2177 935 2213 loco
962 2177 1091 2226 legisti,
1119 2178 1251 2214 locutio
1278 2177 1353 2213 eius
1379 2175 1441 2212 illa
1466 2187 1533 2212 no-

88 2240 204 2278 tabilis
229 2238 444 2289 explicanda
468 2239 514 2275 sit
541 2242 579 2286 3,
609 2239 703 2275 165:

579 2302 615 2337 ὶη
642 2299 799 2337 lustrum
824 2300 988 2338 accedere
1014 2299 1112 2337 debet

351 2363 451 2407 Quae
475 2366 742 2399 consmnmatm·
768 2362 933 2410 partibus
958 2375 1034 2399 una
1058 2363 1144 2399 dics.

88 2424 197 2462 Nouo
223 2423 387 2460 nimirum
423 2423 530 2460 modo
567 2424 636 2460 hoc
671 2423 804 2460 dictum
831 2432 908 2461 est:
947 2425 1047 2474 quasi
1080 2424 1174 2461 enim
1213 2436 1286 2461 non
1320 2424 1406 2460 satis
1439 2428 1534 2460 esset

88 2485 362 2541 interpretesin
397 2486 614 2533 quinquenni
638 2484 856 2535 olympiade,
895 2487 1007 2523 lustro
1035 2498 1106 2522 non
1144 2486 1331 2532 breuiore,
1367 2485 1535 2521 laborare
1580 2507 1585 2518 ,

89 2548 125 2584 T
128 2548 202 2585 rist.
228 2548 266 2594 4,
288 2549 349 2593 10,
372 2547 435 2593 95,
457 2548 528 2593 963
563 2547 670 2584 Pout.
700 2549 738 2593 4,
758 2549 797 2595 6,
819 2548 857 2592 5,
877 2550 916 2596 6,
953 2549 1010 2584 hic
1036 2559 1156 2583 rursus
1184 2547 1336 2584 lustrum
1363 2553 1418 2582 est
1443 2552 1548 2595 qua-¹
1580 2559 1583 2564 ·

88 2614 171 2646 tuor
195 2620 371 2646 annorum
396 2605 662 2658 πενταετηρίς.
706 2609 841 2647 Verum
867 2611 950 2659 quia
970 2609 1068 2660 quod
1089 2610 1225 2646 Caesar
1250 2607 1335 2645 dict.
1356 2605 1532 2655 edixerat,
1577 2633 1580 2640 ι
