1685 2954
154 53 234 98 124
710 73 1028 104 Fasronvm

205 169 347 210 Ausus
378 183 427 211 es
454 177 548 212 ante
577 174 719 216 oculos
747 175 923 220 adducta
952 176 1097 229 pellice
1127 182 1291 217 nostros

265 238 367 276 Tam
396 238 502 278 benc
533 243 802 294 compositum
832 244 1051 283 sollicitare
1080 241 1242 283 torum?

207 305 301 344 Heu
329 303 398 344 ubi
427 313 550 357 pacta
576 306 711 350 fides?
738 311 806 350 ubi
835 324 939 363 quae
965 310 1095 350 iurare
1125 308 1321 350 solebas?
1513 314 1591 352 485

262 373 335 411 Me
364 374 564 426 miseram,
594 375 783 429 quotiens
810 378 914 419 hacc
945 392 1024 431 ego
1055 378 1178 417 uerba
1208 378 1366 430 loquor!

205 439 372 479 Thesea
399 441 606 494 culpabas,
637 443 904 498 fallacemque
932 447 1023 498 ipse
1052 445 1251 485 uocabas:

259 506 412 547 Iudicio
441 521 594 560 peccas
623 511 779 564 turpius
809 513 898 565 ipse
928 520 1011 553 tuo.

206 574 274 614 Ne
301 576 408 616 sciat
436 576 516 615 hoc
546 578 772 630 quisquam,
802 581 1022 633 tacitisque
1052 578 1258 631 doloribus
1285 591 1387 630 urar,

261 643 329 682 Ne
355 642 508 683 totiens
537 644 620 684 falli
649 643 774 697 digna
804 645 934 684 fuisse
962 651 1090 698 puter.
1513 647 1593 686 490
1666 679 1668 681 ,

206 709 432 762 Praecipue
463 713 622 763 cupiam
651 711 775 751 celari
804 712 982 764 Thesea,
1012 726 1064 751 ne
1093 718 1135 752 te

263 777 507 817 Consortem
537 779 682 830 culpae
719 777 902 831 gaudeat
937 792 1034 818 esse
1064 792 1178 819 suae.

204 843 262 883 At
289 851 387 896 puto
417 845 650 898 praeposita
679 851 758 885 est·
774 845 918 886 fuscae
948 845 1043 885 mihi
1073 845 1245 886 candida
1275 847 1420 899 pellex.

259 911 437 952 Eueniat
466 914 617 953 nostris
646 914 835 954 hostibus
863 915 929 953 ille
962 915 1089 954 color!

205 977 314 1030 Quid
342 986 478 1020 tamen
506 981 586 1020 hoc
613 978 771 1021 refert?
800 981 898 1020 uitio
928 980 1001 1021 tibi
1030 981 1183 1035 gratior
1212 981 1302 1033 ipso
1332 988 1409 1022 est.
1514 983 1592 1021 495

258 1044 366 1096 Quid
393 1044 530 1087 facis?
560 1049 772 1100 amplexus
798 1049 980 1102 inquinat
1009 1049 1075 1088 illa
1105 1054 1210 1089 tuos.

203 1113 382 1166 Bacche,
411 1114 533 1154 fidem
562 1122 742 1169 praesta,
771 1129 851 1157 nec
879 1116 1040 1169 praefer
1069 1114 1273 1156 amoribus
1301 1117 1421 1156 ullam

258 1181 471 1235 Coniugis.
506 1184 673 1223 assueui
703 1197 866 1237 semper
895 1196 1033 1223 amare
1063 1184 1202 1224 uirum.

204 1248 415 1301 Ceperunt
442 1256 609 1291 matrem
639 1252 804 1292 formosi
833 1263 983 1291 cornua
1012 1250 1127 1303 tauri,

259 1317 332 1358 Me
359 1323 441 1359 tua.
479 1324 522 1360 at
550 1319 619 1361 hic
645 1319 755 1360 laudi
783 1324 861 1372 est,
890 1319 958 1359 ille
982 1318 1199 1372 pudendus
1228 1330 1349 1359 amor.
1515 1322 1595 1358 500

203 1480 289 1515 483.
325 1480 442 1517 Ausus
466 1487 550 1519 ante
576 1480 624 1518 Γ.
665 1482 760 1519 ocul.
788 1481 944 1518 abducta
970 1478 1114 1518 ΛΨΙ).
1163 1493 1218 1517 oc.
1245 1479 1401 1516 deducta
1431 1476 1483 1515 (D.
1529 1490 1595 1529 pe-

150 1529 220 1566 lice
247 1529 464 1569 DEGFr.
566 1535 652 1569 484.
681 1534 753 1569 lam
784 1534 875 1569 bene
907 1533 1305 1579 vamz.p1·.l22033
1325 1534 1470 1578 sepiem.
1509 1541 1596 1582 con-

151 1592 233 1628 pos.
270 1582 315 1617 G.
359 1582 453 1618 thor.
479 1584 559 1618 nuci.
662 1584 749 1619 485.
781 1584 877 1618 lleus
905 1583 963 1618 ubi
993 1576 1596 1618 BDEGOEI‘ANOPH‘PA

147 1629 461 1681 bfmma.scc.pr
487 1635 614 1680 uiyinti
635 1639 666 1669 et
686 1638 759 1669 uult
786 1633 839 1669 cd.
883 1634 979 1668 llaec
1008 1633 1066 1667 ubi
1092 1643 1279 1679 muunpr.
1323 1631 1383 1665 ubi
1410 1636 1463 1666 est
1488 1636 1596 1678 pacta

153 1678 207 1717 Φ.
246 1682 335 1718 fides
362 1691 399 1718 et
425 1696 517 1731 quae
545 1681 591 1719 Γ.
632 1684 721 1720 fides
749 1697 855 1732 quain
884 1692 922 1718 tu
950 1684 1016 1717 iur.
1049 1684 1080 1717 B
1099 1694 1177 1719 aar.
1196 1693 1266 1717 scr.
1313 1681 1371 1716 ubi
1400 1680 1461 1729 qui
1491 1677 1544 1715 Φ.

199 1732 286 1768 486.
323 1735 492 1781 quociens
520 1731 613 1770 ΕΓ.
665 1736 777 1770 uerba
805 1745 939 1782 queror
966 1734 1013 1767 29
1034 1743 1197 1768 nar-scr.
1252 1732 1380 1779 loquar
1412 1726 1600 1767 AEOEE

150 1782 232 1817 633
259 1787 410 1830 septen„
437 1796 460 1831 p
477 1796 557 1820 uar.
575 1796 645 1821 scr.
748 1786 835 1820 487.
864 1784 953 1819 Tes.
981 1780 1028 1819 Γ.
1131 1783 1217 1819 488.
1245 1781 1379 1817 Indicio
1404 1783 1596 1829 Emmpr.
1669 1808 1676 1816 .

156 1828 208 1869 Ψ.
247 1832 377 1869 luditio
401 1836 451 1871 D.
492 1835 627 1870 Peccas
653 1833 783 1870 iudicio
810 1841 906 1883 turp.
934 1832 995 1870 A.
1035 1844 1137 1882 pecc.
1167 1832 1276 1868 tutius
1303 1829 1350 1867 Π
1367 1844 1439 1868 ma.
1458 1843 1513 1879 pr.
1533 1834 1594 1867 41.

148 1894 253 1932 pecc.
279 1884 432 1933 turpiter
457 1885 644 1921 ADm12
658 1887 726 1932 203
753 1897 869 1934 puar.
885 1896 955 1921 scr.
1060 1884 1146 1919 489.
1174 1882 1320 1918 Nesciat
1348 1879 1597 1918 DEGwa

149 1931 198 1979 fr
222 1938 308 1970 vett.
336 1934 389 1971 ed.
443 1935 589 1972 Nesciet
617 1938 726 1971 1220
752 1940 918 1983 quatuor.
970 1934 1079 1969 Nesc.
1110 1933 1199 1968 haec
1223 1929 1595 1980 Ama.p1·.EFTb.

152 1983 271 2033 quisq.
299 1986 475 2034 tectisque
503 1985 534 2021 b.
578 1985 694 2021 dolor.
725 1993 805 2020 utar
830 1981 1220 2030 EGTMNObyr.
1268 1979 1384 2020 dolor.
1413 1990 1495 2019 utor
1520 1983 1595 2018 As.

153 2040 234 2069 urat
260 2034 297 2072 h.
400 2038 487 2072 490.
517 2036 652 2071 tociens
670 2033 804 2072 ΒΕΓ.
843 2042 947 2084 putet
973 2035 1146 2082 hma.pr.
1250 2036 1336 2070 491.
1362 2033 1518 2082 Prcipue
1548 2034 1594 2070 G.

149 2090 249 2120 tesea
270 2083 317 2120 Γ.
355 2085 446 2122 thes.
476 2098 542 2121 nec
568 2093 604 2122 te
628 2085 739 2122 vnhr.
842 2088 929 2121 493.
960 2087 1010 2120 Au
1039 2093 1127 2134 puto
1149 2086 1338 2132 Domum.
1377 2084 1426 2119 Vt
1452 2090 1540 2132 puto
1559 2082 1594 2117 A

149 2133 831 2186 EFGMma.pr.NOAEbe43
843 2137 892 2171 44
917 2138 1045 2183 uiyinti
1064 2134 1151 2178 du03
1182 2133 1466 2182 GApuar.scr.
1504 2139 1593 2181 puto

152 2197 296 2222 erasum
313 2189 347 2223 in
365 2199 413 2223 m.
453 2187 662 2236 praeposita
688 2186 772 2222 mihi
800 2187 900 2222 susce
918 2187 1022 2222 caud.
1039 2182 1087 2221 Σ.
1130 2185 1334 2234 praeposita
1361 2183 1461 2221 fusce
1485 2182 1591 2218 alins.

149 2243 204 2271 est
230 2237 315 2272 milii
341 2237 465 2274 fuscae
489 2237 644 2274 Tatius.
688 2238 792 2286 pelex
815 2233 1186 2283 11mu.sec.rEGEr.
1291 2236 1375 2271 494.
1404 2239 1512 2270 nostr.
1534 2244 1592 2267 os-

150 2285 247 2322 sibus
273 2300 454 2337 onum-pr.
496 2289 555 2324 ille
583 2288 701 2337 pudor
727 2299 901 2337 pmu.pi·.
1007 2288 1093 2322 495.
1122 2294 1241 2322 tamen
1269 2285 1358 2320 haec
1383 2284 1499 2340 refero
1528 2282 1591 2338 uit.

156 2332 198 2371 Ψ
213 2336 276 2374 Ts
300 2349 441 2375 aruntem.
481 2346 601 2375 tamen
629 2338 698 2373 hoc
725 2339 843 2373 resero
867 2336 947 2382 Σ1ι;
980 2338 1050 2374 CO
1067 2348 1228 2374 uur.scr.
1269 2337 1357 2370 uieio
1388 2331 1450 2370 GI
1473 2344 1503 2368 r.
1541 2345 1594 2367 ui-

148 2386 200 2422 tio
226 2388 253 2422 si
282 2396 373 2436 grat.
403 2392 465 2424 21.
507 2396 600 2437 grat.
628 2389 706 2438 ipsa
734 2395 787 2424 est
811 2386 894 2425 DE
912 2389 1039 2426 decem.
1081 2394 1173 2435 grat.
1201 2386 1259 2422 illa
1288 2391 1339 2420 est
1363 2394 1568 2431 ptiar-scr.

198 2437 295 2482 493,
322 2440 417 2482 496,
444 2441 538 2484 495,
569 2441 643 2476 494
669 2443 811 2486 trunsp.
843 2442 960 2475 1220.
1074 2439 1160 2473 496.
1193 2436 1280 2471 sacis
1306 2431 1592 2487 ouh-suncam-

147 2486 222 2536 inq.
244 2487 304 2524 ille
333 2489 558 2538 Ουιπιαφν.
663 2492 748 2525 497.
776 2489 899 2525 ssaclie
927 2491 1005 2525 mei.
1046 2500 1158 2523 amor.
1186 2486 1279 2522 inam
1300 2481 1376 2520 ΣΊ
1395 2483 1443 2519 br
1454 2494 1595 2538 may-›L-

199 2539 286 2574 498.
321 2538 426 2575 Coni.
453 2545 636 2578 assuetum
662 2543 709 2575 23
726 2552 800 2576 mu.
817 2552 872 2588 pr.
920 2540 1024 2575 Coui.
1050 2537 1198 2574 assuetis
1225 2537 1436 2572 Emunscr.
1486 2544 1593 2590 assue

147 2587 259 2625 alius.
299 2595 467 2626 assuetae
495 2593 554 2629 13.
657 2591 744 2627 499.
772 2589 891 2626 thauri
912 2593 959 2627 D.
1062 2589 1148 2624 500.
1175 2585 1235 2621 Me
1256 2585 1329 2620 uiat
1356 2592 1392 2620 et
1420 2582 1529 2620 laedit
1544 2583 1593 2621 A.

145 2637 305 2676 Maeniat
330 2646 367 2676 et
393 2639 487 2678 laed.
515 2642 577 2677 43.
623 2640 685 2678 Me
711 2641 813 2677 iuuat
840 2647 876 2678 et
903 2639 988 2677 ledit
1017 2641 1050 2675 B
1065 2638 1180 2687 primo
1199 2634 1274 2673 loco
1295 2630 1595 2674 GDEFGwF
