1685 2954
573 96 671 124 ΜΒ.
704 96 987 124 sncvxnvs
1447 84 1503 128 85

115 197 210 238 Neo
238 209 361 238 mora.
396 195 646 254 principibus
676 196 814 237 caesis
843 208 898 236 ex
925 196 1025 237 urbe
1053 193 1215 238 Gabina

171 264 401 306 Traduntur
427 262 602 303 ducibus
627 263 786 304 moenia
813 262 923 304 nuda
949 265 1049 304 suis.

113 332 243 385 Ecce,
270 332 386 372 nefas
414 331 520 382 uisu,
549 330 697 372 mediis
730 331 924 372 altaribus
953 331 1102 385 anguis

167 397 267 440 Exit
295 404 337 438 et
365 397 561 439 extinctis
589 398 754 453 ignibus
785 403 882 438 exta
910 399 1025 451 rapit.
1418 403 1497 438 710

113 466 348 508 consulitur
374 465 580 506 Phoebus.
619 479 709 507 sors
737 472 803 507 est
831 464 890 506 ita
918 465 1089 518 reddita,
1119 469 1236 508 matri

166 533 246 585 Qui
274 531 432 573 dederit
459 534 651 586 princeps
680 534 835 585 oscula,
866 533 996 574 uictor
1024 531 1110 574 erit.

109 601 265 642 Oscula
291 600 465 653 quisque
493 612 595 641 suae
624 600 743 639 matri
768 606 987 653 properata
1015 601 1190 642 tulerunt

160 669 258 709 Non
285 667 508 720 intellecto,
539 666 703 707 credula
732 667 864 720 turba,
893 668 983 708 deo.

106 738 259 778 Brutus
287 740 376 776 erat
403 735 522 775 stulti
549 734 717 788 sapiens
747 736 935 788 imitator,
962 741 1009 777 ut
1037 742 1154 778 esset
1418 741 1495 777 715

165 805 298 844 'l'utus
327 803 377 842 ab
406 801 578 855 insidiis,
607 802 692 843 dire
721 802 921 856 Superbe,
949 804 1043 844 tuis.

107 872 180 914 Ille
208 872 350 912 iacens
378 883 532 924 pronus
559 870 678 910 matri
706 869 818 909 dedit
846 871 988 910 oscula
1015 876 1169 910 terrae:

163 938 354 981 Creditur
379 937 538 979 offenso
567 937 835 990 procubuisse
863 935 982 988 pede.

105 1008 297 1061 Cingitur
323 1006 482 1046 interea
508 1004 684 1045 romanis
711 1002 851 1044 Ardea
879 1003 1024 1057 signis,

161 1076 219 1115 Et
246 1073 398 1126 patitur
422 1073 557 1112 lentas
586 1069 798 1111 obsidione
826 1083 974 1112 moras.
1416 1078 1496 1113 '7130

103 1142 210 1182 Dum
237 1146 360 1181 uacat
387 1146 431 1180 et
458 1143 646 1179 metuunt
672 1138 818 1180 hostes
847 1140 1102 1180 committere
1130 1151 1324 1193 pugnam,

156 1207 328 1249 [auditur
354 1208 396 1247 in
424 1207 586 1248 castris.
621 1206 706 1248 otia
731 1207 851 1247 miles
878 1204 980 1260 agit.

101 1276 347 1330 Tarquinius
370 1275 535 1316 iuuenis
563 1275 702 1316 socios
730 1274 986 1326 dapibusque
1015 1285 1207 1329 meroque

157 1342 337 1399 Accipit.
375 1356 430 1386 ex
456 1344 535 1385 illis
563 1354 666 1397 rege
695 1347 860 1384 oreatus
887 1343 967 1383 ait:

95 1501 183 1537 707.
211 1501 343 1550 gabina
369 1502 407 1537 in
434 1513 509 1538 ras.
537 1513 610 1538 ma.
637 1505 719 1538 tert.
749 1499 873 1547 Ilfeld.
913 1501 1050 1549 gabinis
1077 1504 1110 1538 B
1127 1503 1201 1540 Gm
1226 1513 1303 1539 sem.
1407 1503 1494 1538 708.
1540 1516 1542 1518 ’

45 1550 257 1588 Produntur
281 1554 328 1588 M
343 1563 426 1588 var.
442 1564 513 1589 scr.
556 1553 698 1588 maenia
716 1555 765 1588 D.
868 1554 956 1589 709.
984 1552 1085 1589 nefas
1112 1554 1236 1590 mediis
1264 1565 1401 1589 mersus
1430 1552 1494 1589 alt.

46 1606 110 1638 11.
147 1601 248 1637 nefas
275 1603 391 1638 uisum
419 1609 474 1638 est
499 1602 594 1639 med.
615 1615 652 1639 m
666 1607 813 1652 septem.
915 1605 1002 1639 710.
1033 1610 1069 1639 et
1094 1606 1265 1640 extructis
1287 1605 1494 1640 0uar.scr.

50 1652 241 1689 Gloss.D:
275 1658 359 1700 post
384 1653 569 1689 uictoriam
597 1654 691 1689 enim
722 1654 905 1690 faciebant
935 1654 1120 1690 sacrificia.
1230 1656 1317 1690 711.
1354 1654 1496 1703 phebus

47 1705 141 1739 DE.
179 1701 312 1751 phoeb.
344 1715 414 1738 uox
440 1709 494 1738 est
520 1715 539 1739 s
558 1702 641 1739 duo.
687 1716 836 1752 sorsque
857 1711 912 1740 est
934 1701 1164 1740 BGHle
1182 1710 1327 1753 septem.
1370 1706 1497 1741 Etiam

45 1754 86 1790 ἰη
111 1750 193 1798 Ilf„
219 1753 253 1788 si
276 1756 369 1788 recte
392 1753 560 1788 inritatus
584 1765 679 1800 sum,
705 1755 818 1801 possit
851 1765 923 1802 que
949 1766 1089 1791 erosum
1116 1766 1202 1790 esse.
1251 1754 1392 1790 reddita
1418 1766 1496 1790 ina-

46 1803 90 1839 lis
117 1802 151 1838 b.
263 1804 350 1838 712.
389 1804 470 1845 Ita,
504 1804 692 1851 princeps,
721 1804 759 1839 A
774 1802 839 1849 ΠΤ.
858 1803 923 1839 sub
940 1816 1017 1840 ras.
1036 1807 1069 1840 B
1084 1806 1155 1842 GE
1168 1802 1378 1841 FGMAb
1394 1817 1431 1840 m-
1447 1806 1496 1840 43

48 1852 213 1890 undecim
230 1857 264 1889 et
279 1852 407 1888 Aldtnz
422 1854 635 1900 posteriores
644 1866 653 1897 ;
678 1865 906 1901 psaransc‘r.
945 1855 1081 1902 primus
1106 1854 1249 1903 reliqui,
1273 1854 1335 1891 sed
1362 1853 1498 1891 Oscula

45 1905 109 1954 qui
134 1903 277 1940 dederit
306 1903 444 1952 primus
477 1904 562 1938 uict.
589 1902 619 1949 f.
666 1903 740 1946 Qui
768 1904 904 1952 primus
933 1904 1076 1941 dederit
1101 1918 1174 1941 osc.
1203 1917 1234 1941 s.
1281 1917 1354 1941 ose.
1381 1905 1497 1941 maior

49 1955 119 1990 erit
143 1957 194 1991 M
207 1965 287 1990 uar.
305 1965 374 1989 sor.
477 1955 566 1988 713.
595 1952 681 1989 Osc.
705 1953 839 2002 quique
858 1957 908 1990 D.
946 1955 1064 1991 tulere
1089 1957 1166 1992 s26
1185 1954 1268 1992 duo.
1305 1967 1412 2005 prop.
1431 1954 1496 1992 de-

49 2004 183 2041 derunt
213 2002 296 2041 FA
304 2000 410 2040 MN
417 2000 504 2040 ΟΠ
511 2003 529 2039 b
540 2015 586 2040 rs
605 2008 638 2039 et
657 2003 853 2050 quindecim
871 2004 962 2051 fere3
988 2018 1012 2053 p
1029 2017 1110 2042 nar.
1124 2017 1194 2042 scr.
1234 2018 1341 2055 prop.
1362 2005 1498 2042 dedere

51 2056 98 2092 G.
200 2056 287 2091 714.
325 2056 488 2090 Litterae
513 2054 621 2090 llecto
646 2056 685 2090 in
709 2066 786 2091 tras·
814 2058 859 2091 E.
900 2056 1007 2091 turba
1032 2069 1121 2092 sono
1148 2057 1200 2092 N.
1303 2056 1392 2092 715.
1418 2062 1497 2092 erat

44 2105 192 2154 sapiens
218 2106 390 2153 stultique
416 2106 504 2141 imit.
529 2106 575 2142 G.
617 2116 696 2154 sap.
725 2106 843 2141 imitor
869 2105 900 2151 f.
939 2118 1019 2155 sap.
1046 2113 1207 2143 mutator
1232 2103 1279 2143 Σ.
1319 2119 1400 2155 sap.
1428 2106 1496 2142 mi-

44 2163 146 2192 rator
171 2155 192 2191 b
208 2167 282 2192 ma.
299 2167 356 2204 pr.
380 2156 442 2191 29.
553 2157 641 2191 716.
682 2155 802 2192 Gloss.
819 2159 873 2192 D.-
900 2157 985 2205 quia
1011 2158 1040 2192 si
1065 2158 1236 2193 sensisses
1263 2157 1495 2193 calliditatem

47 2206 125 2242 eius
151 2206 340 2242 insidiatus
362 2217 458 2242 esses
484 2206 529 2243 ei.
556 2206 640 2254 quia
665 2207 846 2255 sapientes
864 2208 975 2255 magis
993 2209 1151 2256 suspecti
1176 2208 1320 2255 regibus
1345 2212 1430 2243 sunt
1456 2212 1496 2243 ut

44 2256 95 2293 ait
119 2257 302 2293 salustius.
405 2258 492 2292 717.
520 2257 642 2292 iacens
673 2257 780 2292 matri
806 2270 942 2305 pronus
968 2257 1067 2293 dedit
1087 2260 1136 2294 D.
1176 2270 1281 2306 pron.
1310 2264 1429 2293 terrae
1456 2256 1493 2293 d.

44 2319 80 2343 o.
106 2308 212 2343 matri
243 2305 317 2352 Gf.
421 2309 506 2344 718.
523 2306 711 2342 ‘Creditus
736 2305 1313 2356 AGFGFAMPfffAbsps
1330 2307 1397 2353 Ilf.
1419 2319 1493 2344 ma.

44 2357 286 2406 ''r-sedecion
316 2360 531 2394 Euar.scr.
585 2355 648 2393 off.
675 2358 905 2393 succubuisse
940 2361 985 2394 E.
1101 2360 1188 2395 719.
1224 2359 1366 2394 Interea
1401 2358 1496 2405 cingi

44 2419 136 2444 rom.
165 2412 225 2444 11.
329 2410 417 2446 720.
443 2408 491 2443 Et
517 2407 694 2456 premitur
716 2419 739 2455 9
758 2419 841 2444 παν.
859 2420 928 2444 scr.
973 2411 1048 2452 lta,
1074 2408 1189 2445 lentas
1215 2408 1280 2454 Ilf.
1299 2406 1391 2444 Zm
1412 2419 1496 2453 scaz

51 2457 81 2493 G
92 2469 174 2494 uoer.
187 2469 259 2495 sor.
297 2459 425 2508 longas
453 2457 591 2506 reliqui.
695 2459 784 2494 721.
819 2466 927 2494 uocat
952 2457 1006 2495 A.
1049 2466 1181 2494 uacant
1207 2458 1238 2505 f.
1284 2457 1379 2494 host.
1407 2470 1494 2497 con-

47 2511 209 2546 temnere
241 2521 355 2558 pugn.
383 2510 523 2545 A43.·
553 2509 646 2544 host.
683 2508 904 2545 contendere
939 2521 1061 2558 pugna
1097 2512 1132 2545 P
1155 2509 1237 2545 duo.
1284 2520 1430 2558 pugnae
1456 2510 1500 2544 N

46 2567 121 2594 rna.
139 2569 208 2595 sec.
240 2572 381 2608 pugnas
396 2571 426 2595 s.
530 2560 618 2595 722.
648 2557 824 2594 Conditus
850 2559 887 2594 iu
908 2563 954 2595 12
965 2563 1026 2595 23.
1068 2560 1150 2595 'ocia
1169 2561 1261 2596 EG.
1302 2560 1403 2596 miles
1429 2558 1495 2594 lia-

46 2605 112 2642 bet
138 2610 204 2654 12;
229 2620 252 2656 9
271 2621 441 2646 uar.scr.
543 2610 632 2644 724.
659 2608 803 2657 Excipit
828 2612 878 2645 D.
916 2610 1183 2648 Conuocan
1198 2621 1280 2648 acar.
1300 2621 1372 2650 sor.
1412 2609 1496 2646 Ace.

47 2660 158 2706 atque
183 2657 249 2695 illis
275 2657 313 2695 Γ
321 2658 343 2705 f
364 2671 440 2698 seoe.
483 2659 550 2697 illis
575 2659 656 2708 lege
681 2665 824 2697 creatus
848 2672 896 2697 m.
