1685 2954
72 133 74 137 y
131 91 222 123 an
732 89 969 120 vens-romeu

127 191 313 243 pertinuit.
341 212 389 219 --
415 190 496 227 Lib.
519 190 557 236 4,
585 201 621 226 u.
637 188 728 237 627,
744 190 817 227 628
843 197 1145 229 commemoratur
1169 191 1346 240 proelium
1372 189 1420 227 ad
1436 191 1572 230 Forum

129 252 319 290 Gallorum
345 253 422 288 siue
447 250 493 286 ad
520 250 696 287 Mutinam
723 253 948 288 commissum
977 265 1072 290 anno
1098 254 1145 289 V.
1169 253 1212 289 C.
1234 255 1323 300 711,
1350 251 1396 287 de
1422 264 1494 301 quo
1519 254 1573 291 l'e-

127 315 225 364 gitur
250 314 348 364 apud
375 313 586 349 Ciceronem
612 324 699 362 epp.
725 311 772 348 ad
798 312 885 352 sam.
914 317 975 362 10,
1001 317 1062 358 30,
1091 315 1293 363 Appianum
1322 313 1406 350 bell.
1437 314 1504 350 ciu.
1532 317 1573 362 3,

128 378 200 424 71,
225 377 379 413 Dionem
402 374 466 421 46,
494 374 542 409 37
567 385 724 423 eosque,
758 374 820 422 qui
846 374 894 410 ibi
921 387 942 411 a
968 375 1138 411 Reimaro
1165 375 1392 411 adhibentur.
1443 374 1574 412 Verbis

127 438 261 475 militia
295 447 366 472 sua
400 446 472 470 non
507 439 562 471 est
594 434 830 484 improbabile
857 433 1028 472 Ouidium
1063 436 1262 486 respexisse
1300 435 1345 472 ad
1381 435 1440 484 id,
1477 435 1576 486 quod

127 497 324 537 Suetonius
351 495 436 534 Oct.
466 498 514 531 10
539 495 671 543 tradit,
700 502 737 532 et
763 496 885 542 ducis,
921 504 957 534 et
983 498 1124 545 militis,
1162 505 1198 534 et
1224 498 1402 547 aquiliferi
1426 509 1577 534 munere

126 558 357 610 perfunctum
384 569 462 594 esse
487 564 573 594 tunc
601 556 856 594 Octauianum.
884 576 932 584 —-
968 557 1049 593 Lib.
1072 559 1110 604 4,
1136 561 1260 594 u.673
1290 560 1408 608 agitur
1433 559 1479 595 de
1505 560 1576 595 lm-

127 621 305 671 peratoris
330 619 474 656 nomine
502 620 548 655 ab
571 620 733 667 Augusto
757 625 941 668 assumpto
960 619 1046 655 XVI
1062 619 1123 656 ΚΡ
1151 620 1264 669 April.
1293 622 1449 668 Annum,
1476 621 1577 656 cuius

129 683 160 719 is
184 682 261 718 dies
286 681 374 729 suit,
411 687 616 730 opportune
642 680 852 728 suppeditat
878 681 947 716 Dio
974 681 1037 727 52,
1064 682 1134 717 41:
1183 678 1224 717 ἐν
1252 679 1309 732 τῷ
1336 675 1411 718 ἕτει
1439 678 1575 733 ἐκείνῳ

128 740 171 781 ἓν
197 732 230 795 ᾧ
257 738 302 780 τὸ
331 737 510 789 πέμπτον
535 734 732 777 ὗπάτευσε
757 762 808 770 -—
834 736 906 789 τὴν
939 740 1011 777 τοῦ
1037 736 1337 790 αὖτοόεράτορος
1373 739 1576 791 ἐπίκλησιν

127 801 310 843 ἐπέθετο.
348 799 448 851 λέγω
476 796 520 838 δ’
551 797 597 838 οὐ
626 797 697 849 τὴν
733 799 794 838 ἐπὶ
833 803 924 846 ταῖς
949 799 1077 846 νίκαις
1104 799 1208 839 κατὰ
1245 799 1290 839 τὸ
1319 799 1487 851 ἀρχαῖον
1515 802 1575 840 δι-

127 863 300 915 δομένην
325 861 441 912 τισίν,
470 859 637 911 (ἐκείνην
665 858 742 914 γὰρ
771 859 965 907 πολλάκις
989 860 1066 911 μὲν
1093 861 1158 900 καὶ
1187 859 1396 912 πρότερον,
1425 860 1578 900 πολλά-

126 940 189 973 κις
214 924 258 964 δὲ
286 923 350 962 καὶ
376 920 515 973 ῧςερον
546 919 619 961 ἀπ’
647 921 780 962 αὐτῶν
809 926 887 962 τῶν
912 920 1038 974 ἔργων
1066 919 1228 973 ἔλαβεν,
1258 922 1332 968 ὣςε
1359 922 1424 961 καὶ
1450 919 1493 961 (ἐν
1521 920 1577 962 εἶ’-

127 1000 241 1027 κοσιν
269 984 398 1034 ὄνομα
427 980 729 1035 αὐτοκράτορος
746 987 891 1036 omia)
919 983 1024 1023 ἀλλὰ
1052 982 1124 1035 τὴν
1152 982 1291 1036 ἑτέραν
1317 982 1389 1035 τὴν
1412 981 1456 1023 τὸ
1479 981 1579 1035 κρά-

126 1063 196 1095 τος
222 1044 572 1096 διασημαίνουσαν
594 1068 654 1085 -.
683 1049 758 1085 Res
783 1055 904 1085 tamen
932 1056 988 1085 est
1013 1050 1183 1098 procliuis
1210 1049 1255 1086 ad
1284 1061 1436 1085 errores.
1489 1048 1581 1085 Erat

125 1112 221 1150 enim
255 1110 344 1146 alius
379 1120 526 1159 quoque
561 1108 637 1146 (lies
664 1110 881 1158 consimilis,
918 1112 1019 1146 cuius
1057 1112 1216 1147 meminit
1251 1122 1408 1146 marmor
1434 1109 1580 1146 Narbo-

125 1184 250 1217 nense,
277 1171 368 1208 thes.
397 1171 548 1208 Gruter.
575 1184 614 1220 p.
631 1173 726 1208 229:
761 1172 827 1207 Vll
844 1170 1579 1214 ,IDVSJANVARQVA.D1E.PR1-

125 1235 242 1272 MVM
255 1261 264 1270 .
277 1232 524 1269 lMPERlVM
536 1260 545 1269 .
560 1232 710 1270 ORBIS
724 1260 734 1270 .
745 1234 1027 1270 TERRARVM
1040 1259 1047 1268 .
1060 1233 1370 1269 AVSPICATVS
1382 1260 1390 1270 .
1401 1233 1516 1280 ES'l',
1544 1238 1581 1269 et

126 1296 265 1333 Plinius
291 1294 339 1331 N.
367 1293 402 1330 h.
433 1298 492 1338 ll,
520 1296 586 1330 73:
625 1297 722 1332 Diuo
748 1295 915 1343 Auyusto
941 1294 1077 1343 Spoleti
1103 1292 1342 1339 sacrificanti,
1368 1296 1485 1343 primo
1511 1306 1579 1343 po-

125 1359 271 1395 testatis
295 1368 384 1392 suae
409 1355 476 1400 die,
503 1368 569 1392 sex·
594 1358 827 1393 uictimarum
852 1358 1009 1392 iecinom
1035 1376 1079 1381 —
1105 1359 1248 1403 reperta
1274 1360 1371 1394 sunt«.
1412 1355 1581 1405 Denique

124 1419 209 1455 fasti
243 1417 467 1455 Praenestini
500 1416 571 1455 Vll
597 1417 650 1454 ld.
679 1419 781 1454 Iam:
817 1417 1433 1454 C.1MP.CAESAR.AVGVST
1451 1443 1459 1453 .
1477 1444 1486 1453 .
1505 1443 1514 1453 .
1533 1443 1542 1453 .
1561 1421 1578 1466 Η

126 1478 306 1517 HlRTlO
324 1479 618 1516 .ET.PANSA
648 1507 657 1516 .
686 1506 696 1516 .
721 1507 731 1516 .
785 1479 1034 1527 Suspicionem
1069 1486 1190 1515 tamen
1229 1480 1360 1515 erroris
1395 1477 1580 1525 Ouidiani,

126 1553 223 1593 quae
248 1541 402 1578 suboriri
428 1542 556 1590 possit,
584 1547 735 1590 propter
761 1552 816 1585 ea,
843 1552 936 1589 quae
964 1540 1069 1576 dicit:

332 1605 381 1639 Vt
406 1602 550 1638 titulum
577 1604 717 1652 imperii
742 1614 852 1651 quam
878 1603 1033 1650 primum
1060 1600 1135 1638 luce
1160 1603 1320 1650 sequenti

384 1664 551 1712 Augusto
579 1665 700 1701 iuueni
724 1675 900 1712 prospera
926 1662 1019 1699 bella
1046 1662 1186 1706 darent,

123 1726 253 1779 procul
278 1725 416 1762 habeo:
444 1738 621 1775 prospera
646 1728 754 1774 siyna
781 1725 912 1761 multos
940 1723 1080 1760 codices
1107 1724 1244 1759 habere
1272 1721 1500 1758 mendacium
1528 1721 1582 1757 di—

123 1790 218 1826 xisse
242 1788 492 1823 Burmannum
523 1788 636 1824 uides.
683 1787 788 1823 Bella
813 1798 902 1822 uero
928 1787 1150 1834 interpretor
1176 1785 1373 1820 Actiacum.
1412 1786 1584 1820 Iutwnem

125 1849 372 1888 Octauianum
400 1849 544 1885 biennio
572 1849 678 1884 etiam
714 1854 821 1897 post,
857 1859 938 1883 cum
965 1847 1134 1896 princeps
1159 1845 1228 1881 iam
1256 1852 1375 1893 esset,
1413 1845 1582 1881 Horatius

123 1912 214 1948 dixit
241 1923 352 1949 carm.
385 1915 421 1959 1,
434 1914 470 1947 2.
528 1911 607 1946 Hoc
634 1921 715 1945 cum
744 1909 874 1958 allego,
905 1921 1016 1957 cogor
1042 1907 1090 1944 de
1119 1919 1242 1943 errore
1269 1906 1466 1942 admonere
1492 1905 1582 1941 ami-

125 1986 209 2010 cum
236 1973 323 2010 Car.
352 1972 573 2019 Frankium,
612 1972 674 2021 qui
698 1972 733 2006 in
759 1970 860 2006 fastis
888 1969 1093 2005 Horatianis
1120 1981 1279 2015 annum,
1315 1979 1386 2016 quo
1413 1967 1583 2016 princeps

128 2034 356 2072 Octauianus
376 2034 507 2082 dictus,
535 2046 616 2070 cum
643 2034 720 2080 illo,
747 2044 819 2081 qno
839 2031 1072 2080 Imperatoris
1093 2042 1224 2066 nomen
1249 2027 1436 2065 consulatu
1457 2026 1582 2075 quinto

125 2097 334 2146 assumpsit,
363 2096 537 2132 confudit.
588 2093 768 2132 Potuisset
792 2092 838 2129 ad
868 2101 989 2142 partes
1015 2103 1145 2128 uocare
1173 2091 1252 2126 Cic.
1283 2088 1329 2125 ad
1354 2088 1443 2124 sam.
1471 2089 1510 2134 9,
1533 2089 1582 2123 17

124 2158 188 2194 ubi
215 2158 261 2197 C.
290 2158 427 2194 Caesar
454 2157 622 2207 princeps
658 2154 770 2191 audit.
823 2155 978 2201 Restat,
1015 2158 1056 2188 ut
1090 2156 1393 2187 commemoretur
1420 2149 1454 2184 in
1480 2147 1582 2184 fastis

123 2219 369 2256 Praenestinis
393 2229 517 2255 mense
535 2217 647 2266 Aprili
674 2215 778 2252 huius
805 2227 952 2265 quoque
977 2215 1029 2250 rei
1055 2213 1273 2249 mentionem
1299 2211 1432 2246 saetam
1455 2209 1580 2253 uideri,

124 2287 264 2318 restare
299 2287 419 2317 tamen
453 2291 498 2315 ex
525 2290 569 2314 eo
596 2278 765 2315 lemmate
800 2283 938 2314 tantum
976 2275 1150 2324 syllabam
1178 2272 1269 2321 CO,
1303 2284 1349 2309 ne
1382 2275 1433 2308 sic
1459 2278 1581 2307 tamen

124 2343 271 2393 quidem
300 2348 399 2378 recte
425 2341 715 2390 praetermissam
743 2350 764 2375 a
791 2338 981 2387 Fogginio.
1518 2332 1520 2335 ’

228 2405 284 2440 Ex
312 2403 500 2439 annalibus
527 2402 708 2438 ueteribus
728 2399 881 2436 Ouidius
908 2399 1100 2448 sumpsisse
1129 2396 1284 2444 uidetur,
1312 2406 1407 2444 quae
1433 2394 1503 2429 iam
1523 2405 1580 2429 re-

125 2466 381 2504 censebuntur.
428 2464 589 2499 Primum
611 2462 809 2498 Fabianam
837 2460 988 2504 cladem,
1017 2472 1125 2509 quam
1151 2459 1236 2494 (licit
1262 2457 1433 2494 accidisse
1459 2454 1580 2491 Idibus

121 2527 354 2573 Februariis,
391 2532 517 2560 contra
545 2524 817 2570 historicorum,
852 2522 915 2573 qui
951 2528 1110 2570 restant,
1145 2520 1265 2556 fidem.
1320 2518 1458 2556 Omnes
1484 2517 1580 2553 enim

121 2588 251 2626 eodem
277 2587 336 2624 die
363 2586 481 2630 illam,
517 2598 589 2635 quo
626 2593 663 2623 et
691 2586 908 2632 Alliensem,
953 2584 1124 2621 accidisse
1151 2581 1311 2618 tradunt.
1362 2579 1441 2616 Liv.
1470 2579 1506 2622 6,
1535 2582 1579 2614 l:

119 2649 277 2700 diemque
303 2662 340 2688 ιι.
368 2647 404 2686 ἀ.
431 2650 510 2685 XV
534 2647 625 2686 Kal.
653 2646 784 2685 sextil.
812 2646 945 2697 duplici
971 2645 1076 2684 clade
1109 2646 1311 2692 trusionem,
1348 2653 1418 2690 quo
1445 2639 1503 2677 ‹1oe
1529 2637 1579 2677 ad
