1685 2954
590 121 696 149 FATo
728 123 782 149 ET
812 123 978 151 AETATE
1425 123 1516 152 xvn

61 223 223 271 tabulae,
249 233 345 273 quae
368 219 465 271 apud
493 220 710 270 Fogginium
738 233 776 270 p.
797 222 847 257 99
873 221 1026 270 legitur3
1058 233 1103 259 ea
1129 222 1158 259 si
1184 221 1272 272 quid
1300 220 1376 257 ueri
1401 222 1518 259 conti-

61 292 146 332 net,
183 285 219 321 id
256 294 421 333 magnam
448 288 590 331 partem
617 282 784 331 Fogginii
811 282 950 319 incuria
985 282 1206 319 intercidisse
1232 288 1361 332 postea
1387 281 1516 319 disces.

59 346 117 383 lili
137 358 225 383 uero
245 351 424 388 auctores,
454 355 545 392 quos
572 344 749 390 nouerim,
777 342 905 390 Aldus,
933 344 1129 391 Gruterus,
1157 344 1356 391 Graeuius,
1383 343 1518 393 Foggi-

60 408 141 444 nius
167 420 246 444 cum
271 406 457 453 insigniter
482 405 576 441 inter
601 417 642 442 se
670 404 900 454 discrepent,
939 417 1019 440 cum
1053 405 1185 441 deinde
1211 406 1272 455 qui
1298 405 1377 442 illos
1404 405 1519 442 secuti

61 476 169 516 sunt,
204 467 410 503 Morcellius
445 473 481 502 et
508 466 688 513 Orellius,
723 467 866 502 illorum
903 478 1044 503 errores
1079 466 1326 514 reddiderint,
1353 467 1519 504 commis-

61 531 211 573 cuerint,
236 528 308 564 suis
335 531 514 575 auxerint,
539 528 589 564 ¹ad
618 540 698 564 eam
730 540 821 575 rem,
849 540 958 577 quam
986 528 1150 576 agimus,
1176 528 1260 563 satis
1291 527 1423 565 idoneo
1452 528 1519 565 ad-

60 592 218 627 iumento
245 590 498 636 caruissemus,
528 590 593 625 nisi
613 588 730 637 Pighii
757 589 830 625 fide
856 590 1069 639 interposita
1095 589 1252 625 licuisset
1277 588 1366 624 alios
1393 602 1519 627 omnes

59 653 208 700 insuper
233 650 383 686 habere.
436 649 539 697 Nec,
570 657 608 687 ut
636 651 794 700 opinor,
824 663 950 689 eorum
979 652 1198 687 mentionem
1229 650 1420 698 fecissem,
1454 652 1521 688 nisi

60 719 202 759 essent,
230 711 292 760 qui
319 711 366 747 de
391 710 507 759 Pighii
535 712 593 748 uel
621 713 878 759 accuratione,
907 712 965 748 uel
993 711 1152 749 candore
1178 711 1273 747 male
1300 711 1517 749 iudicarent.

60 773 170 817 Quod
210 773 381 823 quoniam
419 772 555 809 sactum
595 781 650 811 est
684 786 706 809 a
732 773 934 810 Niebuhrio
962 780 999 809 et
1025 773 1188 820 Orellio,
1226 772 1416 809 ostendam
1452 773 1521 810 hac

60 834 207 884 quidem
236 835 272 871 in
300 846 340 871 re
364 833 534 870 fraudem
562 834 768 879 nonnullos,
797 835 942 883 culpam
968 847 1105 879 omnes,
1133 835 1194 884 qui
1220 834 1333 871 fastos
1359 834 1522 872 Maffea-

60 907 126 932 nos
153 895 358 942 ediderunt,
387 896 589 943 admisisse,
615 897 712 932 illam
739 897 786 931 ab
814 896 893 944 ipso
920 896 1048 945 Pighio
1078 898 1239 946 coargui,
1267 897 1312 933 ab
1342 896 1412 933 hac
1437 909 1522 935 eum

59 956 212 992 liberum
241 957 367 994 uideri.
421 958 557 994 Verum
595 957 665 993 hoc
690 957 800 1006 paulo
829 964 935 1005 post,
972 970 1053 993 cum
1090 958 1136 994 ad
1171 959 1314 1009 singula
1349 959 1522 997 accedam

60 1024 98 1053 et
124 1018 286 1065 docebo,
323 1020 449 1068 quanti
485 1019 648 1065 intersit,
687 1029 734 1054 ne
769 1017 828 1053 uel
862 1019 896 1054 in
934 1019 1086 1055 minimis
1126 1021 1233 1056 rebus
1272 1020 1328 1056 hic
1365 1028 1522 1059 erretur.

59 1078 170 1114 Nunc
195 1080 297 1128 quasi
323 1091 403 1116 eam
431 1081 592 1117 tabulam
619 1092 717 1116 nuuc
750 1081 905 1129 primum
933 1079 1062 1126 edam,
1100 1080 1230 1117 faciam
1257 1083 1355 1125 quod
1384 1084 1523 1121 sactum

60 1139 222 1176 nondum
249 1148 319 1187 est,
347 1148 386 1178 ut
413 1142 460 1178 de
486 1143 562 1178 eius
592 1149 713 1178 aetate
739 1141 837 1190 quod
864 1142 935 1176 iam
963 1142 1028 1177 tuli
1054 1142 1248 1189 iudicium,
1278 1151 1383 1180 tuear
1409 1157 1523 1194 argu-

59 1202 202 1239 mentis.
255 1202 511 1241 iudicauerunt
544 1204 592 1241 de
619 1215 662 1240 ea
689 1215 777 1239 sane
805 1202 976 1251 quidam,
1012 1204 1076 1239 sed
1105 1204 1164 1240 uix
1191 1217 1283 1253 opus
1311 1212 1366 1241 est
1392 1217 1436 1242 ea
1462 1218 1521 1244 re-

59 1270 199 1313 petere.
255 1264 366 1302 Velut
394 1267 612 1303 Vaassenius
649 1265 756 1301 ualde
792 1265 1039 1301 inconstanter
1068 1266 1176 1303 modo
1213 1267 1440 1305 ordinatione
1465 1268 1524 1305 fa-

60 1332 198 1362 storum
224 1327 377 1374 Augusti
415 1329 634 1365 uetustiores
670 1327 755 1364 dicit
789 1340 826 1377 p.
851 1328 950 1373 290,
992 1327 1100 1363 modo
1129 1327 1262 1365 Ouidio
1302 1331 1522 1368 recentiores

58 1399 98 1436 p.
117 1388 204 1424 276.
242 1387 439 1437 Fogginius
466 1403 503 1439 p.
523 1393 596 1426 100
638 1389 777 1426 Tiberii
804 1389 915 1425 aetati
943 1390 1115 1438 assignat,
1146 1391 1219 1438 uel,
1245 1392 1273 1427 si
1300 1392 1522 1441 antiquiores

58 1449 130 1485 sint
163 1448 435 1494 (Praenestinis
466 1459 564 1488 certe
591 1452 813 1501 antiquiores
840 1450 942 1500 ponit
970 1462 1006 1499 p
1024 1453 1148 1500 119),
1187 1453 1365 1503 insculpta
1394 1461 1524 1504 postea

60 1510 239 1560 quaedam
268 1512 315 1549 de
343 1513 516 1549 Tiberio:
543 1513 701 1551 sortasse
727 1514 817 1563 legit
843 1512 977 1562 aliquid
1006 1514 1179 1551 eiusmodi
1206 1516 1241 1551 in
1270 1516 1394 1553 codice
1421 1517 1523 1554 Vati-

61 1585 176 1621 cano,
202 1573 267 1610 sed
295 1586 339 1610 ea
366 1574 424 1611 edi
451 1575 636 1612 debebant
661 1576 708 1612 ab
736 1587 794 1622 eo,
823 1587 895 1610 non
923 1575 1120 1624 supprimi:
1161 1589 1229 1625 ego
1257 1585 1355 1614 certe
1380 1579 1522 1627 ignom.

21 1649 25 1652 ’
60 1636 199 1671 Auctor
231 1636 292 1672 ille
326 1637 361 1673 in
399 1637 524 1673 codice
551 1638 730 1674 Vaticano
765 1638 814 1673 ita
840 1638 1003 1685 scripsit:
1039 1639 1251 1676 Maioribus
1277 1639 1408 1677 litteris
1433 1653 1525 1690 quac

61 1699 202 1745 scripta
225 1702 312 1734 sunt
336 1701 545 1747 antiquiora
577 1700 767 1737 uidentur:
802 1702 960 1736 minores
993 1702 1084 1737 enim
1119 1700 1344 1739 characteres
1368 1705 1524 1741 maiori.-

62 1758 129 1795 bus
154 1761 346 1808 ineptiores
370 1761 496 1799 nudto.
551 1763 624 1799 Sed
660 1774 706 1799 ex
741 1767 895 1811 utraque
920 1764 1106 1811 scriptura·
1132 1769 1306 1812 quantum
1331 1767 1434 1813 ipsae
1460 1766 1524 1802 lit-

62 1827 225 1859 terarum
250 1821 394 1868 formae
420 1822 609 1871 indicant,
647 1826 811 1872 cognosci
835 1828 953 1872 potest
986 1824 1044 1859 uel
1076 1827 1159 1874 >ipsa
1185 1827 1364 1863 Antonini
1392 1832 1520 1868 aetate.

61 1883 121 1921 uel
145 1883 256 1934 paulo
283 1888 385 1933 post,
420 1896 484 1921 nec
514 1886 650 1930 multo,
686 1886 752 1923 hoc
778 1897 940 1922 marmor
966 1884 1083 1931 fuisse
1114 1889 1302 1935 scriptum.
1354 1889 1435 1925 Hoc
1460 1897 1525 1926 aut

63 1953 120 1984 est
145 1946 391 1994 mendacium,
419 1947 476 1983 uel
505 1943 777 1998 δοκησισοφία
804 1948 909 1994 Itala,
937 1954 999 1983 aut
1026 1960 1083 1983 res
1112 1949 1282 1996 permira,
1309 1949 1423 1987 fastos
1449 1953 1524 1988 Au-

62 2010 158 2059 gusti
183 2009 261 2045 sine
289 2008 362 2047 ullo
400 2010 649 2047 additamento
686 2010 862 2060 repetitos
899 2021 978 2046 esse
1012 2009 1315 2060 quandocunque.
1369 2012 1452 2062 Ego
1479 2025 1524 2051 ex

61 2071 263 2108 litterarum
291 2072 471 2117 ductibus,
497 2073 526 2108 si
552 2084 711 2107 marmor
739 2071 926 2119 uiderem,
954 2071 1110 2108 fortasse
1136 2071 1297 2110 iudicare
1323 2074 1409 2111 nihil
1436 2088 1524 2126 pos-

62 2145 155 2181 sein,
182 2133 253 2170 hoc
279 2141 400 2171 tamen
428 2140 598 2184 praesto,
625 2135 661 2169 in
688 2134 742 2177 iis,
769 2146 865 2183 quae
891 2134 1016 2170 litteris
1044 2134 1304 2182 significantur,
1331 2135 1418 2173 nihil
1444 2148 1524 2175 esse

62 2207 158 2232 anno
185 2196 231 2232 V.
259 2196 303 2233 C.
331 2197 407 2232 757
434 2197 637 2245 antiquius,
675 2195 763 2231 nihil
798 2203 919 2231 autem
957 2209 1052 2232 anno
1080 2196 1155 2232 759
1191 2198 1397 2246 recentius,
1435 2199 1523 2236 nihil

61 2270 166 2307 ergo,
193 2258 280 2308 quin
307 2258 354 2294 ad
382 2257 555 2295 Ouidium
582 2258 633 2293 ita
659 2257 868 2306 pertineat,
898 2266 937 2294 ut
964 2270 1043 2294 eam
1071 2259 1185 2308 ipsam
1214 2260 1376 2296 tabulam
1403 2261 1450 2297 ab
1477 2273 1522 2299 eo

62 2320 265 2370 expositam
293 2326 330 2357 et
353 2333 398 2357 ex
424 2332 469 2356 ea
493 2320 573 2370 ipsa
599 2319 726 2356 tabula
748 2331 830 2356 eum
857 2320 1131 2368 intelligendum
1153 2321 1383 2358 contendam.
1424 2323 1521 2359 Eum

61 2381 159 2418 enim
184 2382 231 2418 ab
258 2394 354 2419 anno
379 2381 459 2419 fere
485 2382 532 2418 V.
560 2382 621 2433 (λθ
634 2382 709 2418 755
737 2382 885 2418 carmini
911 2382 1132 2419 inlaborasse
1165 2382 1195 2419 si
1220 2383 1304 2419 mihi
1330 2385 1522 2435 tantisper,

23 2459 27 2462 ⁴
61 2441 150 2480 dum
175 2442 223 2481 de
251 2456 296 2481 ea
320 2456 362 2480 re
387 2443 576 2491 disseram,
606 2444 757 2481 credere
778 2456 851 2480 non
874 2445 942 2491 uis,
970 2444 1096 2480 credes
1114 2444 1206 2492 aliis,
1234 2445 1296 2493 qui
1322 2445 1418 2482 idem
1437 2458 1523 2483 cen-

44 2512 227 2552 suerunt.
272 2504 368 2545 cum
394 2507 527 2555 negaui
552 2506 588 2542 in
616 2507 742 2542 tabula
768 2506 963 2555 quicquam
990 2517 1070 2542 esse
1097 2517 1194 2542 anno
1221 2507 1297 2542 757
1323 2509 1522 2557 antiquius,

0 2580 2 2594 ¹
60 2563 240 2618 ffleiliges
265 2567 366 2618 quod
392 2575 480 2605 ante
504 2580 588 2605 eum
615 2579 750 2604 annum
777 2574 878 2604 certa
902 2567 976 2604 fide
1001 2567 1102 2604 fastis
1129 2574 1340 2617 exemptum
1366 2575 1520 2606 constet.

24 2677 30 2685 R
139 2641 281 2680 quae
304 2629 406 2667 iliata
430 2635 516 2668 sunt
539 2630 642 2667 fastis
669 2635 756 2667 ante
780 2628 818 2666 id
844 2635 988 2679 tempus
1003 2655 1014 2676 ‚
1041 2628 1141 2678 quod
1166 2635 1294 2666 extant
1318 2631 1354 2666 in
1381 2630 1520 2679 tabula,
1540 2644 1591 2681 s

26 2683 159 2734 'ghoe
152 2695 243 2728 ntor
273 2698 490 2742 argumento
525 2691 573 2729 ad
608 2691 825 2729 sententiam
860 2703 979 2730 meam
1014 2690 1255 2742 probandam.
1308 2692 1367 2729 Ex
1391 2693 1453 2766 qui
1526 2698 1532 2701 ’

0 2767 2 2773 ·
26 2750 64 2801 »³³5
111 2763 174 2797 On.
190 2752 1204 2804 Fasti.1³m1eg.ss
