1685 2954
569 93 946 127 L13.'1·ER·1·1vs
1411 76 1490 119 127

153 204 342 255 Desuper
371 203 566 240 extentas
593 198 826 249 imposuere
856 201 991 247 togas.
1208 182 1211 185 Δ
1407 196 1488 232 530

100 272 199 313 Sole
228 277 365 311 tamen
394 265 570 318 uinoque
599 266 749 316 calent,
779 274 991 315 annosque
1019 267 1236 314 precantur

156 338 265 390 Quot
293 340 456 377 sumunt
487 334 684 387 cyathos,
714 332 766 372 ad
796 342 1087 382 numerumque
1114 328 1265 370 bibunt.

100 407 289 448 Inuenies
318 404 409 455 illic,
439 402 507 454 qui
536 402 730 442 Nestoris
759 398 899 439 ebibat
928 410 1070 449 annos,

156 473 273 524 Quae
302 472 356 511 sit
384 483 455 522 per
485 471 639 510 calices
670 470 782 509 sacta
811 467 968 520 Sibylla
998 477 1109 504 suos.

99 543 184 581 Illic
210 546 252 580 et
279 544 447 579 cantant
472 536 664 591 quicquid
694 536 873 577 didicere
901 533 1086 584 theatris,
1410 534 1490 570 535

155 609 210 648 Et
236 607 390 647 iactant
423 607 567 646 faciles
606 605 658 646 ad
694 617 770 644 sua
800 604 925 643 uerba
957 613 1113 652 manus,

98 677 154 717 Et
182 675 336 716 ducunt
364 675 498 727 posito
529 673 652 714 duras
680 679 837 713 cratere
868 671 1055 722 choreas,

154 743 360 795 Cultaque
390 742 552 783 diffusis
579 742 706 781 saltat
732 741 864 781 amica
892 736 1035 779 comis.

101 811 206 852 Cum
235 811 421 863 redeunt,
451 809 628 851 titubant
658 815 702 849 et
732 814 830 849 sunt.
857 806 1102 860 spectacula
1131 802 1256 857 uolgi,

156 880 212 919 Et
241 878 468 919 fortunatos
498 877 618 917 obuia
648 877 767 916 turba
794 880 931 914 uocat.
1414 872 1494 908 540

100 945 270 987 Occurri
299 960 438 999 nuper.
478 945 569 985 uisa
598 949 665 984 est
694 941 790 982 mihi
818 943 945 995 digna
974 941 1105 981 relatu

155 1013 325 1066 Pompa.
359 1026 501 1054 senem
530 1018 668 1064 potum
699 1016 798 1063 pota
826 1010 1016 1049 trahebat
1041 1020 1155 1049 anus.

102 1081 219 1134 Quae
249 1087 386 1121 tamen
413 1081 519 1120 haec
545 1079 624 1119 dea
645 1078 718 1130 sit,
751 1077 941 1131 quoniam
970 1077 1195 1117 rumoribus
1225 1080 1371 1126 errant,

155 1150 312 1188 Fabula
341 1148 551 1199 proposito
580 1146 689 1186 nulla
719 1146 902 1199 tegenda
931 1158 1036 1185 meo.

100 1217 271 1256 Arserat
298 1216 470 1254 Aeneae
499 1213 606 1254 Dido
636 1214 879 1254 miserabilis
907 1215 1018 1268 igne,
1417 1213 1496 1250 545

157 1285 329 1324 Arserat
357 1283 556 1323 extructis
585 1282 626 1321 in
654 1294 729 1322 sua
757 1282 843 1322 fata
869 1283 1004 1335 rogis:

97 1407 184 1443 530.
220 1412 386 1442 extensas
414 1405 830 1456 DMNOPHTyps
856 1405 938 1454 plns
962 1407 1126 1454 triyintu.
1178 1405 1372 1454 inposuere
1400 1405 1496 1440 DG.

49 1457 253 1506 deposuere
280 1455 313 1493 b.
356 1458 485 1506 impos.
513 1470 633 1495 comas
660 1458 851 1506 Annapr.
882 1456 964 1493 duo.
1070 1458 1155 1492 531.
1175 1454 1260 1491 Ἕῖιῖ.
1288 1457 1498 1503 animosque

19 1505 22 1512 '
46 1521 70 1558 p
86 1519 253 1544 umuscr.
357 1510 444 1544 532.
485 1517 627 1545 sumant
653 1503 1166 1546 ABDFOEFNOPHA
1178 1504 1371 1553 Eflwnrs
1395 1506 1498 1542 sede-

49 1561 129 1595 cim.
177 1566 358 1613 SUJEQJHM
385 1561 430 1595 Ε.
473 1572 593 1595 sumas
620 1562 682 1596 29.
728 1559 835 1595 ciath.
866 1556 959 1594 ΕΓ.
1008 1560 1119 1594 eiatos
1147 1557 1211 1594 br.
1258 1570 1500 1605 numerosque

49 1606 175 1644 Ama.
186 1620 240 1656 pr.
283 1609 405 1645 bibant
428 1621 618 1659 ωηφηαψν.
641 1616 723 1647 tres.
740 1604 776 1614 ‘w
827 1611 913 1645 533.
943 1610 1178 1658 inuenies-que
1204 1609 1255 1644 iil.
1278 1607 1310 1644 b.
1353 1608 1426 1643 lilic
1445 1609 1499 1642 in-

50 1659 175 1695 uenies
199 1670 222 1705 9
249 1663 414 1707 quatuor.
460 1660 537 1696 lnu.
564 1662 663 1697 ilium
690 1658 745 1697 H.
858 1662 946 1697 534.
985 1661 1094 1703 Quod
1122 1661 1167 1695 sit
1194 1658 1280 1695 Ala.
1323 1659 1425 1701 Qu..
1454 1658 1499 1693 sit
1557 1702 1561 1706 .

51 1712 95 1746 Ε.
135 1708 235 1744 calic.
266 1712 359 1744 uicta
385 1706 584 1759 Hmwpr.
623 1712 689 1747 cai.
722 1712 841 1747 uincta
868 1714 929 1746 41.
967 1711 1074 1746 sibili.
1098 1706 1257 1746 DEFr.
1301 1709 1417 1756 sybill.
1451 1710 1497 1744 G.

100 1760 189 1795 535.
216 1759 264 1794 Et
291 1766 438 1796 cantant
462 1760 534 1795 illic
559 1760 620 1797 A.
661 1769 698 1797 et
725 1768 872 1809 captant
904 1758 1097 1796 (Df‘cant.
1123 1772 1313 1809 quaequae
1344 1760 1413 1794 Gm
1426 1771 1498 1794 ma.

50 1821 108 1859 pr.
157 1809 304 1858 quiquid
332 1808 392 1847 br.
503 1812 589 1847 536.
619 1812 666 1847 Et
693 1813 724 1847 ia
750 1810 911 1856 syllabae
928 1814 964 1847 in
983 1823 1060 1847 rus.
1080 1813 1124 1846 Ε.
1165 1811 1275 1846 iactat
1300 1808 1333 1855 f.
1373 1810 1421 1845 Et
1443 1811 1499 1845 fa-

52 1861 137 1896 ciles
163 1863 297 1895 iactant
322 1859 382 1896 A.
497 1862 583 1897 537.
619 1861 668 1897 Et
695 1863 814 1911 posito
842 1862 978 1897 ducunt
1003 1859 1064 1896 A.
1119 1858 1201 1896 duc.
1230 1862 1353 1909 longas
1382 1860 1499 1908 posito

0 1919 1 1963 ξ
50 1922 120 1959 97¹·
173 1909 256 1946 duc.
284 1911 374 1946 letes
403 1911 519 1960 posito
546 1924 581 1957 η
609 1925 632 1961 p
650 1924 817 1949 accuser.
866 1913 985 1961 posito
1021 1913 1146 1960 longas
1177 1910 1402 1948 GPbsss-sss
1428 1922 1501 1947 un-

51 1961 181 2005 decim3
208 1963 413 1997 Eum-..scin
451 1975 530 2011 pos.
559 1963 710 2010 longuas
734 1961 784 1999 Ψ.
824 1963 941 2012 posito
967 1963 1080 1998 laetas
1103 1958 1506 1998 DEma.sec.NOH

53 2008 143 2047 241
164 2016 338 2060 φιαῑιιοτς
366 2011 385 2048 b
401 2024 477 2048 nar.
490 2024 560 2048 scr.
602 2025 681 2061 pos.
703 2014 814 2049 lectas
834 2016 953 2050 Ema.
966 2025 1021 2062 pr.
1039 2023 1042 2024 ’
1062 2024 1142 2063 pos.
1165 2013 1279 2048 lentas
1297 2017 1384 2049 tres.
1420 2025 1500 2061 pos,

0 2075 1 2078 ¹
53 2061 166 2097 festas
192 2059 241 2098 Γ.
291 2074 371 2111 pos.
400 2063 539 2098 iunctas
565 2066 613 2099 33
630 2076 703 2100 ma.
724 2077 791 2100 sec.
820 2069 911 2100 octo.
964 2066 1061 2112 long.
1091 2076 1236 2100 currere
1262 2062 1294 2099 b.
1348 2075 1422 2099 cor.
1451 2060 1501 2099 Γ.

56 2111 177 2149 Gloss.
201 2114 270 2148 44:
299 2112 421 2161 duras]
450 2113 571 2150 rudes.
687 2115 774 2151 538.
810 2114 998 2164 Multaque
1024 2117 1086 2151 29.
1133 2115 1335 2163 Turbaque
1358 2113 1437 2149 diff.
1465 2113 1500 2150 b.

51 2161 201 2198 diffusas
217 2160 257 2198 Γ
263 2175 334 2199 ma.
347 2176 402 2211 pr.
441 2163 517 2200 diff.
538 2171 660 2201 cantat
679 2167 754 2213 ¹1¹9.
858 2168 942 2202 539.
972 2166 1069 2213 uulgi
1098 2164 1134 2202 ll.
1150 2165 1353 2213 praeterA.
1390 2165 1500 2213 uulgo

54 2216 100 2249 12
111 2215 174 2250 20.
277 2215 364 2250 540.
392 2214 594 2251 fortunatas
613 2213 666 2252 A.
708 2223 838 2252 uocant
865 2219 924 2252 10.
1029 2217 1117 2252 541.
1143 2219 1206 2253 Ita
1227 2218 1316 2251 Zm.
1361 2214 1503 2252 Occur-

52 2271 138 2300 runt
163 2275 194 2300 r.
226 2262 406 2317 ‘Occurrit
432 2267 574 2302 caeteri.
615 2266 698 2302 mihi
724 2279 794 2303 om.
815 2264 853 2302 Γ
862 2279 1001 2316 nia-pr.
1106 2268 1193 2303 543.
1223 2266 1378 2309 Quaeris
1406 2278 1501 2315 quae

53 2313 122 2350 dea
148 2315 193 2350 sit
226 2312 269 2350 ‘P'
282 2321 363 2351 καθ’.
376 2327 445 2352 scr.
497 2314 586 2352 haec
613 2316 683 2352 dixi
710 2330 822 2366 quon.
848 2330 1037 2367 ηιπηαψν.
1085 2318 1131 2353 sit
1158 2318 1276 2353 inultis
1304 2329 1438 2352 rumor.
1466 2328 1499 2354 r.

81 2377 163 2401 uon.
190 2367 414 2401 sermonibus
445 2368 675 2415 Dmma-pr.
699 2367 781 2405 duo.
828 2369 902 2412 Sic,
931 2376 1066 2414 errant,
1094 2365 1194 2404 ΛΠ
1213 2372 1380 2416 quatuor.
1421 2374 1500 2403 erat

55 2376 114 2460 ἓν.
144 2422 241 2469 errat
265 2415 404 2464 reliqui.
444 2429 543 2453 erras
559 2420 610 2453 M
616 2430 778 2455 uar.scr.
882 2420 969 2455 544.
997 2419 1155 2455 Fabula:
1185 2431 1289 2467 prop.
1308 2430 1372 2467 pr.
1401 2418 1499 2454 nulla

57 2470 113 2500 est
142 2471 215 2513 teg.
245 2464 298 2503 (D.
348 2467 446 2502 nulla
480 2468 637 2516 tenenda
662 2481 856 2517 mmmm.
904 2470 1002 2505 nulia
1029 2469 1182 2505 tacenda
1210 2472 1275 2517 Zp
1288 2481 1361 2505 vna.
1373 2481 1431 2518 pr.
1448 2471 1500 2504 20

58 2518 147 2550 octo.
192 2517 290 2553 nulla
317 2517 476 2566 regenda
503 2515 550 2553 Σ.
599 2530 681 2554 ineo
709 2526 772 2565 est¹
790 2517 1222 2563 BGDEFFOPHUA
1239 2519 1379 2566 TfmS
1407 2531 1501 2568 qua-

57 2564 261 2603 tum-decim.
365 2569 454 2614 545,
480 2568 555 2604 546
581 2569 734 2618 transp‘j
757 2566 810 2606 Φ.
912 2571 999 2607 545.
1026 2571 1196 2606 mirabilis
1221 2571 1270 2606 A.
1313 2571 1500 2606 iniraserass

59 2607 136 2650 bilis
162 2618 208 2652 E.
309 2618 395 2656 546.
422 2620 501 2655 Ars.
528 2619 708 2656 instructis
732 2621 848 2658 Oma.
860 2633 917 2670 pr.
933 2619 986 2658 A.
1028 2621 1189 2658 extinctis
1215 2633 1332 2658 trinta.
1343 2632 1401 2671 pr.
1413 2625 1498 2657 tres.

58 2671 227 2703 exstruct.
253 2669 301 2704 D.
338 2680 404 2705 sua
429 2668 527 2706 sacta
553 2682 591 2719 p.
