1685 2954
590 147 692 178 ΜΒ.
723 146 963 178 'rna‘rrvs
1205 192 1207 194 Ι
1429 132 1510 177 105

116 255 211 297 Nec
239 252 355 308 piget
381 248 571 302 incoepti.
608 248 723 289 iuuat
750 247 831 289 hac
859 260 1022 302 quoque
1051 253 1166 302 parte
1193 246 1350 301 morari,
1426 251 1505 289 175

175 323 267 364 Hoc
296 320 422 361 solam
451 330 505 357 ne
534 328 583 357 se
612 329 740 369 posse
769 316 957 356 Minerua
985 322 1117 369 putet.

118 388 260 442 Disce,
288 386 499 429 latinorum
527 389 650 425 uates
679 396 852 437 operose
882 384 1047 437 dierum,

175 455 294 506 Quod
317 453 440 506 petis,
470 457 514 492 et
541 453 710 492 memori
736 458 905 505 pectore
935 453 1045 493 dicta
1074 458 1183 493 nota.

118 524 250 564 Parua
276 521 362 573 fuit,
392 521 429 561 si
456 520 584 573 prima
613 521 718 561 uelis
746 521 952 560 elementa
980 520 1142 572 referre,

171 589 314 629 Roma.
352 587 429 629 sed
457 588 497 628 in
525 599 652 641 parua
679 601 781 640 spes
809 594 946 628 tamen
976 588 1098 629 huius
1128 593 1227 629 erat.
1430 589 1508 625 180

115 656 282 698 Moenia
309 657 389 697 iam
418 656 585 697 stabant
610 655 771 709 populis
799 662 980 710 angusta
1009 656 1167 707 futuris,

173 723 344 765 Credita
371 723 447 765 sed
475 724 618 764 turbae
648 729 746 764 tunc
774 723 894 765 nimis
923 725 1056 777 ampla
1085 736 1200 764 suae.

118 789 236 842 Quae
264 791 387 833 fuerit
411 792 539 832 nostri
567 792 604 833 si
634 790 797 845 quaeris
824 793 941 846 regia
967 792 1064 844 nati,

173 859 329 912 Aspice
359 860 410 901 de
441 873 572 900 canna
599 859 945 912 straminibusque
973 859 1147 900 domum.

118 927 163 969 In
193 928 344 981 stipula
370 928 521 981 placidi
547 927 745 981 carpebat
774 938 943 966 munera
971 924 1115 977 somni,
1431 927 1509 964 185

172 995 228 1034 Et
255 1000 392 1036 tamen
420 1007 475 1036 ex
502 995 569 1035 illo
598 994 712 1034 uenit
737 994 778 1034 in
807 999 920 1034 astra
948 998 1049 1034 toro.

117 1062 283 1115 Iamque
311 1063 403 1103 loco
435 1060 568 1103 maius
596 1062 807 1102 Romanus
834 1074 982 1102 nomen
1009 1060 1201 1113 habebat,

175 1130 270 1169 Nec
299 1130 475 1169 coniunx
503 1128 571 1181 illi,
601 1141 681 1169 nec
709 1139 830 1170 socer
858 1129 963 1169 ullus
992 1133 1092 1169 erat.

116 1195 376 1250 Spernebant
411 1208 590 1249 generos
626 1197 772 1249 inopes
807 1196 957 1236 uicinia
991 1195 1110 1237 diues

171 1264 227 1304 Et
254 1263 362 1304 male
398 1263 596 1305 credebar
631 1261 848 1318 sanguinis
884 1268 1028 1304 auctor
1062 1275 1156 1318 ego.
1431 1268 1512 1305 190

114 1375 199 1412 175.
226 1374 305 1411 Nec
330 1374 445 1425 pudet
470 1374 502 1422 f.
542 1375 677 1425 incepti
704 1375 784 1413 libri
803 1379 946 1424 praeter
964 1374 1032 1422 Ilf.
1076 1375 1145 1411 hac
1171 1375 1207 1411 in
1228 1380 1333 1425 parte
1350 1375 1420 1423 llf.
1434 1388 1509 1414 ma.

62 1436 119 1475 pr.
146 1425 208 1462 sed
233 1425 312 1462 ead.
344 1438 438 1463 corr.
481 1433 586 1476 parte
611 1428 750 1463 moueri
777 1425 843 1473 Ilf.
859 1438 935 1462 ma.
949 1438 1004 1476 pr.
1020 1428 1053 1463 Z
1061 1438 1084 1474 9
1097 1427 1166 1462 mG
1193 1430 1361 1475 quatuor.
1406 1433 1512 1476 parte

63 1477 182 1512 notari
212 1477 250 1513 G.
367 1478 451 1513 176.
486 1477 589 1513 Haec
614 1489 644 1513 s.
691 1477 807 1513 solum
833 1477 957 1513 Ama.
973 1476 1197 1526 prJlt'mta.
1212 1488 1269 1525 pr.
1288 1478 1317 1514 G
1324 1479 1407 1514 DE
1420 1477 1511 1524 fort.

62 1525 214 1564 subras.
234 1523 536 1564 GTHbm512
562 1532 656 1573 octo3
686 1525 907 1565 Ouar.scr.
945 1528 1012 1564 sol.
1041 1539 1107 1564 nec
1132 1539 1171 1564 se
1190 1525 1245 1564 A.
1282 1529 1351 1564 sol.
1378 1541 1451 1564 non
1471 1541 1513 1566 se

68 1574 118 1614 Γ.
223 1579 309 1614 178.
335 1579 428 1627 petis
456 1578 607 1615 memori
632 1581 668 1616 E
682 1590 830 1627 mmm.
873 1578 967 1615 dicta
996 1588 1080 1615 tene
1109 1575 1150 1614 Φ
1166 1580 1235 1625 27;
1262 1591 1285 1628 p
1302 1591 1387 1616 παν.
1404 1592 1476 1618 scr.

119 1628 204 1664 179.
232 1628 350 1676 prima
377 1630 414 1665 ‘in
440 1640 517 1666 ras.
545 1641 595 1666 m.
645 1630 674 1665 si
701 1641 815 1679 parua
842 1628 925 1666 duo.
973 1629 1045 1665 uel.
1073 1629 1245 1665 alimenta
1270 1628 1352 1666 duo.
1403 1630 1511 1668 elem.

68 1682 196 1713 notare
213 1690 236 1725 9
252 1682 425 1725 (Juatuor3
452 1692 475 1728 p
491 1691 657 1717 uar.scr.
761 1682 844 1716 180.
871 1692 955 1729 spes
982 1692 1052 1717 om.
1077 1677 1273 1729 Φηιιιφν.
1313 1692 1429 1730 parua
1455 1694 1513 1718 res

67 1734 188 1763 tamen
203 1726 422 1776 Ilfmzffipr.
438 1742 560 1767 mma.
573 1742 628 1779 pr.
669 1742 751 1779 spes
771 1738 846 1766 tum
869 1731 966 1766 urbis
988 1737 1067 1766 erat
1086 1732 1132 1766 D.
1175 1737 1295 1766 tamen
1318 1732 1414 1768 urbis
1433 1738 1512 1769 erat

67 1777 135 1824 Ilf.
153 1775 436 1815 Gflms2o41
465 1784 557 1816 octo.
666 1784 750 1816 181.
785 1781 929 1816 Maenia
960 1783 1051 1817 DE.
1098 1781 1167 1816 iam
1196 1782 1339 1830 populis
1366 1782 1514 1819 fuerant

68 1840 152 1876 ang.
179 1840 286 1864 unus.
336 1829 427 1865 stab.
457 1841 596 1878 ponens
631 1836 782 1878 angusta
815 1829 847 1866 b.
961 1833 1046 1866 182.
1081 1830 1237 1866 Condita
1269 1831 1334 1867 sed
1366 1834 1444 1869 EO
1460 1832 1512 1881 by

69 1883 236 1929 quatuor.
282 1878 346 1915 sed
379 1879 492 1915 turbis
518 1880 587 1915 iam
619 1881 703 1915 satis
738 1882 859 1930 ampla
893 1881 966 1917 suis
995 1881 1054 1917 14.
1099 1881 1195 1917 turb.
1221 1881 1292 1917 iam
1319 1882 1421 1919 nimis
1446 1886 1512 1922 20.

68 1930 164 1965 turb.
190 1941 287 1965 nunc
313 1929 416 1965 nimis
441 1932 561 1966 Ema-
578 1942 632 1979 pr.
653 1930 761 1968 alius.
799 1932 895 1967 turb.
923 1944 1004 1967 cuin
1032 1933 1127 1978 (tum
1147 1935 1174 1967 t.
1190 1933 1315 1979 Voss.)
1342 1934 1444 1971 nimis
1472 1935 1511 1972 G.

68 1979 163 2015 turb.
192 1986 267 2015 tum
295 1980 410 2015 minus
438 1981 559 2029 ampla
584 1980 721 2027 Ilf.B:
751 1983 846 2018 turb.
874 1989 949 2018 tum
974 1983 1059 2018 satis
1088 1982 1214 2018 Guar.
1228 1994 1301 2020 scr.
1340 1990 1427 2021 tunc
1451 1996 1511 2021 sa-

68 2031 112 2065 tis
139 2030 259 2079 ampla
291 2031 322 2066 0
339 2031 362 2065 9
387 2036 555 2078 quatuor.
604 2038 690 2067 tune
715 2032 831 2068 minus
856 2033 977 2082 ampla
1003 2032 1086 2069 duo.
1192 2035 1277 2069 183.
1314 2034 1362 2077 Q.
1392 2036 1513 2072 suerat

67 2078 189 2126 11s.1“
205 2082 369 2129 (mitique.
407 2082 436 2117 si
462 2093 614 2130 quaeras
642 2079 688 2118 Σ.
729 2083 759 2119 si
784 2083 899 2119 credis
926 2095 1001 2132 reg.
1019 2082 1102 2120 duo.
1141 2084 1255 2132 gloria
1283 2086 1356 2121 nati
1375 2089 1425 2122 M
1435 2098 1511 2124 ma.

66 2143 123 2180 pr.
226 2132 312 2167 184.
340 2131 479 2180 Inspice
510 2134 554 2168 T.
594 2144 699 2170 canu.
725 2134 976 2183 stipitibusque
1001 2146 1106 2170 unus.
1147 2146 1217 2184 que
1244 2147 1345 2171 casas
1374 2138 1433 2173 15.

119 2180 204 2217 185.
240 2183 278 2217 ln
305 2182 472 2230 stipulam
505 2183 535 2219 0
553 2195 626 2220 ma.
640 2195 696 2232 pr.
725 2188 808 2221 tres.
850 2187 927 2231 Ita,
955 2185 1142 2233 carpebat,
1170 2187 1220 2222 D.
1267 2188 1468 2235 carpebant
1491 2187 1517 2234 f

67 2233 118 2268 20
143 2230 226 2268 duo.
276 2233 444 2281 cupiebat
473 2235 516 2272 Τ.
565 2234 755 2283 capiebant
781 2231 820 2271 Σ
826 2233 845 2270 b
861 2234 950 2282 fort.
963 2247 1149 2284 n1a‹.pr.s.
1191 2236 1358 2284 capiebat
1383 2237 1512 2287 reliqui

67 2293 199 2321 omnes.
242 2294 323 2331 cap.
352 2283 499 2319 numina
519 2282 559 2321 ,b-
606 2296 687 2334 cap.
714 2286 873 2335 praemia
900 2285 984 2323 duo.
1031 2286 1175 2335 sompni
1201 2288 1247 2324 E.
1353 2290 1438 2325 186.
1466 2301 1512 2325 ex

66 2332 191 2368 humili
217 2344 300 2371 uen.
329 2335 472 2372 Mnar.
487 2345 558 2372 scr.
598 2346 680 2379 uen,
710 2336 755 2371 ad
783 2343 879 2372 astra
907 2334 954 2373 Σ.
994 2337 1031 2372 in
1058 2343 1165 2372 antra
1189 2335 1223 2372 b.
1261 2336 1366 2374 thoro
1392 2338 1510 2386 Ilf.D

67 2380 231 2422 EGFr.
336 2386 419 2422 187.
446 2385 595 2434 Iamque
620 2385 720 2422 locus
741 2388 777 2423 8.
814 2388 963 2436 lamque
990 2388 1108 2424 locum
1135 2399 1285 2424 numero
1313 2390 1426 2426 maior
1452 2403 1512 2426 ro-

69 2445 193 2470 manus
212 2432 367 2480 Ilfuma.
383 2446 440 2484 pr.
479 2435 560 2471 loco
587 2448 717 2472 nomen
736 2438 849 2473 maius
876 2450 966 2474 rom.
991 2440 1050 2487 E9
1068 2439 1232 2486 quinque.
1271 2438 1350 2475 loco
1379 2453 1512 2477 nomen

69 2495 236 2520 romanus
263 2486 376 2520 maius
407 2486 452 2521 0.
496 2486 609 2522 maius
635 2498 805 2523 romanus
833 2500 965 2525 nomeu
993 2488 1077 2524 hab.
1107 2487 1282 2529 301126.
1322 2491 1403 2527 loco
1429 2491 1511 2527 mFo

70 2534 182 2569 maior
202 2547 292 2572 rom.
311 2543 348 2571 m
362 2547 436 2573 ma.
454 2548 510 2586 pr.
549 2536 700 2579 haberes
720 2535 763 2573 A
776 2550 849 2575 mar.
862 2550 918 2588 pr.
1021 2541 1106 2575 188.
1135 2539 1264 2576 coniux
1290 2539 1380 2578 ulli?
1417 2542 1511 2578 coni.

71 2582 140 2618 illic
164 2583 442 2634 Ilf.ma.pr.B.
490 2587 582 2625 coni.
608 2588 675 2624 illis
702 2600 737 2625 m
750 2591 812 2625 20.
860 2589 951 2625 coni.
980 2588 1041 2625 ulli
1071 2590 1120 2625 26
1136 2591 1198 2626 27.
1313 2594 1397 2628 189.
1433 2588 1510 2640 Sic,

71 2632 314 2682 Spernebant,
339 2634 481 2672 ΑΒΔ
493 2640 516 2673 8
535 2640 698 2687 quinque.
738 2639 946 2689 Spernebat
971 2642 1115 2677 caeteri.
1220 2643 1305 2678 190.
1335 2643 1429 2678 male
1455 2642 1511 2678 di-

70 2682 178 2771 cebar
201 2684 268 2772 llillf
278 2698 315 2723 m
328 2690 373 2724 12
385 2689 435 2724 20
460 2692 629 2741 quatuor.
666 2701 768 2740 sang.
794 2690 891 2730 ultor
913 2693 948 2731 E
961 2702 1036 2730 vna.
1051 2702 1108 2745 pr.
1148 2697 1249 2730 actor
1272 2693 1302 2733 G
1310 2691 1398 2730 (DN
1404 2689 1508 2733 HA.

69 2745 113 2770 au
132 2745 174 2770 or
243 2746 279 2774 z.
