1685 2954
156 93 245 141 248
720 104 1037 138 FAS'ronvM

265 207 436 250 Mittere
462 207 631 249 roboreo
660 204 827 261 scirpea
852 212 978 261 ponte
1007 208 1125 248 solet.

210 276 394 329 Corpora
423 281 521 328 post
547 274 690 316 decies
718 287 843 316 senos
873 275 942 328 qui
971 274 1141 315 credidit
1170 286 1299 315 annos

266 344 402 385 Missa
429 342 534 395 neci,
563 343 735 383 sceleris
764 341 932 383 crimine
961 341 1125 383 damnat
1153 354 1267 382 auos.

207 411 340 452 Fama
371 415 507 462 uetuS,
535 414 634 450 tunc
662 422 756 450 cum
783 410 975 451 Saturnia
1004 415 1111 450 terra
1139 415 1291 450 uocata
1319 414 1397 462 est,
1522 414 1601 451 625

267 475 385 518 Talia
411 474 566 516 fatidici
594 475 707 518 dicta
734 478 865 518 fuisse
893 478 1021 518 Iouis:

208 543 415 585 Falcifero
444 544 569 584 libata
597 546 688 585 seni
716 544 796 586 duo
825 556 1006 598 corpora,
1036 549 1201 598 gentes,

262 611 443 665 Mittite,
477 624 584 665 quae
611 613 764 653 Tuscis
802 612 1057 663 excipiantur
1092 613 1229 664 aquis:

209 677 355 720 Donec
382 679 423 718 in
451 678 557 719 haec
585 680 700 719 uenit
728 677 968 731 Tirynthius
995 689 1105 729 arua,
1134 678 1353 730 quotannis

269 745 422 787 Tristia
449 746 659 786 Leucadio
687 756 807 785 sacra
835 749 1004 797 peracta
1032 744 1174 784 modo:
1524 751 1604 786 630

214 811 329 852 Illum
356 811 600 853 stramineos
628 810 670 851 in
699 824 846 865 aquam
874 811 1040 852 misisse
1068 809 1270 861 Quirites:

273 880 466 920 Herculis
493 880 682 932 exemplo
709 874 879 931 corpora
906 878 1012 919 falsa
1038 877 1131 919 iaci.

211 947 315 988 Pars
342 952 473 1000 putat,
498 953 546 988 ut
573 947 725 987 ferrent
753 946 926 987 iuuenes
953 946 1151 1000 suffragia
1179 946 1268 1000 soli,

261 1014 462 1055 Pontibus
488 1013 668 1054 infirmos
696 1013 997 1067 praecipitasse
1026 1025 1164 1055 senes.

209 1080 332 1133 Tibri,
361 1080 467 1121 doce
495 1095 650 1122 uerum.
687 1087 759 1121 tua
788 1080 874 1134 ripa
901 1082 1103 1122 uetustior
1132 1081 1230 1120 urbe
1261 1084 1340 1132 est,
1526 1083 1605 1119 635

265 1146 513 1201 Principium
543 1149 645 1188 ritus
673 1153 720 1188 tu
748 1148 855 1188 bene
883 1161 1009 1190 nosse
1039 1155 1174 1202 potes.

209 1213 344 1257 Tibris
372 1215 643 1258 arundiferum
673 1215 809 1257 medio
839 1223 966 1271 caput
995 1217 1141 1258 extulit
1166 1217 1299 1268 alueo,

204 1322 294 1358 622.
321 1320 427 1358 Mitte
453 1321 534 1357 rob.
562 1323 660 1358 433.
704 1322 860 1359 reboreo
887 1319 943 1359 Φ.
985 1322 1079 1358 Mitt.
1108 1321 1256 1357 robusto
1283 1316 1330 1355 Σ.
1373 1318 1469 1355 Mitt.
1496 1318 1606 1355 subli-

153 1371 210 1408 cio
243 1372 272 1408 G
285 1383 358 1410 ma.
373 1383 440 1412 sec.
460 1373 498 1408 in
518 1383 635 1420 marg.
674 1384 828 1421 scyrpea
845 1373 924 1409 EG
943 1374 1052 1409 Lact.
1092 1371 1227 1419 stirpea
1243 1371 1306 1407 A.
1350 1369 1474 1418 cirpea
1499 1367 1540 1405 Γ
1543 1371 1606 1406 44.

153 1423 275 1471 sirpea
308 1421 340 1468 f.
393 1428 508 1471 ponte
539 1423 680 1458 solebat
706 1425 894 1472 Emmpr.
949 1423 1043 1458 soles
1076 1424 1126 1457 28
1152 1423 1261 1457 Laut.
1281 1419 1336 1456 ed.
1358 1422 1466 1457 Rom.
1495 1421 1607 1456 1470.

152 1473 265 1510 solest
290 1484 339 1509 m.
385 1472 505 1508 solent
530 1475 567 1508 4.
672 1474 759 1509 623.
786 1474 849 1521 qui
875 1472 1036 1509 condidit
1061 1468 1153 1508 ΡΣ.
1257 1472 1344 1508 624.
1372 1469 1548 1519 dampnet
1573 1472 1609 1506 E

160 1520 282 1560 Gl'r.
384 1523 474 1558 625.
508 1522 657 1572 lamque
684 1530 757 1560 uet.
792 1524 993 1560 Guar.sor.
1031 1529 1103 1559 net.
1131 1528 1207 1558 tum
1234 1533 1314 1558 cum
1341 1519 1607 1566 BFfmrduo.

156 1580 233 1610 uet.
261 1584 358 1609 nunc
383 1584 466 1609 cum
491 1585 523 1611 ε.
625 1574 713 1610 626.
740 1573 893 1610 fastidici
922 1572 980 1611 Fb
992 1585 1138 1621 mu=.p0·.
1177 1571 1244 1608 fat.
1273 1571 1385 1607 uerba
1410 1569 1459 1606 A
1467 1567 1512 1604 N
1521 1566 1613 1606 ²I¹T

154 1627 205 1674 pt
231 1622 368 1669 decem3
392 1634 416 1672 9
432 1634 515 1660 παν.
534 1635 605 1661 scr.
655 1623 751 1660 dicta
777 1625 926 1671 (uerba)
951 1624 1055 1659 suere
1080 1616 1609 1670 ΒΕΡΦΓΛΡΨΔΣερρ

155 1685 206 1711 ‘rs
221 1677 269 1709 22
284 1676 331 1709 33
359 1672 582 1722 undeuiginti
606 1678 640 1710 et
660 1678 745 1710 ποτε.
767 1674 822 1710 ed.
862 1677 940 1720 Ita,
969 1675 1073 1719 iouis,
1105 1675 1139 1709 G
1158 1673 1301 1721 punctis
1326 1675 1444 1707 tamen
1471 1682 1609 1720 suppo-

158 1725 241 1761 sitis
266 1727 300 1760 et
325 1725 484 1773 ascripto
509 1725 604 1760 senis
631 1736 711 1761 cum
727 1724 838 1772 gloss.
866 1723 1008 1773 prothei
1036 1723 1081 1760 ab
1106 1723 1228 1759 eadem
1249 1733 1375 1758 manu.
1414 1721 1524 1756 fuisse
1551 1720 1608 1756 dei

159 1776 210 1810 48
228 1785 313 1810 aar.
330 1786 404 1812 scr.
453 1774 563 1810 fuisse
590 1773 729 1821 (fuere)
756 1775 850 1810 senis
884 1775 1013 1810 caeteri
1039 1786 1174 1810 onmes.
1294 1773 1384 1809 627.
1418 1771 1448 1806 F
1452 1771 1608 1819 alcigero
1669 1815 1673 1821 ι

158 1836 283 1861 mma.
297 1836 354 1874 pr.
395 1825 506 1860 libate
529 1823 579 1861 A
598 1829 682 1860 ποτε.
701 1824 773 1869 ed.;
800 1836 1002 1873 puar.scr.
1043 1825 1159 1872 gentis
1187 1835 1222 1859 m
1238 1825 1288 1857 20
1300 1825 1346 1858 33
1374 1821 1444 1858 cluo
1471 1825 1504 1857 et
1521 1825 1607 1857 vett.

160 1874 217 1911 ed.
319 1876 406 1911 628.
434 1875 529 1911 Mitti
559 1886 652 1924 quae
677 1887 864 1924 mma-pr.
904 1875 1001 1912 Mitt.
1030 1887 1109 1910 cum
1137 1880 1227 1910 tusc.
1256 1875 1316 1909 M.
1360 1871 1454 1908 Mitt.
1483 1872 1546 1921 qui
1570 1869 1611 1907 Φ

161 1924 354 1974 ma.pr.b.
401 1924 534 1961 thuscis
564 1927 625 1962 Ge
650 1929 735 1961 uest.
753 1924 807 1961 etl.
852 1925 979 1961 truscis
1005 1927 1067 1961 M.
1106 1925 1332 1973 excipiuntur
1356 1920 1418 1960 A.
1521 1923 1608 1961 629.

160 1974 258 2011 Don.
288 1975 335 2011 ad
361 1987 482 2025 puar.
501 1988 571 2012 scr.
617 1976 712 2011 Don.
740 1987 836 2024 aqua
861 1975 951 2011 haec
977 1974 997 2011 b
1017 1987 1090 2011 ma.
1107 1987 1164 2024 pr.
1204 1972 1365 2010 thirinth:
1393 1973 1487 2009 DG.
1527 1971 1610 2020 thy-

160 2026 292 2061 rincius
312 2028 357 2062 Ε.
399 2026 581 2062 thirincius
605 2023 679 2062 Tr.
723 2027 881 2062 tirincius
903 2023 949 2061 Σ.
990 2037 1078 2062 arua
1098 2032 1153 2062 tot
1172 2037 1254 2061 ann.
1284 2029 1367 2060 tres.
1410 2021 1507 2072 quod
1524 2034 1610 2058 ann.

162 2077 214 2111 D.
265 2083 356 2125 quot
382 2088 467 2112 ann.
498 2076 605 2113 EGb
631 2078 803 2113 Lactant.
828 2079 916 2113 Ven.
1026 2078 1113 2112 630.
1149 2087 1252 2111 sacra
1277 2081 1406 2124 parata
1432 2075 1610 2110 Laclant.

159 2128 269 2162 Rom.
289 2130 323 2162 et
344 2128 431 2163 Ven.
486 2127 651 2162 leucadio
680 2134 718 2163 ut
744 2139 845 2163 sacra
872 2131 908 2163 2.
955 2129 1032 2170 Ita,
1059 2125 1182 2173 modo,
1211 2128 1482 2161 stma.sec.
1504 2123 1609 2158 1315

160 2178 268 2212 3348
287 2179 483 2222 Lactant.;
514 2178 545 2214 Ο
564 2189 648 2214 var.
667 2189 736 2214 scr.
785 2189 864 2226 per.
893 2177 952 2213 dei
980 2174 1025 2213 Σ.
1077 2189 1155 2225 per.
1183 2175 1252 2211 deo
1280 2176 1421 2211 caeteri.
1520 2175 1608 2216 631.

159 2225 235 2262 lnic
261 2235 325 2263 str.
347 2225 409 2265 Λ.
449 2228 591 2263 stamin.
619 2229 664 2264 G.
703 2235 827 2265 stram.
857 2235 1029 2277 tanquam
1056 2228 1134 2263 mis.
1161 2226 1530 2274 bma.pr.mma.pr.
1571 2222 1608 2258 in

160 2287 257 2325 aqua
291 2278 472 2314 monuisse
506 2279 598 2326 quir.
626 2276 688 2315 Λ.
736 2290 795 2328 aq.
824 2279 965 2314 iussisse
990 2277 1109 2314 buar.
1128 2289 1197 2313 scr.
1253 2276 1406 2312 mississe
1432 2271 1472 2310 Γ
1477 2286 1508 2310 r.

211 2329 299 2363 632.
327 2340 430 2378 corp.
459 2328 564 2364 missa
591 2331 638 2365 M
656 2333 689 2365 et
708 2330 757 2363 44
775 2341 856 2365 var.
874 2340 944 2365 scr.
984 2329 1060 2364 iace
1086 2330 1267 2365 Laetam.
1369 2327 1454 2362 633.
1485 2321 1606 2360 Gloss.

161 2375 318 2413 Sceuma
354 2386 521 2419 estcurn
557 2378 650 2415 idem
690 2391 820 2415 nornen
858 2378 903 2415 ad
940 2378 1163 2428 superiorem
1200 2376 1257 2414 uel
1290 2375 1494 2412 inferiorem
1522 2383 1608 2408 con-

160 2429 395 2465 structionem
423 2430 602 2476 refertur,
638 2429 695 2465 uel
723 2430 816 2465 idem
844 2430 994 2465 uerbum
1024 2435 1061 2464 ut
1088 2428 1146 2464 hic
1170 2427 1261 2463 Pars
1287 2432 1364 2475 put.
1392 2426 1440 2460 D.
1490 2429 1529 2459 ut
1552 2422 1608 2458 iu-

160 2487 273 2512 uenes
299 2478 436 2515 ferrent
461 2481 523 2515 20.
568 2480 644 2515 iuu.
671 2480 797 2515 solatia
823 2480 890 2516 soli
921 2480 998 2516 Gm
1018 2491 1087 2515 ma.
1098 2490 1154 2526 pr.
1172 2490 1192 2514 s
1218 2481 1306 2514 octo.
1415 2475 1502 2510 634.
1541 2471 1607 2508 inf.

160 2527 401 2575 praecipitare
427 2526 1174 2579 EMvna.pr.P²PAma.pr.ETfyr3
1200 2538 1277 2563 sex.
1378 2525 1464 2560 635.
1492 2522 1610 2572 Tybri

162 2578 237 2613 Ee.
272 2576 402 2613 Thibri
433 2581 479 2615 G.
519 2586 652 2616 uetust.
680 2581 768 2617 orbe
794 2580 818 2626 f
831 2582 995 2629 quinque.
1037 2586 1170 2615 uetust.
1196 2577 1269 2613 istis
1295 2579 1322 2611 t.
1364 2581 1419 2611 est
1447 2572 1518 2611 abi.
1538 2573 1613 2611 EF

161 2623 203 2664 Γ
199 2624 249 2663 Λ
257 2625 311 2665 Μ
320 2624 403 2664 ΟΔ
415 2627 480 2666 Tr
505 2629 632 2667 decem.
737 2633 824 2668 636.
859 2642 965 2667 nosse
991 2636 1097 2679 putes
1123 2641 1160 2676 p.
1260 2627 1347 2662 637.
1376 2625 1511 2673 Tybris
1536 2626 1608 2661 Ee.

161 2676 310 2716 Thibris
336 2677 600 2718 harundineum
630 2682 677 2719 G.
722 2680 962 2719 arundineum
992 2676 1091 2717 ΦΟ.
1137 2675 1307 2714 arumdif.
1335 2678 1378 2715 E.
1423 2673 1608 2713 harundif-
