1685 2954
153 96 209 138 62
712 109 1027 141 FASTORVM

208 209 392 251 Venerat
418 207 471 248 ad
497 207 616 248 strati
643 214 811 263 captata
838 209 986 252 cubilia
1011 209 1121 264 lecti,
1507 217 1586 254 335

263 278 320 318 Et
347 276 444 316 felix
471 276 599 329 prima
625 275 731 318 forte
757 278 916 319 futurus
944 284 1044 320 erat.

207 345 268 385 Vt
302 343 442 397 tetigit
475 344 575 383 fului
609 345 714 386 setis
747 345 903 386 hirsuta
937 345 1076 386 leonis·

261 410 439 462 Vellera,
468 410 673 462 pertimuit
700 413 973 471 sustinuitque
1001 425 1178 453 manum:

207 476 499 530 Attonitusque
527 484 638 519 metu
665 480 802 534 rediit,
838 486 886 521 ut
913 493 1042 534 saepe
1069 480 1201 521 uiator

263 545 483 585 Turbatum
512 546 602 586 uiso
629 547 784 588 rettulit
811 560 949 601 angue
976 547 1134 600 pedem.
1511 550 1592 588 340

206 612 305 654 Inde
331 613 419 666 tori,
448 613 516 666 qui
543 614 709 654 iunctus
737 621 836 667 erat,
865 615 1067 654 uelamina
1093 612 1231 668 tangit

262 679 416 732 Mollia,
445 680 631 721 mendaci
659 682 942 734 decipiturque
970 685 1079 720 nota.

207 748 410 789 Ascendit
437 748 675 800 spondaque
703 748 780 787 sibi
810 747 995 800 propiore
1022 747 1242 789 recumbit:

265 817 322 856 Et
350 814 544 855 tumidum
576 827 700 855 cornu
728 814 866 854 durius
892 814 1046 866 inguen
1077 821 1178 855 erat.

206 884 366 924 Interea
397 883 558 922 tunicas
589 894 658 922 ora
685 881 877 922 subducit
905 882 956 921 ab
986 881 1086 921 ima:
1516 883 1594 922 345

261 950 495 990 Horrebant
522 949 664 990 densis
691 961 840 1001 aspera
869 961 984 989 crura
1011 949 1116 1001 pilis.

207 1015 387 1056 Caetera
418 1022 689 1068 temptantem
717 1016 853 1056 cubito
884 1015 1121 1069 Tirynthius
1148 1015 1271 1058 heros

262 1084 474 1136 Reppulit.
515 1096 540 1122 e
568 1095 727 1123 summo
754 1081 907 1123 decidit
934 1083 1001 1122 ille
1028 1088 1127 1124 toro.

208 1150 278 1191 Fit
306 1163 448 1191 sonus.
489 1150 711 1191 inclamant
739 1151 925 1202 comites,
953 1155 998 1190 et
1025 1151 1174 1192 lumina
1201 1153 1339 1205 poscit

264 1216 467 1257 Maeonis.
503 1218 633 1258 Illatis
659 1216 825 1272 ignibus
854 1224 949 1259 acta
976 1225 1132 1270 patent.
1516 1223 1596 1261 350

207 1285 280 1324 Ille
312 1285 442 1338 gemit
465 1285 575 1325 lecto
606 1286 787 1338 grauiter
813 1285 1001 1327 deiectus
1027 1287 1077 1326 ab
1107 1287 1204 1338 alto,

262 1352 530 1406 Membraque
560 1351 612 1392 de
640 1352 740 1393 dura
768 1353 838 1392 uix
866 1365 942 1393 sua
972 1355 1074 1394 tollit
1102 1355 1236 1394 humo.

202 1463 288 1500 335.
326 1464 427 1499 strati
455 1471 607 1500 tractata
634 1476 681 1500 m.
723 1464 864 1499 cubulia
894 1467 938 1502 Ε.
1041 1466 1128 1500 336.
1158 1465 1208 1500 Et
1233 1465 1347 1514 prima
1373 1464 1459 1501 felix
1483 1462 1597 1502 AM

153 1510 192 1552 Ο
216 1517 274 1550 10.
306 1521 413 1557 Vsorte
439 1526 559 1550 omnes
585 1513 666 1550 libri
690 1518 834 1562 praeter
857 1514 906 1550 A.
1007 1518 1093 1550 338.
1123 1515 1281 1550 Vulnera
1311 1516 1348 1551 G.
1388 1521 1481 1561 pert.
1508 1527 1595 1551 con·

148 1565 328 1613 tinuitque
345 1562 442 1601 ΕΦ.
480 1565 739 1613 continuatque
758 1566 808 1600 D.
852 1576 978 1600 manus
1001 1562 1460 1611 DEOEAMNOfffbf
1481 1563 1596 1602 decem

147 1619 184 1652 et
208 1619 295 1651 uett.
323 1615 378 1651 ed.
483 1617 569 1651 339.
607 1627 679 1663 que
703 1626 810 1650 manu
839 1614 914 1650 red.
942 1615 978 1651 A
997 1618 1057 1651 43.
1105 1622 1201 1651 metu
1232 1615 1338 1663 riguit
1367 1617 1595 1662 Bthroe3

152 1665 184 1702 G
205 1677 290 1702 παν.
314 1677 388 1703 scr.
436 1672 532 1702 metu
567 1666 708 1700 rediens
735 1666 778 1700 N
780 1678 790 1708 3
816 1663 836 1699 b
861 1677 943 1701 var.
962 1677 1031 1701 scr.
1079 1672 1175 1701 metu
1201 1666 1318 1700 timuit
1342 1677 1448 1701 unus.
1498 1672 1596 1701 metu

146 1717 295 1752 tremuit
321 1716 428 1752 alius.
468 1714 544 1751 red.
573 1715 674 1763 (rig.)
700 1726 764 1750 ceu
789 1726 876 1763 sepe
895 1715 1068 1763 BGyhm
1078 1727 1129 1764 pr
1152 1714 1349 1762 quindecim
1374 1719 1407 1751 et
1433 1719 1520 1751 vett.
1540 1713 1596 1751 ed.

146 1765 254 1802 rediit
279 1767 328 1802 sic
353 1778 441 1816 sepe
467 1767 516 1802 M
527 1777 601 1801 ma.
616 1777 684 1801 sec.
708 1761 765 1811 23
793 1763 926 1802 Auar.
941 1777 1011 1802 scr.
1053 1765 1161 1800 rediit
1186 1777 1250 1801 seu
1271 1767 1322 1801 N.
1363 1765 1467 1802 rediit
1492 1765 1595 1815 quasi

146 1828 236 1865 sepe
268 1817 313 1853 0.
414 1816 501 1852 340.
530 1816 717 1850 Turbatus
749 1813 832 1851 ΟΛ
847 1813 962 1862 Ψςιη
988 1815 1183 1852 duodecim.
1224 1816 1346 1852 retulit
1371 1815 1517 1862 EGfr.

201 1867 288 1902 341.
316 1865 409 1903 thori
434 1867 604 1902 DEGr.
707 1866 792 1901 343.
821 1866 967 1901 Accedit
985 1868 1118 1902 Puar.
1134 1877 1205 1902 scr.
1243 1878 1352 1915 prop.
1380 1866 1513 1902 resedit
1533 1869 1594 1903 13.

147 1917 315 1953 recunbit
340 1919 386 1954 G.
488 1917 575 1951 344.
607 1916 656 1951 Et
682 1915 850 1964 cupidum
873 1928 923 1953 m.
962 1916 1011 1951 Et
1036 1915 1187 1964 rigidum
1207 1913 1262 1963 Σ;
1292 1918 1323 1954 O
1340 1928 1421 1953 aar.
1439 1928 1509 1953 scr.
1545 1916 1596 1953 Et

147 1966 266 2015 rigido
293 1969 328 2003 6.
439 1967 526 2003 345.
559 1966 634 2002 Iam
663 1973 788 2001 tenues
815 1967 952 2002 tunicas
980 1969 1030 2002 D.
1081 1966 1167 2002 hora
1193 1969 1238 2003 E.
1289 1979 1359 2016 oras
1379 1967 1525 2003 deducit
1551 1968 1593 2005 0.

144 2017 254 2054 subd.
277 2017 322 2052 ad
350 2017 421 2053 ima
440 2015 472 2051 b.
576 2018 661 2051 346.
690 2016 915 2052 Horruerant
940 2018 985 2053 G.
1028 2017 1135 2053 Horr.
1153 2017 1272 2065 spissis
1296 2019 1355 2054 17.
1398 2018 1505 2053 Horr.
1526 2015 1594 2053 du-

145 2067 196 2103 ris
223 2072 392 2116 quatuor.
432 2066 549 2102 densis
577 2066 721 2101 horrida
749 2068 791 2102 F.
895 2069 980 2102 347.
1010 2067 1114 2102 Caet.
1144 2074 1372 2103 cunctantem
1401 2071 1462 2103 ll.
1501 2073 1592 2104 tent.

146 2114 220 2154 (Db
247 2117 325 2154 alit.
362 2117 636 2167 tempnfiuffito
656 2114 1193 2154 AFGFOPIIAb84041
1212 2130 1356 2163 nouen23
1386 2118 1593 2154 Gnarum.

144 2168 323 2204 thirintius
351 2168 472 2204 DGr.
511 2165 676 2216 fiducius
703 2169 747 2202 E.
790 2168 954 2214 tyrintius
978 2165 1025 2203 Γ.
1130 2168 1394 2216 348336ρι11ἰῐ
1417 2163 1590 2203 ΕΦΓν.

144 2217 243 2267 Rep.
271 2225 307 2254 et
334 2229 472 2254 summo
499 2214 641 2264 F'Gyh
667 2221 752 2252 uett.
782 2217 835 2252 ed.
877 2217 982 2252 thoro
1012 2215 1189 2254 DEGF.
1292 2220 1378 2254 349.
1415 2229 1524 2253 sonus
1551 2221 1591 2253 et

144 2268 305 2304 clamant
325 2281 417 2304 com.
437 2266 487 2304 Γ.
528 2279 636 2303 sonus
663 2274 699 2303 et
726 2267 872 2302 comites
900 2268 1105 2310 inclamant,
1132 2267 1219 2302 lum.
1248 2269 1422 2304 GP'I'rs
1446 2270 1590 2316 septem.

146 2330 227 2355 son.
257 2325 294 2354 et
321 2319 468 2354 comites
494 2318 676 2364 inclamat,
703 2316 789 2352 lum.
818 2316 841 2352 h
861 2319 882 2351 3
912 2321 983 2352 tres
1008 2322 1041 2352 et
1066 2321 1151 2353 uest.
1173 2316 1225 2353 ed.
1271 2330 1349 2353 son.
1380 2323 1417 2353 et
1443 2317 1591 2353 comites

145 2368 365 2414 clamabant,
394 2369 480 2404 lum.
508 2367 540 2403 b.
582 2379 659 2403 son.
690 2374 726 2402 et
753 2367 898 2402 comites
924 2367 1149 2402 conclamant
1178 2367 1262 2403 lum.
1291 2367 1374 2403 duo.
1420 2367 1590 2403 inclamat

140 2416 199 2466 ,h
224 2423 258 2454 et
283 2419 426 2467 aliquotv
446 2420 569 2467 ignoti.
608 2418 691 2453 incl.
720 2428 843 2453 omnes
868 2429 892 2464 p
919 2428 999 2453 acar.
1020 2429 1088 2452 scr.
1134 2424 1287 2466 poscunt
1318 2415 1452 2454 ²PTm
1480 2416 1588 2454 alius.

195 2470 280 2506 350.
308 2469 452 2505 Maeon.
480 2469 595 2505 allatis
621 2479 640 2504 s
660 2472 743 2504 tres.
784 2467 930 2503 Maeon.
958 2468 1079 2503 aclatis
1107 2466 1137 2512 f.
1182 2468 1254 2515 ign.
1277 2474 1362 2516 apta
1390 2474 1519 2516 parant
1543 2469 1589 2503 B.

142 2524 223 2554 acta
252 2518 376 2554 uident
400 2516 524 2555 1141.
635 2519 721 2554 351.
759 2518 867 2565 gemit
894 2519 1053 2566 grauiter
1080 2518 1172 2554 lecto
1201 2517 1341 2563 BGs'm
1367 2517 1448 2554 duo.
1495 2517 1589 2554 lecto

142 2569 280 2617 pariter
304 2581 341 2604 m
365 2581 437 2605 vna.
457 2581 513 2617 pr.
553 2569 635 2605 lect.
664 2568 807 2618 grauius
827 2566 889 2604 A.
930 2566 1089 2603 deiectus
1118 2569 1153 2603 in
1170 2579 1310 2604 ras.m.
1354 2568 1502 2603 diiectus
1523 2564 1586 2604 A.

141 2618 305 2655 detectus
329 2618 364 2655 h.
407 2618 578 2669 depulsus
605 2621 650 2656 E.
753 2619 842 2655 352.
869 2619 1091 2668 menbraque
1120 2619 1166 2655 G.
1208 2619 1255 2655 de
1280 2631 1349 2655 om.
1381 2620 1414 2654 E
1433 2629 1508 2655 vna.
1529 2629 1587 2668 pr.

142 2667 191 2706 de
216 2669 301 2706 uiua
327 2668 387 2706 35.
