1685 2954
544 108 643 138 mn.
675 107 962 137 sncvnnvs
1421 92 1475 134 77

83 213 300 255 Conuoeat
328 211 396 253 hic
422 208 635 264 nymphas,
664 207 828 263 Latium
856 219 1139 263 quaecumque
1168 207 1377 262 tenebant,

137 282 193 321 Et
221 280 319 321 iacit
347 280 387 319 in
415 277 551 318 medio
581 276 681 317 talia
708 276 835 316 uerba
864 276 1008 316 choro:

84 348 244 389 Inuidet
270 347 360 400 ipsa
387 343 479 397 sibi,
506 343 692 398 uitatque
721 343 830 397 quod
861 344 1030 396 expedit
1060 345 1128 397 illi,

139 417 292 456 vestra
318 425 448 464 soror,
478 424 636 453 summo
666 413 836 466 iungere
867 412 1048 452 membra
1077 412 1166 453 deo.
1395 413 1476 452 590

85 483 296 526 Consulite
325 480 534 521 ambobus.
573 492 667 520 nam
696 492 803 533 quae
831 492 924 520 mea
953 492 1106 534 magna
1135 479 1338 533 uoluptas,

140 549 308 591 Vtilitas
336 553 502 588 uestrae
531 559 684 601 magna
713 548 863 588 sororis
892 545 982 588 erit.

83 618 173 659 Vos
201 617 255 657 illi
284 617 323 656 in
353 614 480 670 prirna
509 613 685 669 fugienti
712 613 904 655 obsistite
932 614 1031 668 ripa,

135 685 204 726 Ne
233 697 310 725 sua
337 684 531 725 fluminea
559 695 730 736 corpora
759 688 922 737 mergat
950 694 1068 736 aqua.

81 752 266 794 Dixerat.
302 757 529 793 annuerant
558 764 702 792 omnes
731 749 989 791 Tiberinides
1016 748 1136 802 udae,
1395 752 1475 788 595

139 819 340 874 Quaeque
371 821 511 861 colunt
539 820 763 872 thalamos,
799 819 871 860 nia
900 819 1015 871 diua,
1050 824 1158 860 tuos.

80 889 208 930 Forte
236 889 313 929 fuit
340 889 430 929 nais
460 889 567 929 Lara
595 888 766 928 nornine.
806 887 933 940 prima
962 885 1041 926 sed·
1066 885 1123 927 illi

137 957 262 998 Dicta
289 957 353 996 bis
382 954 590 1009 antiquum
619 954 780 1009 syllaba
804 966 953 993 nomen
984 959 1086 1006 erat,

82 1025 150 1065 Ex
179 1023 279 1065 uitio
307 1022 496 1077 positum.
534 1024 674 1076 Saepe
699 1022 755 1061 illi
784 1019 945 1063 dixerat
971 1021 1133 1074 Almon,

79 1162 166 1200 587.
195 1162 320 1212 ninph.
349 1165 395 1199 E.
441 1161 579 1212 nimph.
606 1161 684 1199 rell.
707 1163 786 1199 mei.
827 1161 957 1198 lacium
981 1163 1017 1198 D
1034 1159 1157 1199 Gl'r.
1198 1170 1434 1211 quascunque
1458 1160 1479 1198 b

30 1213 141 1252 alius.
181 1221 415 1263 quotcunque
443 1215 562 1249 1148.
606 1214 754 1249 tenebat
779 1212 811 1259 f.
849 1213 998 1249 tenebas
1028 1216 1088 1249 11.
1131 1212 1299 1249 colebant
1325 1214 1377 1251 N.

80 1265 169 1300 588.
206 1264 256 1299 Et
283 1264 368 1299 facit
399 1265 433 1300 G
458 1275 541 1300 aar.
561 1276 632 1300 scr.
677 1263 795 1300 medio
821 1263 966 1311 cognita
994 1263 1106 1298 uerba
1133 1264 1174 1299 F.
1278 1263 1364 1299 589.
1401 1263 1480 1312 ipsa

27 1313 88 1351 dei
114 1315 177 1350 uit.
199 1315 236 1350 A
258 1316 320 1350 43.
360 1315 439 1363 ipsa
465 1313 551 1350 mihi
577 1319 663 1351 tres.
710 1313 840 1362 exped.
870 1314 937 1362 ipsi
961 1311 1012 1350 A
1037 1318 1122 1350 tres.
1225 1313 1313 1349 590.
1340 1326 1479 1350 sommo

27 1362 79 1403 Γ.
116 1366 194 1411 Sic,
220 1365 317 1412 iung.
340 1365 515 1411 membra,
545 1366 696 1402 BGD8
713 1363 897 1401 duodecim
906 1377 917 1408 ;
942 1376 967 1412 p
982 1375 1148 1401 τιατ-,εστι
1186 1364 1306 1413 Atque
1318 1365 1375 1401 ita
1393 1364 1479 1401 olim

26 1414 144 1462 fuisse
162 1417 199 1452 in
217 1414 341 1462 Ilfeld.
365 1414 549 1464 probabile
566 1420 630 1452 est.
670 1416 820 1463 iungere
838 1416 952 1450 uerba
967 1426 1049 1463 ym.
1089 1427 1229 1451 summo
1247 1415 1480 1452 succubuisse

27 1477 49 1503 s
74 1468 238 1514 quinque.
288 1478 429 1502 summo
462 1466 698 1515 procubuisse
725 1462 779 1501 A.
824 1477 964 1502 summo
999 1466 1230 1515 subposuisse
1255 1464 1286 1512 f.
1335 1478 1477 1502 summo

27 1517 265 1553 concubuisse
300 1519 361 1565 qui
385 1521 524 1553 restant
549 1516 632 1553 libri,
656 1529 735 1553 cum
759 1520 846 1552 uett.
865 1515 919 1553 ed.
940 1517 1029 1552 *meis
1051 1521 1084 1552 et
1102 1515 1225 1563 Ilseld.
1252 1528 1276 1552 α
1294 1520 1375 1553 tert.
1400 1529 1477 1554 vita.

28 1568 67 1603 ἱη
92 1569 258 1614 spatiosa
282 1579 430 1604 'rasni-a.
473 1568 634 1603 membra
659 1567 764 1603 thoro
793 1567 881 1612 duo3
907 1578 930 1615 p
957 1578 1124 1604 uar.scr.
1167 1567 1281 1603 uerba
1309 1566 1414 1603 thoro
1439 1579 1476 1616 9.

30 1617 184 1653 concub.
211 1617 284 1653 ioui
312 1621 370 1653 12.
403 1617 522 1654 Gloss.
540 1619 585 1655 G:
611 1619 708 1666 iung.
732 1618 909 1662 membra]
937 1618 1012 1653 scil.
1036 1617 1286 1654 concubuisse.
1389 1618 1479 1654 591.

31 1666 207 1703 ambobus
239 1669 408 1714 quoniam
443 1680 524 1704 mea
559 1670 594 1704 6.
644 1680 799 1717 namque
829 1679 911 1704 mea
936 1667 1061 1714 llfeld.
1083 1668 1181 1705 olim.
1233 1680 1391 1718 namque
1423 1675 1480 1705 est

30 1728 113 1754 mea
135 1713 296 1762 waf
309 1717 433 1763 Ilfelcl.
455 1730 528 1754 ma.
544 1723 625 1754 tert.
664 1730 822 1768 namque
848 1725 903 1755 est
928 1718 1014 1754 mihi
1038 1718 1169 1768 magna
1191 1721 1238 1756 D.
1282 1731 1364 1755 nam
1384 1731 1481 1768 quae

32 1774 88 1805 est
114 1778 195 1803 mea
222 1766 286 1803 Bb
295 1767 384 1816 yhp
404 1770 455 1802 20
479 1767 595 1804 decem
620 1773 654 1804 et
677 1773 763 1804 uett.
790 1768 844 1804 ed.
882 1780 966 1804 nam
993 1769 1091 1817 quod
1119 1781 1199 1806 mea
1227 1767 1345 1806 ²P11.
1386 1781 1482 1818 quae

31 1817 118 1854 mihi
145 1828 277 1865 magna
303 1819 364 1853 48.
422 1829 502 1853 mea
529 1818 645 1867 prima
670 1819 743 1853 uol.
776 1819 814 1854 G.
862 1819 1030 1854 uoluntas
1061 1816 1101 1854 Φ
1125 1831 1200 1855 nia.
1218 1832 1287 1856 sec.
1389 1822 1479 1857 592.

32 1868 124 1904 Vtil.
151 1874 297 1904 nostrae
321 1870 367 1904 E.
407 1879 538 1916 magna
568 1870 605 1904 {n
633 1867 753 1913 Ilfeld.
781 1880 854 1904 ma.
881 1873 962 1905 tert.
991 1873 1057 1904 ant
1081 1871 1255 1918 scriptum
1281 1875 1347 1907 aut
1372 1882 1481 1908 reno-

31 1922 173 1955 uatum.
215 1925 358 1955 uestrae
386 1919 503 1967 prima
522 1921 555 1955 B
572 1920 638 1963 4)8
658 1929 736 1955 sex.
777 1919 911 1954 sororis
937 1926 1015 1954 erat
1033 1922 1078 1955 E.
1181 1922 1267 1956 593.
1293 1921 1342 1957 illi
1365 1922 1481 1970 prima

33 1970 96 2007 14.
134 1968 212 2017 fug.
238 1969 387 2005 insistite
415 1971 459 2004 Ρ.
562 1970 648 2005 594.
678 1968 757 2004 Nec
783 1981 814 2005 s.
849 1969 1022 2005 fulminea
1052 1969 1268 2019 Tbma.pr.
1309 1984 1374 2008 sua
1399 1972 1481 2008 fini-

33 2020 123 2056 tima
151 2023 197 2055 12
209 2022 275 2056 23.
313 2026 451 2068 merget
483 2016 534 2055 Ψ.
575 2031 674 2069 corp.
704 2020 848 2068 iungat,
876 2026 1020 2067 tangat,
1047 2027 1171 2070 regat,
1200 2027 1320 2070 tegat,
1346 2022 1481 2067 madet,

33 2069 183 2106 mandet
220 2069 363 2117 singuli.
486 2070 570 2106 595.
608 2077 812 2106 annuerunt
838 2074 882 2105 11
919 2070 973 2106 ed.
1000 2069 1087 2106 Αἶά.
1119 2075 1234 2120 postr.
1285 2074 1484 2121 Receptam

33 2122 256 2169 scripturam
281 2122 461 2169 integram
482 2123 516 2156 F
531 2124 660 2156 tuetur.
701 2120 903 2157 adnuerant
929 2121 997 2165 (sic
1022 2120 1122 2158 solus
1145 2121 1219 2167 hic)
1247 2123 1365 2159 undae
1391 2124 1483 2160 tibe-

34 2170 168 2206 rinides
197 2171 291 2206 udae
316 2170 347 2216 f.
386 2183 470 2207 ann.
498 2171 679 2220 nymphae
698 2168 739 2207 A
757 2183 915 2207 masec.
958 2183 1041 2207 ann.
1070 2172 1250 2221 nymphae
1276 2174 1483 2210 tiberinides

32 2220 154 2257 undae
176 2222 199 2256 6
220 2221 330 2257 alius.
371 2234 468 2258 omn.
497 2223 601 2257 tiber.
631 2234 754 2257 omnes
772 2222 820 2257 A.
861 2221 1068 2257 tiberinides
1095 2224 1227 2270 (tyber.
1256 2221 1305 2271 Γ,
1331 2225 1483 2266 tibreni-

31 2270 97 2308 des
117 2268 166 2318 Σ,
195 2271 404 2308 tiberinidos
423 2270 481 2318 A)
509 2271 628 2308 undae
655 2269 1351 2310 EGOEFAMPHPAETbrss
1379 2274 1482 2312 sede·
1516 2285 1528 2298 '³

33 2322 111 2358 cim.
152 2321 272 2359 Gloss.
297 2323 349 2359 G:
378 2320 510 2369 undae]
526 2324 603 2371 ‘pro
632 2322 812 2371 nimphae.
850 2325 930 2359 Hos
955 2322 1130 2359 hactenus
1157 2319 1340 2362 indicatos
1359 2327 1393 2361 si
1418 2325 1482 2362 de-

41 2375 213 2416 traxeris,
241 2374 303 2421 qni
326 2377 468 2409 ‘restant
495 2371 575 2409 libri
601 2374 675 2409 ita:
702 2385 785 2410 ann.
809 2373 991 2422 nymphae
1017 2374 1235 2421 tyberinides
1258 2388 1395 2423 ornnes,
1421 2375 1484 2413 sed

35 2421 73 2457 in
89 2434 131 2459 ea
146 2425 348 2472 scriptura:
376 2423 534 2472 niuphae
553 2425 605 2468 D,
634 2423 779 2473 nimphe
806 2423 1012 2460 tiberiuides
1031 2423 1171 2470 Ilfeld„
1198 2425 1389 2463 tiberiades
1415 2430 1479 2463 20.

85 2472 171 2510 597.
197 2474 266 2509 fuit
292 2474 452 2522 nympha
478 2476 540 2508 20.
577 2473 647 2509 suit
672 2474 830 2523 nymphe
854 2479 939 2511 tres.
980 2475 1055 2520 Sic,
1082 2477 1172 2521 lara,
1199 2478 1308 2524 Zym
1334 2489 1407 2514 ma.
1422 2489 1480 2526 pr.

40 2523 87 2555 12
112 2525 262 2572 quinque
288 2524 353 2560 alii
378 2529 411 2560 et
436 2529 478 2560 ut
498 2522 622 2560 uideor
645 2525 792 2568 uidisse,
818 2524 939 2571 llfeld.
963 2523 1027 2560 sub
1047 2536 1123 2562 ras.
1167 2526 1222 2562 lar
1247 2528 1392 2564 nomine
1417 2540 1479 2565 re-

39 2569 128 2618 liqui
151 2572 243 2610 libri.
291 2575 436 2611 nomine
461 2574 524 2611 sed
552 2581 671 2611 tamen
698 2575 749 2611 illi
777 2578 886 2610 1220
897 2578 958 2610 23.
1061 2572 1147 2611 598.
1183 2577 1234 2613 bis
1259 2579 1299 2613 ‘in
1323 2590 1401 2615 ras.
1429 2587 1479 2614 m·-

39 2620 165 2658 sulaha
187 2624 225 2660 G.
266 2625 393 2674 sillaba
419 2625 488 2671 11f.
510 2622 717 2662 DEGI'r.
756 2637 886 2662 nomen
913 2625 980 2662 erit
1000 2623 1104 2662 AF.
1140 2639 1237 2664 nom.
1266 2627 1378 2666 habet
1403 2627 1474 2664 duo

88 2670 175 2709 599.
201 2673 326 2712 Exicio
350 2680 385 2713 et
409 2687 514 2726 prox.
533 2675 615 2722 syll.
654 2689 713 2713 um
740 2678 778 2713 in
806 2675 875 2723 lif.
903 2675 949 2714 ab
976 2675 1138 2726 improba
1161 2682 1243 2715 tert.
1268 2690 1343 2717 ma.
1383 2678 1476 2715 uicio
