1685 2954
105 58 157 102 12
654 72 981 104 =FASTORVM

157 171 303 226 Omen,
331 173 401 225 ait,
431 184 560 213 causa
587 178 666 214 est.
705 179 753 214 ut
780 186 849 215 res
877 185 999 227 sapor
1026 175 1093 215 ille
1121 179 1329 228 sequatur,

214 242 270 280 Et
297 246 474 293 peragat
501 246 692 293 coeptum
722 241 853 282 dulcis
882 247 926 280 ut
955 254 1085 283 annus
1111 243 1198 283 iter.

157 307 305 348 Dulcia
333 320 406 348 cur
433 308 590 360 dentur,
618 307 750 349 uideo.
787 308 908 362 stipis
937 308 1069 350 adiice
1099 322 1280 362 causam,

213 376 316 415 Pars
344 375 441 414 mihi
469 374 521 415 de
550 375 656 416 festo
685 389 736 416 ne
765 376 876 415 labet
903 376 985 416 ulla
1012 383 1095 418 tuo.
1463 382 1541 417 190

158 442 268 483 Risit
296 448 351 494 et,
385 455 409 481 o
439 455 559 496 quam
591 449 634 483 te
663 444 805 484 fallunt
833 448 905 483 tua
933 446 1113 497 saecula,
1141 445 1256 497 dixit,

212 509 292 561 Qui
320 510 427 562 stipe
455 511 534 550 mel
561 516 724 563 sumpta
752 510 910 551 dulcius
938 524 1035 552 esse
1064 515 1207 565 putes!

157 578 243 618 Vix
271 590 353 631 ego
382 578 558 618 Saturno
587 590 830 631 quemquam
859 585 1057 631 regnante
1085 579 1283 631 uidebam,

212 645 343 686 Cuius
371 658 452 685 non
480 646 611 685 animo
641 643 775 684 dulcia
802 644 916 685 lucra
944 645 1086 686 forent.
1149 664 1155 668 ·

157 714 359 766 Tempore
385 714 516 754 creuit
542 724 664 763 amor,
694 711 762 764 qui
790 723 898 752 nunc
919 718 986 752 est
1007 725 1202 766 summus,
1231 712 1423 754 habendi:
1464 719 1541 754 195

209 779 295 821 Vix
322 781 438 832 ultra,
469 792 547 833 quo
577 779 657 818 iam
684 778 978 832 progrediatur,
1009 780 1145 820 habet.

154 849 287 890 Pluris
316 860 418 900 opes
448 859 555 887 nunc
583 852 693 899 sunt,
722 859 844 900 quam
872 848 996 900 prisci
1025 845 1221 900 temporis
1249 848 1377 900 annis,

213 916 321 955 Dum
347 915 521 967 populus
548 927 714 967 pauper,
738 908 838 954 ”dum
866 927 974 954 noua
1001 915 1133 955 Roma
1160 916 1256 956 fuit:

154 982 261 1023 Dum
292 994 392 1022 casa
418 981 693 1035 Martigenam
723 983 914 1034 capiebat
941 995 1067 1034 pama
1095 981 1319 1034 Quirinum,

209 1051 264 1089 Et
292 1048 416 1089 dabat
445 1049 641 1102 exiguum
671 1049 847 1090 fluminis
873 1050 968 1090 ulua
998 1056 1140 1090 torum.
1461 1054 1542 1088 200

154 1117 332 1170 Iuppiter
353 1121 532 1169 angusta
555 1116 626 1156 uix
649 1121 763 1156 totus
785 1117 924 1156 stabat
949 1115 991 1157 in
1019 1117 1134 1169 aede,

208 1177 334 1238 Inque
362 1184 471 1224 Iouis
507 1182 651 1225 dextra
679 1184 804 1225 fictile
837 1184 988 1224 fulmen
1017 1191 1123 1226 erat:

154 1250 384 1294 Frondibus
413 1252 621 1304 ornabant,
650 1264 755 1305 quae
784 1265 891 1292 nune
919 1251 1122 1305 Capitolia
1151 1252 1346 1306 gemmis:

206 1320 495 1373 pascebatque
524 1331 623 1359 suas
651 1320 740 1373 ipse
769 1324 936 1359 senator
964 1332 1086 1360 oues:

152 1388 247 1430 Nee
275 1387 403 1440 pudor
428 1388 469 1427 in
497 1385 648 1439 stipula
675 1386 876 1440 placidam
904 1386 1069 1438 cepisse
1097 1386 1277 1441 quietem
1456 1387 1536 1425 205

207 1456 262 1496 Et
289 1456 452 1496 foenum
482 1454 607 1508 capiti
634 1454 904 1508 supposuisse
932 1452 1020 1494 fuit.

150 1581 235 1616 187.
264 1590 392 1615 caussa
423 1575 493 1615 w?
532 1590 639 1614 causa
665 1583 706 1614 ut
731 1589 788 1615 res
814 1591 844 1616 s.
874 1580 899 1615 i.
925 1583 1096 1628 sequetur
1120 1589 1169 1614 m.
1273 1578 1358 1613 188.
1384 1575 1434 1611 Et
1458 1586 1543 1624 per·-

96 1637 160 1679 gat
184 1642 233 1666 m.
271 1630 413 1679 peragit
446 1630 475 1666 G
498 1630 603 1674 (teste
632 1630 766 1673 Gran.)
792 1632 843 1666 K.
884 1636 1026 1678 ceptum
1055 1631 1148 1665 DE.
1250 1629 1336 1663 189.
1363 1638 1428 1661 cur
1452 1626 1544 1661 dan-

97 1687 157 1717 tur
183 1679 216 1716 b.
254 1681 354 1729 stipis
381 1679 483 1716 adice
511 1677 916 1725 BDEFGFber.
956 1679 1083 1715 addice
1110 1675 1156 1713 Σ.
1196 1675 1311 1713 adiice
1336 1688 1462 1713 causas
1487 1677 1541 1713 N.

96 1729 212 1767 adiice
236 1726 437 1766 carmeffs.
543 1732 626 1765 190.
655 1729 712 1764 Ne
739 1742 786 1765 m.
812 1730 857 1765 de
883 1729 909 1765 f.
931 1742 1013 1778 pars
1031 1726 1088 1764 Π.
1128 1727 1233 1764 michi
1252 1725 1300 1763 Γ.
1339 1726 1433 1763 sesto
1459 1726 1542 1776 plus

95 1781 198 1818 labet
223 1781 286 1816 41.
330 1793 376 1816 ne
402 1780 500 1825 labat
530 1776 788 1825 GDEMEf.
837 1780 934 1815 labet
959 1791 1031 1814 una
1054 1790 1090 1826 9.
1205 1779 1291 1814 191.
1323 1790 1346 1814 ο
1367 1784 1542 1827 quantum

97 1830 153 1869 A.
194 1844 216 1867 o
243 1837 420 1881 quantum
446 1837 483 1866 te
508 1830 583 1866 sall.
610 1830 753 1866 saecula
780 1828 799 1865 b
825 1841 907 1866 nar.
926 1841 995 1866 scr.
1023 1841 1093 1867 sec.
1120 1840 1218 1865 man.
1256 1840 1365 1877 quam
1392 1834 1429 1864 te
1454 1827 1543 1864 dixit

99 1888 164 1919 tua
191 1893 288 1918 saec.
315 1881 445 1917 fallunt
469 1879 499 1926 f.
541 1892 581 1916 se
606 1880 736 1915 fallunt
759 1879 871 1927 yloss.
897 1879 958 1917 A.
1007 1886 1070 1916 tua
1095 1886 1261 1929 tempora
1285 1878 1368 1915 duo.
1407 1884 1470 1914 tua
1494 1877 1542 1913 si-

99 1931 190 1968 dera
215 1943 321 1968 ornus.
426 1933 511 1967 192.
540 1930 638 1974 Quid
665 1931 758 1979 stipe
785 1927 832 1965 Σ.
882 1936 999 1966 sumta
1029 1927 1099 1965 (1222
1143 1933 1228 1977 Ita,
1254 1935 1381 1978 putes,
1407 1925 1542 1965 ΒΕΦ

96 1983 204 2028 (teste
218 1981 378 2027 Mami.)
400 1984 423 2017 8
447 1985 622 2030 (μιιιϊιιονῑ
654 1982 683 2017 G
698 1992 778 2017 mir.
796 1992 865 2017 scr.
903 1988 1009 2030 putas
1035 1983 1175 2017 caeteri.
1281 1981 1365 2027 1933.
1391 1985 1543 2015 saturno

100 2033 256 2082 aliquem
285 2044 385 2080 regn.
412 2034 456 2068 P.
493 2043 644 2080 regnare
669 2031 744 2067 uid.
777 2032 814 2068 G.
920 2033 1004 2068 196.
1032 2031 1101 2066 Vix
1125 2042 1284 2067 summus
1310 2042 1382 2079 quo
1411 2030 1442 2066 G
1456 2039 1540 2066 aar.

94 2095 167 2120 scr.
207 2095 279 2133 qua
304 2082 438 2119 nullus.
481 2095 552 2131 quo
582 2094 664 2117 nam
693 2094 815 2131 progr.
843 2081 892 2118 A.
996 2083 1081 2118 197.
1109 2094 1198 2130 opes
1225 2094 1298 2117 nou
1322 2086 1406 2116 sunt
1431 2077 1538 2126 floril-

97 2133 220 2170 Berol.
262 2134 432 2182 temporis
456 2145 550 2169 anno
570 2144 677 2169 murs.
781 2135 864 2168 198.
895 2132 986 2168 Cum
1005 2133 1051 2169 G.
1089 2131 1180 2168 Cum
1200 2144 1236 2181 p.
1255 2144 1291 2180 p.
1308 2143 1402 2167 cum.
1427 2129 1536 2177 yloss.

97 2182 160 2221 A.
265 2185 351 2219 199.
387 2183 485 2218 Tum
517 2184 562 2219 G.
609 2183 847 2231 martigeuum
872 2180 921 2218 Γ.
1037 2183 1123 2218 200.
1159 2182 1311 2218 fluminis
1337 2182 1420 2229 alga
1442 2175 1542 2216 ΛΤ

98 2236 271 2283 quinque3
308 2235 405 2271 MN
412 2245 432 2270 r
455 2245 538 2269 var.
564 2245 635 2269 scr.
687 2234 787 2269 llum.
814 2233 927 2269 herba
958 2245 981 2282 9
1007 2237 1091 2269 ires.
1143 2233 1286 2268 thorum
1312 2231 1439 2268 nostri.
1506 2248 1509 2251 ·

147 2288 234 2321 201.
271 2285 407 2332 Iupiter
433 2281 587 2321 EGFr
613 2284 690 2320 alii.
744 2284 877 2332 lopiter
903 2286 949 2321 P.
999 2283 1104 2332 lupp.
1133 2284 1260 2331 exigua
1286 2283 1344 2317 uix
1369 2282 1404 2317 D
1429 2278 1538 2314 2040

95 2339 263 2383 quatuor.
307 2335 470 2384 luppiter
497 2335 624 2382 exigua
660 2340 756 2370 totus
794 2335 854 2369 uix
882 2336 1000 2370 stabat
1031 2331 1078 2370 Σ.
1129 2340 1225 2370 totus
1252 2332 1310 2369 uix
1334 2330 1451 2366 stabat
1475 2331 1537 2367 M.

94 2385 156 2422 uix
181 2386 300 2421 stabat
326 2392 424 2421 totus
455 2383 606 2421 GPbm.
649 2386 706 2421 uix
735 2392 862 2433 captus
888 2386 1007 2420 stabat
1029 2387 1088 2420 33.
1128 2385 1188 2420 u'ux
1212 2389 1325 2418 tectus
1350 2380 1468 2416 stabat
1486 2380 1537 2415 29

93 2439 180 2472 tres.
222 2436 330 2470 stabit
358 2438 392 2472 D
412 2447 492 2472 wa.
519 2447 574 2483 pr.
678 2438 765 2470 202.
794 2435 920 2471 dextra
949 2435 1067 2471 uictile
1092 2433 1122 2480 f.
1162 2432 1270 2469 fictile
1294 2430 1414 2467 lumen
1440 2432 1476 2466 8.

145 2486 235 2521 204.
264 2486 342 2534 ipse
367 2486 529 2522 frenator
556 2489 606 2522 K.
663 2493 808 2522 senatus
839 2483 879 2521 ‹l›
903 2498 986 2522 παν.
1015 2497 1084 2522 scr.
1194 2485 1280 2518 205.
1308 2481 1391 2517 Non
1418 2478 1538 2529 pudor

94 2539 130 2573 P
153 2533 259 2583 florii.
292 2536 408 2571 Berol.
456 2537 625 2585 placitam
651 2535 712 2573 A.
761 2536 854 2586 plac.
881 2536 1061 2584 accepisse
1086 2536 1171 2570 P3.
1219 2532 1313 2581 plac.
1342 2531 1537 2578 sumpsisse

93 2583 143 2624 Π
157 2588 206 2625 40
231 2585 314 2623 duo.
354 2586 447 2635 plac·
468 2595 616 2635 captare
639 2591 721 2623 tres.
832 2589 920 2624 206.
948 2586 1028 2622 Nec
1056 2585 1202 2620 foenum
1231 2582 1282 2618 bh
1308 2594 1444 2619 nouem.
1473 2577 1536 2626 (Φ

98 2641 184 2675 teste
208 2637 356 2674 Heinsio
382 2637 455 2684 Et)
493 2642 578 2675 nott.
608 2639 734 2686 impr.;
771 2649 794 2686 9
820 2649 902 2674 aar.
928 2647 998 2673 scr.
1049 2634 1109 2671 N.
1127 2661 1135 2671 .
1166 2632 1239 2670 sen.
1277 2631 1382 2679 tlon-il.
1415 2629 1536 2670 Berol.
