1685 2954
152 80 208 123 34
678 86 1030 121 ‘raswsso-nvm

262 193 448 244 nemque
477 191 594 231 ferox
620 192 736 231 saxis
764 191 1052 245 stipitibusque
1079 193 1197 246 gerit.
1512 197 1592 234 570

208 259 312 312 Quis
339 259 408 298 ubi
437 259 488 298 nil
519 256 666 312 agitur,
695 260 848 312 patrias
874 260 980 299 male
1007 259 1126 300 fortis
1155 258 1206 299 ad
1236 266 1346 301 artes

266 324 465 380 Confugit
493 332 537 367 et
563 326 748 367 flammas
777 339 846 368 ore
875 333 1049 367 sonante
1078 329 1214 367 uomit.
1684 376 1685 390 χ

210 393 325 445 Quas
353 392 543 447 quotiens
569 395 726 448 proflat,
755 396 909 448 spirare
938 395 1137 448 Typhoea
1167 394 1327 447 credas,
1683 393 1685 428 l

264 462 319 500 Et
345 460 527 514 rapidum
555 462 743 503 Aetnaeo
773 464 908 517 fulgur
936 463 986 502 ab
1015 461 1115 515 igne
1143 461 1235 503 iaci.
1683 432 1685 488 1

210 528 400 582 Occupat
425 528 614 582 Alcides,
652 529 912 582 adductaque
942 530 1060 570 claua
1090 527 1259 569 trinodis
1515 534 1592 570 575

265 597 347 637 Ter
374 603 516 650 quater
544 597 706 638 aduersi
735 596 844 638 sedit
871 597 912 636 in
944 609 1013 636 ore
1042 596 1127 636 uiri.
1371 637 1374 640 ,

208 664 279 704 llle
309 664 430 718 cadit,
459 666 692 718 mixtosque
721 664 848 703 uomit
875 674 968 703 cum
998 661 1200 715 sanguine
1229 663 1374 717 fumos,

263 732 318 772 Et
346 733 428 772 lato
456 731 632 772 moriens
661 736 831 783 pectore
859 728 1018 783 plangit
1045 730 1223 770 humum.

207 799 389 839 Immolat
418 812 471 839 ex
498 798 577 838 illis
606 804 764 838 taurum
795 797 880 850 tibi,
909 797 1101 849 Iuppiter,
1129 810 1252 837 unum

262 866 406 907 Victor
434 869 475 906 et
495 864 726 906 Euandrum
752 865 1030 918 ruricolasque
1059 870 1201 905 uocat:
1516 867 1596 905 580

207 933 513 986 Constituitque
543 931 621 972 sibi
650 945 756 986 quae
785 933 969 973 Maxima
998 930 1156 985 dicitur,
1185 945 1296 972 aram

263 999 355 1052 Hic>
385 998 453 1038 ubi
469 1011 574 1051 -pars
605 1000 718 1040 urbis
747 998 799 1040 de
827 1000 935 1040 boue
964 1013 1113 1040 nomen
1141 999 1278 1039 habet.

207 1068 301 1107 Nec
331 1072 444 1106 tacet
470 1065 652 1107 Euandri
679 1072 810 1107 mater
837 1080 963 1120 prope
991 1073 1156 1120 tempus
1184 1067 1349 1120 adesse,

262 1133 443 1174 Hercule
472 1146 551 1186 quo
580 1134 702 1174 tellus
730 1135 786 1175 sit
814 1136 919 1177 satis
946 1147 1024 1176 usa
1053 1147 1140 1175 suo.

206 1202 266 1243 At
295 1202 392 1242 felix
419 1207 540 1241 uates
568 1207 615 1241 ut
644 1200 708 1242 dis
735 1203 971 1255 gratissima
997 1200 1113 1255 uixit,
1515 1205 1594 1242 585

263 1268 596 1311 Possidet:hunc
624 1267 710 1310 Iani
740 1268 802 1311 sic
829 1269 909 1310 dea
938 1283 1081 1311 mense
1109 1268 1227 1310 diem.

206 1393 344 1435 Idibus
373 1393 414 1434 in
443 1392 582 1447 magni
611 1399 755 1434 castus
783 1392 893 1434 Iouis
922 1392 1027 1434 aede
1056 1393 1253 1436 sacerdos

259 1460 498 1503 semimaris
527 1459 700 1500 flammis
728 1461 891 1501 uiscera
918 1461 1018 1501 libat
1048 1460 1158 1502 ouis:

201 1545 290 1581 570.
316 1543 483 1593 Remque
508 1542 624 1580 seram
652 1545 697 1579 B.
736 1542 836 1580 serus
863 1546 912 1582 Ζ.
950 1544 1035 1581 seris
1061 1546 1111 1581 M
1122 1547 1163 1581 Τ.
1204 1543 1304 1580 seror
1329 1543 1361 1580 b.
1398 1543 1593 1593 stipitibus-

149 1607 221 1646 que
248 1600 371 1630 monet
396 1597 442 1631 E.
493 1606 566 1643 que
591 1599 715 1630 mouet
740 1596 793 1631 Κ.
842 1606 914 1643 que
938 1593 1026 1630 facit
1048 1594 1160 1643 yloss.
1186 1593 1248 1631 A.
1378 1595 1466 1631 571.
1503 1594 1595 1637 Quis

148 1658 230 1681 curn
247 1647 306 1682 Μ.
347 1656 449 1681 arces
471 1646 523 1681 K.
625 1644 714 1680 572.
740 1643 880 1692 Effugit
902 1647 945 1681 Τ.
985 1657 1048 1681 ore
1075 1651 1244 1681 uomeute
1267 1642 1318 1681 Ψ.
1357 1655 1421 1680 ore
1446 1651 1596 1681 tonante

150 1692 198 1737 Σ.
319 1694 406 1732 573.
440 1701 544 1743 quot.
569 1694 702 1745 perflat
729 1692 986 1731 ΒΟΕΡΨΔ
998 1694 1099 1742 Τ91ι
1119 1698 1141 1730 3
1168 1699 1255 1730 vett.
1282 1693 1336 1731 ed.
1382 1693 1516 1731 conflat
1540 1696 1592 1732 N.

148 1745 250 1782 efflat
275 1747 328 1782 K.
372 1745 504 1795 proflat
529 1744 686 1794 proflare
711 1744 813 1793 typh.
841 1747 903 1782 M.
950 1745 1088 1794 spirare
1113 1745 1254 1781 tithona
1282 1746 1320 1783 G.
1421 1745 1508 1782 574.
1535 1757 1594 1781 ra-

148 1796 270 1833 bidum
301 1795 339 1832 G.
383 1795 547 1845 rapidam
575 1798 622 1831 Ζ.
671 1806 751 1843 rap.
777 1793 949 1831 aethereo
976 1792 1097 1831 HZb
1119 1799 1264 1845 septem.
1315 1793 1446 1832 ethaeo
1473 1797 1594 1833 DEr.

147 1847 269 1895 fulgor
294 1848 340 1882 P.
379 1845 425 1882 ab
452 1857 516 1882 ore
541 1846 610 1881 iaci
637 1847 687 1881 D.
726 1845 810 1893 igue
835 1846 915 1895 rapi
937 1848 980 1882 Τ.
1023 1845 1089 1882 ieci
1116 1848 1151 1882 E
1169 1857 1244 1883 ma.
1262 1857 1319 1895 pr.
1423 1845 1510 1882 575.
1540 1845 1595 1882 al-

146 1897 242 1934 chid.
269 1896 300 1943 f.
340 1895 569 1945 abductaque
586 1893 757 1942 Fbeh
781 1899 866 1932 vett.
888 1895 943 1932 ed.
988 1896 1090 1932 claua
1103 1899 1149 1933 E.
1189 1897 1288 1933 clare
1313 1895 1391 1933 edd.
1409 1907 1503 1933 saec.
1515 1907 1593 1934 xv.

195 1948 282 1983 576.
311 1946 484 1984 aduersus
500 1947 537 1983 A
555 1949 590 1983 3.
627 1945 781 1982 aduerso
801 1944 845 1983 K
852 1944 960 1983 MN
968 1943 1063 1982 ΟΠ
1063 1957 1159 1994 yms
1175 1949 1200 1983 8
1220 1946 1419 1995 quindecim
1427 1960 1438 1991 ς
1468 1946 1592 1984 Getam.

144 2009 216 2035 scr.
256 1997 374 2033 auersi
400 1994 443 2033 Φ
467 2009 540 2034 παι.
559 2008 616 2045 pr.
654 1997 690 2032 in
718 2007 782 2032 ora
811 1994 1066 2043 ΒΟΦΤΖῙ
1086 2001 1242 2046 φιαειιον
1266 2002 1300 2034 et
1324 2000 1411 2037 ewtt.
1435 1995 1489 2034 ed.

197 2047 284 2085 577.
312 2047 497 2097 mixtoque
523 2044 559 2083 Ρ
569 2044 635 2084 Ψν
655 2048 738 2083 334
762 2051 914 2096 septenum
943 2048 973 2085 G
994 2059 1077 2084 uar.
1095 2059 1166 2084 sor.
1211 2059 1284 2096 qne
1310 2060 1381 2085 om.
1410 2044 1462 2083 Φ.
1502 2046 1591 2083 mix-

145 2103 283 2185 ...333⁹
299 2109 468 2186 iatss‘ji.
486 2095 761 2184 flssssomffioffl
768 2096 819 2184 Ἤ
841 2096 1347 2198 ss3152⁰·p¹20‘13;2‘¹2533.13
1367 2102 1590 2196 3⁶²2&ss

145 2201 231 2235 vtes.
277 2198 398 2247 pulsat
422 2195 472 2235 A
486 2198 510 2235 5
537 2197 646 2235 alius.
767 2199 855 2235 579.
892 2199 962 2235 illis
988 2205 1173 2235 taurorum
1199 2198 1332 2248 iupiter
1361 2195 1413 2234 Φ.
1457 2196 1590 2245 iupiter

146 2250 238 2285 DE.
352 2249 439 2287 580.
474 2249 647 2285 ruriculas
674 2251 717 2285 P.
819 2250 908 2286 581.
945 2249 1173 2298 Instituitque
1202 2249 1318 2286 Rom
1343 2247 1433 2292 ἇυος
1456 2257 1481 2295 p
1501 2257 1586 2283 aar.

143 2309 218 2336 scr.
261 2310 325 2338 ara
355 2301 433 2336 ΒΖ
451 2311 525 2337 naa.
543 2310 599 2348 pr.
614 2311 664 2335 m.
696 2298 818 2336 Gloss.
834 2302 888 2336 E:
917 2311 1003 2336 ecce
1027 2311 1141 2349 quare
1166 2298 1213 2336 de
1239 2299 1385 2336 hercule
1409 2297 1561 2333 induxit.

193 2349 281 2385 582.
310 2350 410 2386 Haec
436 2350 497 2385 ubi
516 2351 567 2395 P;
600 2350 629 2386 G
648 2361 727 2386 uar-
745 2360 816 2386 scr.
841 2349 962 2387 Gloss.
992 2350 1124 2385 bouilla
1148 2361 1180 2386 r.
1216 2349 1350 2386 bouilla
1375 2359 1471 2384 nunc
1496 2358 1588 2396 quo-

142 2410 215 2447 que
242 2401 290 2435 D.
401 2400 488 2436 584.
523 2412 596 2449 quo
622 2407 764 2448 tempus
789 2411 838 2436 m.
947 2399 1035 2438 585.
1071 2399 1156 2436 felix
1183 2406 1298 2436 mater
1321 2399 1380 2434 M.
1420 2402 1524 2433 uates
1550 2402 1589 2434 et

142 2448 209 2483 diis
233 2460 281 2485 m.
331 2456 372 2485 ut
406 2450 472 2486 diis
497 2453 533 2487 E
555 2455 642 2486 vett.
669 2449 723 2486 erl.
780 2456 884 2487 uates
924 2450 1027 2487 undis
1067 2450 1206 2499 gratiss.
1231 2449 1409 2485 ABDF
1426 2449 1474 2483 10
1499 2445 1586 2485 duo.

140 2497 251 2547 yloss.
280 2501 337 2534 D:
373 2512 456 2549 spes
483 2506 521 2537 et
546 2500 717 2549 gaudium
753 2500 931 2537 undarum
966 2502 1050 2571 (pua
1086 2500 1232 2548 nimpha
1257 2498 1337 2535 suit.
1386 2498 1587 2546 gratissima

140 2548 234 2584 dixit
261 2551 294 2584 B
308 2550 422 2585 GZm
439 2562 514 2587 ma.
529 2562 586 2600 pr.
608 2552 645 2588 8.
686 2551 773 2587 uixti
796 2549 858 2588 A.
980 2551 1065 2586 086.
1102 2549 1202 2586 Poss.
1231 2548 1325 2585 hanc
1354 2544 1435 2584 ΟΣ
1447 2546 1518 2584 Th
1536 2547 1586 2584 35

140 2601 226 2635 tres.
267 2599 316 2635 sic
342 2611 489 2648 quoque
514 2613 637 2638 mense
664 2597 712 2636 Σ.
752 2600 820 2637 dea
847 2601 944 2637 sacta
969 2600 1064 2638 diem
1089 2601 1150 2639 35.
1254 2599 1343 2637 587.
1371 2598 1494 2648 magni
1518 2608 1586 2635 ca-

140 2648 311 2692 stissimus
337 2648 429 2687 aede
452 2647 506 2688 A.
609 2651 696 2688 588.
724 2650 887 2688 flammas
912 2650 994 2687 duo.
