1685 2954
564 115 984 145 L13.snchnvs
1439 105 1495 148 87

107 216 217 269 Quid
245 221 384 258 tamen
413 212 596 257 auditis?
632 228 725 256 nam
752 215 867 269 plura
893 214 1032 257 audire
1059 215 1256 270 potestis:
1412 221 1494 260 745·

161 285 369 336 Quantum
397 282 450 324 de
478 283 583 323 bello
614 282 760 325 dicitur
790 295 888 324 esse
919 282 1073 337 super?

105 352 330 394 Postmodo
358 349 470 392 uicta
499 350 639 392 cades.
674 351 918 404 melioribus,
949 351 1102 403 Ardea,
1132 357 1289 394 restas:

159 419 355 473 Improba,
384 430 491 471 quae
518 424 681 460 nostros
708 419 829 473 cogis
856 418 1008 459 abesse
1036 419 1157 460 uiros.

105 487 201 529 Sint
234 490 391 527 tantum
419 485 616 528 reduces!
651 486 728 527 sed
761 486 870 527 enim
899 487 1138 527 temerarius
1165 486 1234 527 ille

156 554 236 594 Est
262 564 393 605 meuS,
422 557 468 593 et
493 553 637 594 stricto
664 554 846 607 qualibet
870 566 972 595 ense
1000 554 1092 595 ruit.
1410 557 1491 597 750

101 621 225 662 Mens
252 620 339 661 abit
365 625 410 660 et
437 620 595 674 morior,
624 622 814 675 quotiens
841 621 1066 676 pugnantis
1092 622 1230 676 imago

155 687 228 728 Me
256 686 378 739 subit,
409 693 453 727 et
482 688 663 741 gelidum
691 696 860 742 pectora
888 689 1019 745 frigus
1047 689 1183 730 habet.

97 753 259 795 Desinit
285 755 325 794 in
353 755 541 796 lacrimas
569 758 842 812 incoeptaque
869 756 940 798 fila
965 757 1135 809 remisit,

154 822 199 861 In
228 819 384 876 gremio
411 823 567 864 uoltum
597 823 869 878 deposuitque
897 837 990 867 sue.

95 890 189 931 Hoc
214 890 349 942 ipsum
377 888 528 931 decuit.
557 891 748 933 lacrimae
776 892 956 934 decuere
983 890 1176 944 pudicae,
1406 893 1486 931 755

153 957 210 997 Et
235 956 368 997 facies
396 957 530 999 animo
559 957 767 1012 dignaque
798 972 952 1013 parque
979 958 1068 999 fuit.

92 1023 209 1065 Pone
237 1030 401 1077 metum,
430 1024 566 1079 uenio,
595 1026 774 1067 coniunx
801 1026 871 1068 ait.
910 1026 985 1067 Illa
1012 1024 1162 1067 reuixit

149 1090 296 1144 Deque
325 1092 399 1132 uiri
429 1093 534 1132 collo
562 1091 683 1134 dulce
709 1091 909 1147 pependit
936 1105 1055 1135 onus.

94 1159 258 1200 Interea
285 1159 446 1201 iuuenis
473 1159 645 1202 furiatos
672 1159 969 1217 regiusignes

88 1319 177 1357 745.
214 1319 362 1358 audistis
387 1321 454 1369 Its.
476 1325 510 1361 13
523 1324 552 1362 G
563 1325 643 1361 DE
652 1322 742 1370 fort.
756 1335 830 1360 ma.
842 1335 910 1362 seo.
925 1320 969 1359 Γ
961 1320 1012 1361 Λ
1021 1318 1078 1360 Μ
1084 1317 1178 1359 PH
1183 1318 1221 1357 Σ
1233 1319 1299 1359 Tb
1347 1319 1371 1358 h
1384 1333 1422 1358 m
1434 1333 1456 1358 r
1470 1334 1491 1359 s·

37 1382 180 1420 ναι-ιη’.
207 1370 468 1421 ἇιιοάειινὶρὶπιὶς
495 1387 518 1423 p
536 1386 701 1411 uar.scr.
717 1376 763 1420 (t.
779 1374 928 1419 Gron.).
965 1373 1051 1411 aud.
1078 1374 1150 1409 iam
1177 1373 1283 1423 plura
1349 1399 1357 1408 .
1404 1383 1490 1408 nam

36 1420 120 1472 plus
146 1421 231 1458 aud.
265 1423 310 1460 0.
355 1423 440 1460 aud.
468 1425 588 1461 soletis
617 1427 735 1462 1223.
844 1427 936 1463 747.
969 1424 1059 1461 Post
1083 1423 1193 1461 modo
1219 1422 1287 1469 ΕΓ.
1325 1422 1415 1459 Post
1443 1434 1489 1459 ea

37 1471 134 1508 uicta
165 1468 280 1509 ΨΜ.
329 1473 442 1511 ardea
465 1475 575 1524 signis
607 1486 715 1512 antis.
764 1480 876 1511 restat
907 1486 1016 1513 unus.
1126 1475 1214 1511 748.
1252 1473 1409 1523 Inproba
1437 1475 1490 1511 D..

36 1521 151 1571 lmpia
181 1526 241 1558 12.
288 1523 400 1575 Impr.
427 1537 492 1562 cur
518 1532 633 1564 nostr.
662 1529 724 1562 23.
773 1525 900 1562 adesse
926 1525 959 1563 b.
1069 1526 1158 1562 749*
1193 1524 1277 1561 Sint
1302 1531 1423 1560 tamen
1451 1528 1489 1559 et

37 1572 163 1609 reduc.
190 1576 225 1610 E
247 1573 355 1611 alius.
413 1575 497 1612 Sint
529 1583 650 1613 tamen
677 1576 713 1612 hi
740 1576 821 1614 redx
844 1578 907 1614 26.
965 1575 1047 1612 Sint
1072 1581 1195 1612 tamen
1222 1587 1244 1612 o
1271 1574 1396 1611 reduc.
1426 1577 1487 1610 11.

38 1621 191 1658 reduces
218 1623 325 1660 timeo
352 1630 520 1663 temerar.
551 1624 604 1664 Φ.
653 1625 806 1664 reduces
833 1634 869 1664 et
895 1627 990 1663 enim
1017 1633 1147 1663 temer.
1175 1627 1229 1663 Ν.
1274 1625 1488 1661 temerarius

38 1672 134 1708 ultro
161 1674 230 1719 273
255 1686 378 1722 puar.
394 1687 465 1714 scr.
507 1678 720 1713 temerarius
746 1684 800 1713 est
826 1690 848 1713 o
875 1680 936 1713 33.
1041 1678 1128 1713 750.
1156 1676 1222 1711 Vir
1246 1688 1348 1712 meus
1366 1672 1493 1724 ΠΣμ

38 1734 122 1768 sex3
151 1723 180 1759 G
194 1735 276 1760 uar.
296 1736 366 1760 scr.
412 1727 573 1775 quolibet
602 1727 725 1764 GFA
739 1725 773 1764 O
786 1724 873 1764 PH
887 1723 1233 1774 ¹1⁸AETb9hpr
1264 1725 1429 1762 undecim
1453 1729 1491 1761 et

36 1772 213 1819 uett.ed.;
239 1776 465 1812 Muar.scr.
505 1777 684 1825 quoslibet
712 1781 773 1814 11.
813 1777 1010 1826 quemlibet
1039 1778 1256 1814 0uar.sor.
1292 1788 1378 1812 ense
1398 1775 1488 1814 fruit

38 1822 227 1869 8(Giof.).
266 1836 352 1861 ense
376 1827 467 1875 petit
495 1828 539 1864 Ο.
642 1828 730 1864 751.
757 1832 794 1863 et
819 1827 935 1863 maior
959 1833 1060 1876 quot.
1088 1829 1124 1863 8.
1165 1832 1202 1862 et
1226 1837 1378 1862 moueor
1401 1823 1486 1862 duo.

38 1874 180 1922 quoties
205 1872 299 1911 ulli?
400 1878 486 1912 752.
514 1876 585 1925 gel.
606 1875 742 1925 frigora
763 1883 890 1925 pectus
910 1876 1044 1913 habent
1062 1874 1138 1914 Ab
1152 1877 1214 1914 26.
1253 1876 1324 1924 gel.
1349 1875 1486 1923 frigora

35 1931 164 1994 {imus
191 1923 300 1961 habet
326 1924 413 1962 editi
438 1928 548 1971 1480,
568 1927 680 1974 1484,
702 1927 812 1964 1502.
857 1926 971 1976 frigus
998 1927 1132 1963 habent
1155 1925 1279 1972 llfeld.
1293 1923 1331 1962 E
1337 1922 1383 1961 Γ
1380 1923 1438 1962 Μ
1446 1922 1491 1962 ²1⁸

37 1986 104 2023 ...9
127 1974 303 2012 undecim.
405 1978 492 2013 753.
518 1977 605 2013 Des.
631 1982 669 2014 et
694 1977 847 2014 lacrimis
878 1980 921 2014 Τ.
960 1980 1040 2024 Ita,
1068 1976 1249 2024 lacrimas,
1274 1975 1397 2022 llfeld.
1414 1975 1489 2013 BG

34 2037 224 2074 mmmpr.
241 2029 382 2063 81213
402 2026 599 2066 duodecim.
639 2027 794 2064 lacrimis
819 2028 961 2065 caeteri.
1002 2028 1244 2077 in....taque
1268 2025 1392 2074 Ilfeld.
1408 2038 1489 2064 ma.

34 2087 92 2135 pr.
119 2088 198 2112 oum
225 2075 339 2113 litura
362 2081 518 2125 quatuor
543 2077 759 2115 lateran-um.
810 2079 1021 2128 incertaque
1055 2075 1110 2114 H.
1162 2084 1413 2127 conceptaque
1445 2077 1482 2112 7.

34 2132 247 2175 intentaque
272 2139 396 2164 mum.
409 2139 464 2176 pr.
485 2130 509 2164 8
529 2127 600 2165 duo
618 2133 652 2164 et
669 2127 723 2166 ed.
736 2128 822 2165 Ald.
841 2133 935 2177 post.
974 2129 1108 2179 incept.
1125 2128 1203 2166 rell.
1246 2128 1394 2164 remittit
1414 2125 1484 2173 Its.

34 2174 401 2226 BGI'mma.pr.8
416 2181 460 2214 13
487 2177 604 2215 decem
629 2178 695 2216 alii
720 2183 754 2215 et
778 2184 869 2217 uem
890 2178 945 2216 ed.
985 2180 1144 2216 remittat
1173 2179 1381 2215 ouanscr.

85 2228 175 2264 754.
211 2227 353 2265 uultum
380 2227 473 2265 libri.
522 2229 764 2279 deposuitque
788 2241 870 2266 meo
896 2232 956 2266 M.
1009 2242 1082 2279 que
1113 2242 1217 2266 suum
1243 2227 1367 2274 llfeld.
1392 2226 1484 2274 fort.

33 2275 98 2315 sub
119 2289 198 2315 ras.
212 2275 299 2314 ΒΓ
303 2276 351 2314 Π
360 2277 439 2314 Tm
452 2291 592 2327 niafflr.
608 2282 632 2316 8
656 2279 901 2328 septemdecim
926 2284 960 2316 et
986 2284 1072 2316 uett.
1098 2278 1171 2324 εὼς
1207 2280 1236 2316 G
1248 2290 1330 2315 πων.
1345 2289 1417 2315 scr.

85 2329 173 2366 755.
200 2329 315 2378 ipsam
347 2330 433 2366 GN
443 2329 557 2376 Tllf.
573 2342 647 2367 ma.
665 2334 744 2366 tert.
771 2329 1035 2368 bhmmasw.
1059 2342 1079 2368 s
1103 2341 1230 2369 nouem
1253 2333 1288 2365 et
1313 2333 1401 2366 nett.
1427 2327 1484 2366 ed.

35 2376 192 2415 decuere
218 2378 288 2425 Ilf.
308 2381 345 2416 in
364 2392 442 2417 ras.
462 2379 599 2425 latiori,
625 2392 824 2417 'nunus-ec.
866 2381 1036 2417 lacrimae
1060 2380 1223 2417 cecidere
1238 2382 1262 2416 8
1275 2382 1321 2416 13
1336 2382 1482 2429 septem.

36 2427 203 2475 pudicam
230 2429 315 2466 libri
330 2435 473 2480 praeter
493 2442 583 2479 quos
600 2442 744 2478 sequor,
767 2430 890 2477 Ilfeld.
909 2430 972 2478 fm
985 2433 1008 2467 8
1023 2434 1068 2467 13
1081 2433 1128 2466 14
1146 2433 1290 2480 septem.
1392 2430 1481 2465 756.

36 2477 139 2515 Haec
162 2479 274 2517 facies
294 2479 327 2518 b.
369 2493 442 2529 que
469 2493 535 2530 par
563 2493 608 2517 ue
633 2482 701 2516 fuit
716 2480 839 2527 Ilfeld.
942 2482 1030 2518 757.
1059 2481 1164 2517 uenio
1190 2493 1260 2518 om.
1274 2479 1305 2527 f.
1344 2485 1482 2516 metum

38 2528 194 2566 coniunx
225 2531 315 2567 ueni*
334 2531 384 2567 ait
419 2532 465 2568 G.
508 2537 643 2567 metum
669 2531 769 2567 uenit
793 2543 902 2568 raia.
919 2544 987 2569 sec.
1030 2537 1167 2572 metum
1193 2531 1276 2567 ueni
1303 2529 1387 2567 libri
1400 2528 1480 2567 rell.

37 2582 179 2626 praeter
202 2592 291 2627 quos
316 2593 405 2630 seq„
431 2581 554 2628 Ilfeld.
570 2582 644 2619 BG
652 2579 691 2617 Γ
701 2579 791 2618 ΟΠ
799 2579 836 2617 Σ
841 2593 864 2630 9
876 2594 942 2631 mp
969 2580 1180 2630 ‹nondecim-
1219 2581 1349 2618 coniux
1377 2582 1426 2618 D.
1458 2588 1461 2591 ·

88 2628 176 2665 758.
211 2629 327 2668 honus
353 2634 399 2669 E.
508 2634 598 2669 759.
633 2634 697 2670 Ita
722 2632 926 2669 emendautt
951 2633 1137 2671 Heinsims.
1180 2631 1337 2668 furiatus
1357 2627 1480 2676 Ilfeld.

37 2689 74 2715 m
90 2682 274 2727 «impr-,8
300 2686 455 2729 quatuor
479 2683 537 2721 uel
562 2694 640 2722 sex.
677 2682 827 2721 furiales
851 2682 992 2732 reliqui.
1032 2682 1105 2721 fur.
1127 2682 1281 2733 concipit
1306 2681 1408 2731 ignes
1434 2681 1480 2718 Τ.
