1685 2954
153 105 209 147 66
712 113 1034 143 FAsronvM

265 217 373 269 Heu,
401 219 596 268 quantum
625 214 698 256 fati
723 227 850 268 parua
876 214 1027 255 tabella
1052 214 1164 255 tulit!

211 286 370 326 Alueus
398 283 439 323 in
465 283 559 323 limo
587 281 704 324 siluis
729 283 926 336 appulsus
955 280 1097 336 opacis

267 351 470 392 Paulatim
497 350 618 390 fluuio
647 349 866 390 deficiente
895 349 1027 391 sedet.

210 420 342 460 Arbor
370 423 470 458 erat.
509 423 722 458 remanent
749 416 944 471 uestigia,
976 429 1167 469 quaeque
1196 422 1367 457 uocatur

266 486 443 526 Romula
470 498 551 526 non
580 485 698 538 ficus,
727 485 903 525 Romula
930 484 1038 525 ficus
1066 491 1164 525 erat.
1522 485 1601 521 410

211 555 339 595 Venit
367 552 419 594 ad
450 554 679 606 expositos,
707 554 862 605 mirum,
891 554 986 604 lupa
1016 553 1100 592 feta
1129 553 1342 605 gemellos.

271 619 374 673 Quis
405 622 549 662 credat
575 620 714 674 pueris
741 633 822 660 non
849 619 1044 660 nocuisse
1073 617 1232 663 feram?

211 690 308 729 Non
326 690 520 729 nocuisse
536 701 676 741 parum
697 693 776 739 est,
801 686 971 740 prodest
988 694 1162 739 quoque.
1191 699 1295 739 quos
1314 687 1409 739 lupa
1433 684 1569 737 nutrit,

265 756 445 796 Perdere
476 761 683 809 cognatae
712 750 945 793 sustinuere
972 766 1129 794 manus.

212 823 410 864 Constitit
437 829 480 864 et
509 822 642 863 cauda
670 821 825 861 teneris
853 820 1054 862 blanditur
1083 821 1268 871 alumnis,
1525 823 1603 859 415

266 892 322 931 Et
349 891 469 943 fingit
497 891 638 943 lingua
667 900 838 940 corpora
866 887 961 928 bina
990 901 1081 928 sua.

211 959 346 998 Marte
376 963 493 998 satos
521 957 664 997 scires.
707 955 824 995 timor
854 955 995 1007 abfuit,
1024 955 1153 995 ubera
1181 955 1337 996 ducunt

267 1027 362 1066 Nec
392 1023 470 1064 sibi
498 1023 689 1076 promissi
715 1022 838 1062 lactis
867 1023 1028 1062 aluntur
1056 1036 1147 1075 ope.

212 1093 284 1133 Illa
310 1092 403 1132 loco
429 1104 579 1131 nomen
606 1090 719 1131 fecit.
756 1090 874 1130 locus
904 1091 995 1143 ipse
1023 1088 1214 1142 lupercis.

267 1160 428 1214 Magna
457 1157 542 1197 dati
578 1158 712 1198 nutrix
742 1158 922 1210 praemia
959 1158 1082 1198 lactis
1116 1159 1255 1198 habet.
1527 1157 1607 1194 420

211 1226 321 1278 Quid
351 1231 468 1267 uetat
496 1225 676 1266 Arcadio
704 1224 840 1266 dictos
870 1238 895 1266 a
922 1231 1061 1266 monte
1089 1221 1311 1278 lupercos?

206 1366 296 1402 406.
325 1366 384 1402 Ha
408 1377 440 1402 s.
482 1369 609 1414 quant.
636 1363 723 1401 sacti
754 1367 799 1401 Β.
842 1364 928 1401 facti
953 1377 1092 1401 summa
1119 1365 1196 1402 tab.
1218 1366 1266 1401 D.
1300 1363 1366 1400 sati
1392 1374 1507 1400 curua
1532 1363 1608 1400 tab.

151 1429 175 1465 9
200 1421 245 1453 ll
262 1419 310 1454 17
327 1416 412 1453 duo.
453 1414 521 1451 fati
547 1422 652 1464 parta
672 1418 733 1451 44.
776 1416 850 1451 tab.
871 1415 970 1452 dedit
988 1417 1119 1452 Auar.
1134 1427 1205 1452 scr.
1246 1416 1319 1451 tab.
1348 1415 1447 1451 uehit
1471 1411 1608 1451 Ψάιιο.

152 1468 228 1503 tab.
249 1468 348 1516 capit
366 1464 414 1502 Σ.
455 1467 530 1502 tab.
549 1466 618 1502 suit
633 1478 656 1514 9
676 1470 720 1501 ll
737 1469 795 1502 17.
828 1466 949 1502 Gloss.
965 1469 1021 1502 D.-
1048 1467 1218 1513 Tabella,
1239 1466 1344 1501 aluei.
1383 1464 1451 1502 Vel
1469 1476 1609 1500 summa

155 1518 313 1564 tabella,
348 1518 371 1554 i.
402 1529 436 1553 e.
465 1529 643 1553 summum
673 1517 872 1565 periculum
900 1517 1036 1553 mortis.
1085 1517 1168 1552 Hoc
1200 1522 1354 1552 tractum
1389 1516 1434 1551 ab
1468 1514 1521 1550 his
1547 1514 1608 1562 qui

155 1575 329 1604 euentum
350 1580 456 1604 suum
474 1566 734 1616 praedixerunt
757 1568 791 1602 in
812 1567 950 1603 tabula.
986 1567 1022 1603 l’.
1051 1566 1180 1603 ahalea
1201 1565 1326 1615 [aleid.
1366 1567 1448 1615 quia
1468 1576 1609 1601 summa

155 1618 281 1655 tabula
309 1618 332 1654 i.
363 1630 395 1654 e.
422 1617 501 1653 finis
528 1617 603 1653 ludi
630 1618 699 1652 iam
728 1618 865 1653 uicinus
901 1623 965 1653 aut
998 1617 1168 1653 damnum
1203 1617 1275 1652 fert
1310 1622 1373 1652 aut
1406 1616 1544 1652 lucrum
1573 1620 1610 1650 et

151 1669 203 1706 sic
230 1679 370 1704 summa
397 1668 533 1704 tabella
560 1668 594 1703 in
621 1679 661 1704 se
688 1668 796 1704 habet
823 1674 939 1704 totum
967 1667 1109 1716 pondus
1136 1666 1222 1703 ludi.
1337 1667 1423 1702 407.
1460 1665 1608 1714 apulsus

151 1718 185 1756 b.
228 1719 403 1768 impulsus
433 1719 508 1754 Gm
534 1722 711 1765 (μιαίῑιονς
747 1731 770 1767 p
797 1730 881 1754 ναν.
902 1730 973 1755 scr.
1022 1718 1184 1767 inpulsus
1210 1718 1273 1753 44.
1323 1728 1427 1765 apae.
1459 1717 1506 1752 G.

200 1769 288 1806 408.
315 1769 485 1805 Pullatim
511 1779 545 1804 rr.
596 1768 790 1804 Paullatim
820 1766 890 1804 OE'?
938 1767 1044 1804 defic.
1074 1767 1168 1803 cadit
1198 1764 1238 1802 Γ
1260 1779 1334 1804 vna.
1354 1778 1430 1815 ρης
1462 1766 1499 1802 Α
1523 1776 1608 1802 uar-

149 1831 224 1857 εον.
328 1820 418 1855 409.
454 1825 547 1854 uest.
574 1831 719 1868 quaque
746 1822 780 1855 E
804 1831 878 1855 ma.
898 1830 954 1866 pr.
1058 1819 1145 1854 410,
1181 1817 1340 1854 Rumina
1367 1820 1446 1854 Zm
1471 1818 1496 1852 8
1522 1815 1607 1853 dato.

148 1872 226 1917 Ita,
254 1881 342 1915 non,
370 1868 390 1905 b
410 1870 460 1904 44
476 1868 532 1906 cd.
561 1868 656 1905 Rub.
685 1869 806 1916 14753
835 1867 942 1906 MN
947 1865 997 1904 H
1010 1880 1092 1905 aar.
1106 1880 1176 1905 scr.
1218 1880 1315 1904 nunc
1338 1867 1478 1916 reliqui.
1518 1867 1608 1903 ficus

148 1920 292 1956 rumula
320 1920 410 1956 ficus
435 1918 487 1956 hs
514 1918 628 1964 alius3
652 1931 675 1967 9
698 1931 781 1956 var.
803 1931 873 1957 scr.
916 1920 1005 1956 ficus
1034 1920 1174 1955 rumina
1199 1918 1289 1955 ficus
1312 1930 1336 1966 9
1362 1917 1443 1955 duo.
1483 1917 1608 1955 Gloss.

148 1970 216 2006 442
245 1982 341 2019 quae
368 1982 464 2006 nuuc
488 1976 543 2006 est
561 1971 701 2006 romula
727 1971 816 2006 ficus
845 1977 922 2006 tum
949 1971 1089 2006 romula
1115 1971 1204 2005 ficus
1231 1981 1302 2005 non
1323 1976 1414 2004 erat.
1517 1970 1606 2004 411.

146 2020 277 2056 mirum
304 2033 375 2058 om.
402 2019 422 2056 b
447 2032 520 2056 ma.
541 2032 598 2070 pr.
642 2021 774 2056 mirum
802 2027 857 2057 est
884 2021 970 2070 lupa
1002 2021 1032 2057 G
1051 2032 1133 2056 παν.
1153 2031 1225 2056 scr.
1263 2012 1363 2056 foetir
1394 2016 1463 2055 ffl‘?
1487 2015 1549 2056 G?

197 2072 285 2108 412.
313 2070 438 2107 credet
450 2067 511 2106 A.
554 2070 652 2107 cred.
683 2071 832 2119 geminis
860 2083 933 2107 non
951 2068 998 2107 Σ.
1103 2072 1191 2106 413.
1219 2077 1273 2107 est
1300 2082 1370 2107 om.
1392 2074 1478 2108 tres.
1515 2080 1607 2118 quo-

145 2132 219 2170 que
246 2121 346 2170 quod
372 2122 458 2171 lupa
482 2133 532 2157 m.
635 2122 724 2157 414.
751 2121 914 2158 Prodere
940 2119 1049 2168 (sm)
1069 2118 1169 2158 ΨΤ.
1274 2123 1361 2156 415.
1391 2120 1559 2157 Substitit
1581 2128 1605 2165 9

144 2175 316 2219 quatuor.
426 2173 514 2207 416.
548 2173 626 2218 Ita,
651 2171 766 2218 fingit,
793 2169 924 2209 ΑΡΦ
943 2175 1042 2218 (test.
1057 2172 1206 2220 Heius.)
1220 2173 1270 2208 M
1280 2173 1322 2207 N
1330 2169 1390 2208 Ob
1415 2169 1482 2206 sub
1505 2179 1604 2211 ras-5

141 2233 167 2269 9
194 2233 276 2259 nar.
297 2233 368 2259 scr.
426 2222 552 2258 lambit
579 2224 616 2258 D
633 2219 722 2258 ΨΣ
745 2221 853 2260 alius.
906 2223 1035 2271 linguit
1061 2221 1132 2269 Es.
1183 2223 1286 2271 lingit
1309 2221 1436 2268 ‘reliqui
1461 2214 1605 2255 et-Fw

142 2273 248 2316 (test.
269 2269 423 2318 Heius.)
450 2284 518 2321 pro
543 2283 625 2309 nar.
642 2284 713 2309 scr.
835 2274 923 2309 417.
961 2274 1073 2309 ubera
1103 2280 1237 2322 sugunt
1271 2269 1308 2308 P
1317 2268 1429 2308 02:12
1457 2269 1601 2305 34041

142 2325 216 2358 tres
234 2326 268 2358 et
285 2327 371 2359 uett.
390 2322 464 2368 αἰ,-
490 2325 540 2359 Μ
547 2335 570 2371 ρ
590 2334 675 2360 uar.
691 2334 761 2360 scr.
803 2324 917 2360 ubera
946 2324 1081 2360 lactant
1106 2326 1156 2360 jn
1168 2335 1251 2360 uar-
1266 2334 1338 2359 εον.
1439 2320 1526 2355 418·
1553 2318 1604 2354 Et

141 2371 207 2406 sibi
234 2375 322 2409 834
349 2372 432 2409 duo.
473 2373 635 2423 permissi
665 2374 770 2421 Cym
797 2375 883 2410 834
895 2376 998 2410 4041
1031 2379 1116 2410 ires.
1159 2375 1333 2422 promissa
1365 2371 1398 2408 0
1422 2381 1495 2406 ma.
1516 2380 1574 2418 pr.

191 2424 278 2457 419.
308 2424 389 2471 Ipsa
408 2420 448 2458 (D
467 2426 567 2459 828.
608 2424 687 2459 loco
715 2423 800 2460 fecit
827 2436 958 2460 nomeu
979 2422 1079 2461 GH.
1120 2425 1219 2460 locus
1247 2425 1313 2459 iste
1332 2418 1464 2457 I'dno.
1502 2419 1603 2455 locus

138 2471 199 2507 ille
230 2471 768 2522 GFtDANOPIIEbey
794 2477 924 2522 uiyinti
951 2480 1024 2511 tres
1049 2474 1115 2511 alii
1140 2479 1173 2510 ct
1198 2477 1283 2510 ηοω.
1305 2471 1359 2508 ed.
1403 2470 1462 2506 ille
1489 2470 1602 2518 (ipse)

137 2521 301 2571 lupercal
330 2526 362 2559 B
377 2525 446 2560 GE
459 2526 494 2561 G
507 2522 546 2560 Φ
567 2536 639 2560 rna.
659 2536 728 2562 sec.
748 2526 846 2570 (test.
862 2520 1264 2571 Heius.)A]l1NPE
1275 2521 1370 2568 Thy
1382 2520 1403 2556 h
1416 2531 1514 2568 mpr
1523 2531 1600 2556 ma.

136 2582 205 2608 sec.
221 2583 242 2609 s
259 2577 274 2608 t
290 2574 313 2608 3
332 2575 381 2608 44
407 2574 686 2621 duodetriginta.
743 2577 820 2625 ipse
855 2576 1022 2626 lupercus
1055 2573 1116 2621 ²1³3
1151 2576 1200 2609 44
1228 2584 1307 2609 nar.
1330 2583 1400 2607 scr.
1511 2571 1601 2605 420.

135 2629 232 2660 nutr.
259 2635 412 2660 munera
439 2625 521 2661 lact.
554 2628 596 2662 Τ.
702 2627 788 2662 421.
818 2628 890 2662 Hic
914 2639 1010 2663 uei-s.
1033 2637 1114 2662 cum
1139 2635 1210 2672 seq.
1233 2623 1390 2670 nutryini
1418 2622 1602 2668 ascriptus

134 2673 173 2708 in
199 2685 246 2710 m.
287 2673 380 2717 Quis
410 2681 485 2710 uet.
518 2673 1092 2723 GfflANOHfftAbyhmst
1117 2675 1257 2710 64041
1286 2673 1416 2720 uiyinti
1444 2674 1600 2719 quamv·
