1685 2954
742 98 940 130 memus
1417 93 1550 125 CCXIX

108 212 147 253 p.
163 200 251 250 96),
277 206 432 252 pateret,
454 198 607 236 deorum
631 197 786 236 inferum
813 197 921 234 ianua
947 203 1075 247 patere
1099 202 1155 235 est
1177 194 1334 240 credita,
1365 193 1448 232 hinc
1473 207 1549 233 non

108 263 312 314 putauerim
335 259 505 310 consequi
523 259 772 296 Romanorum
796 257 844 296 de
865 258 920 295 dis
944 259 1108 296 manibus
1128 258 1418 310 superstitionem
1438 257 1550 294 Etru-

105 324 203 362 scam
230 326 349 375 potius
372 322 496 368 fuisse,
523 333 631 371 quam
653 321 823 365 italicam,
850 320 1006 357 sortasse
1025 320 1207 358 Latinam.
1248 319 1423 358 Lemures
1445 318 1546 368 apud

105 386 322 436 Appuleium
349 383 397 420 de
426 382 496 419 deo
522 382 684 419 Socratis
718 395 756 432 p.
781 383 854 419 152
879 381 939 419 ed.
970 381 1142 419 Oudend.
1169 389 1207 420 et
1231 381 1450 419 Martianum
1475 380 1551 417 Ca-

104 448 240 498 pellam
267 451 303 489 2,
330 447 355 482 9
380 445 661 494 interponuntur
685 445 810 481 subtili
835 443 962 480 horum
989 443 1175 480 numinum
1200 443 1433 490 distinctioni,
1453 453 1551 493 quae

104 515 225 559 potest
250 517 328 544 esse
354 506 530 554 Etrusca,
558 513 596 544 et
622 513 743 544 tamen
769 507 888 557 ipsum
915 517 1047 542 nomen
1075 505 1219 542 nonnisi
1251 506 1367 543 altero
1393 504 1551 541 manium

104 578 168 606 aut
192 569 308 606 minus
335 568 585 618 auspicatum,
612 575 676 605 aut
702 569 908 618 antiquius,
937 566 1012 605 Ou.
1039 568 1076 612 5,
1105 569 1195 614 421,
1222 569 1311 615 423,
1339 567 1422 614 uel,
1450 567 1552 603 cuius

103 630 314 680 suspicionis
342 642 414 666 non
446 629 549 666 deest
574 642 704 678 causa,
732 630 908 667 Sabinum
933 629 1088 666 fortasse
1112 628 1195 666 suit.
1247 629 1405 665 Penates
1431 628 1552 678 publi-

102 704 163 728 cos
191 692 309 728 Varro
334 691 434 742 apud
460 693 596 729 Arnob.
622 695 660 740 3,
688 694 739 729 40
767 701 804 730 et
830 693 992 743 priuatos
1019 690 1185 740 Nigidius
1212 689 1343 727 ibidem
1370 701 1414 726 ex
1439 689 1551 726 Etru-

103 753 158 790 ria
185 760 357 804 repetunt
377 754 531 792 docente
547 754 725 791 Muellero
744 768 781 804 p.
797 756 858 799 87,
885 755 1015 804 quibus
1041 753 1250 801 ambagibus
1276 751 1364 787 nihil
1390 751 1552 787 tribuen-

103 814 189 851 dum
224 828 304 852 esse
336 816 627 853 existimauerim.
679 816 736 853 De
761 817 881 853 Genio
916 814 1069 864 posthae
1100 814 1253 851 dicetur.
1304 811 1419 849 Lares
1444 812 1552 861 igitur

104 888 148 912 ex
168 876 405 913 Etruscorum
432 877 618 926 disciplina
646 877 785 914 habitos
811 876 922 913 fuisse
948 888 1016 925 pro
1042 876 1119 912 deis
1149 875 1361 913 animalibus
1388 886 1433 910 ex
1457 872 1552 910 inse-

103 938 150 974 ris
176 939 355 974 reuocatis
381 938 538 974 ostendit
556 938 753 975 Muellerus
776 941 814 983 2,
842 949 880 986 p.
895 939 958 984 90,
979 939 1047 973 92:
1076 948 1155 973 eam
1183 937 1388 986 opinionem
1413 935 1552 972 Roma-

102 1012 168 1036 nos
194 1012 339 1049 semper
368 1006 510 1036 secutos
535 1011 615 1036 esse
641 999 787 1036 minime
814 999 940 1046 credo,
968 1011 1049 1035 cum
1076 998 1154 1048 ipse
1173 998 1290 1034 Varro
1313 997 1410 1048 apud
1433 998 1551 1034 Arno-

104 1061 201 1098 bium
223 1065 261 1108 3,
277 1063 323 1096 41
352 1062 446 1097 inter
470 1061 563 1098 hanc
587 1067 624 1097 et
650 1061 800 1097 alteram
828 1061 1076 1110 graecanicam
1105 1060 1348 1097 haesitauerit.
1394 1059 1469 1097 Sed
1495 1066 1552 1096 ta-

101 1136 183 1160 men
219 1124 391 1171 temporis
424 1121 578 1158 decursu
610 1121 755 1164 demum
795 1120 996 1172 depositam
1031 1122 1223 1158 Etruscam
1258 1122 1551 1171 superstitionem

101 1196 255 1231 censeo,
289 1184 374 1220 olim
412 1183 518 1219 altius
545 1190 758 1233 penetrasse
791 1185 827 1220 in
861 1184 1070 1234 religionem
1096 1184 1320 1228 Romanam,
1354 1196 1462 1233 quam
1489 1195 1552 1220 ex-

101 1246 306 1297 pectauerit
341 1245 402 1295 qui
437 1245 636 1282 tralationis
673 1245 821 1282 modum
857 1245 1098 1295 perspexerit.
1161 1244 1261 1281 Libri
1296 1243 1419 1281 idonei
1453 1243 1552 1294 apud

103 1308 278 1346 Ouidium
297 1308 333 1351 5,
350 1311 420 1344 131
449 1314 486 1343 et
506 1307 622 1344 Varro
644 1306 690 1344 de
709 1307 735 1344 1.
751 1307 776 1343 l.
793 1308 894 1355 5,74
919 1306 1053 1344 docent
1079 1319 1100 1343 a
1126 1307 1270 1344 Sabinis
1294 1306 1390 1343 lares
1416 1317 1554 1355 cogno·

101 1371 199 1406 mine
226 1369 419 1406 Praestites
447 1376 484 1405 et
509 1367 719 1404 Larundam
745 1375 976 1406 consecratos
1003 1380 1101 1406 esse:
1137 1368 1219 1405 hinc
1243 1368 1371 1417 igitur,
1407 1379 1451 1404 ex
1479 1379 1551 1404 una

100 1432 228 1469 larium
256 1444 332 1475 ara,
360 1444 440 1467 cum
467 1431 565 1467 mille
581 1430 705 1467 *factas
730 1430 865 1468 diserte
891 1431 1012 1467 tradat
1038 1430 1194 1468 Ouidius
1217 1443 1252 1466 u.
1269 1430 1356 1476 145,
1386 1436 1463 1466 tota
1488 1429 1551 1466 illa

99 1494 244 1544 publica
271 1500 308 1530 et
331 1493 473 1543 priuata
495 1492 618 1541 religio
638 1492 754 1530 fluxit.
797 1492 924 1530 Sabini
946 1505 1034 1530 uero
1052 1505 1253 1543 cognomen
1278 1491 1413 1528 laribus
1435 1490 1550 1528 Prae·

101 1556 242 1592 stitibus
267 1554 434 1591 fecerunt
461 1566 506 1592 ex
533 1566 598 1590 sua
625 1553 776 1591 deorum
803 1561 985 1592 certorum
1013 1555 1309 1601 nomenclatura,
1334 1553 1452 1603 ipsum
1478 1565 1550 1589 nu·-

102 1629 200 1664 men,
227 1624 267 1653 ut
293 1623 329 1653 et
355 1617 439 1664 alia,
467 1622 688 1666 acceperunt
714 1616 760 1651 ab
787 1615 964 1665 Etruscis,
993 1617 1067 1654 uid.
1088 1616 1214 1654 Muell.
1235 1619 1273 1663 2,
1300 1627 1338 1665 p.
1356 1615 1423 1652 64:
1451 1613 1552 1664 quod

102 1677 236 1715 indicet
261 1677 460 1714 doctrinam
488 1678 818 1719 abstrusioremiab
844 1679 968 1716 iisdem
996 1679 1108 1716 fuisse
1134 1684 1378 1727 assumptam,
1403 1683 1553 1726 praeter

102 1738 301 1777 Larundae
327 1751 458 1776 nomen
483 1739 553 1776 hoc
580 1752 689 1776 unum
716 1741 816 1787 noui,
841 1740 940 1790 quod
958 1740 1020 1777 Kl'
1037 1741 1155 1785 Maiis,
1182 1751 1254 1789 quo
1275 1750 1399 1775 mense
1415 1738 1551 1775 Lemu-

103 1802 194 1838 ralia
218 1801 382 1847 suerunt,
411 1801 505 1837 lares
532 1801 727 1837 Praestites
752 1800 861 1836 serias
888 1800 1105 1837 habuerunt.
1156 1800 1275 1836 Varro
1303 1806 1424 1836 tamen
1451 1798 1551 1850 apud

103 1864 240 1900 Arnob.
269 1865 305 1906 3,
331 1864 378 1898 41
414 1863 646 1910 antiquorum
671 1863 870 1897 sententias
893 1873 1042 1911 sequens
1066 1861 1195 1898 laruas
1220 1873 1295 1898 esse
1320 1860 1410 1898 dixit
1440 1860 1550 1906 lares,

104 1926 210 1975 quasi
235 1923 410 1973 quosdam
434 1925 569 1972 genios,
596 1922 846 1970 defunctorum
873 1925 1020 1960 animas
1044 1928 1282 1961 mortuorum.
1326 1923 1408 1960 Hoc
1432 1929 1551 1961 totum

104 1994 161 2024 est
186 1987 380 2023 Etruscum
406 1992 640 2035 mereturque
666 1985 835 2034 componi
861 1997 941 2020 cum
968 1997 1025 2030 eo,
1052 1985 1150 2035 quod
1177 1997 1198 2021 a
1219 1984 1416 2021 Plutarcho
1439 1985 1552 2022 Mana

105 2048 274 2086 Genita
301 2047 448 2083 canario
473 2045 673 2094 sacrificio,
712 2045 810 2095 quod
838 2047 1008 2083 conuenit
1035 2059 1115 2083 cum
1142 2046 1215 2084 Ou.
1245 2059 1281 2082 u.
1301 2047 1340 2094 5,
1361 2049 1448 2095 137,
1483 2047 1553 2083 coli

106 2110 249 2146 dicitur.
303 2107 528 2146 Crediderim
555 2108 817 2157 superstitionis
849 2108 944 2145 circa
979 2108 1072 2145 lares
1099 2109 1298 2156 Etruscae,
1333 2120 1428 2158 quae
1452 2106 1553 2158 apud

35 2182 41 2189 ¹
104 2171 291 2208 Romanos
319 2176 464 2217 extant,
485 2170 650 2218 *uestigia
679 2169 800 2206 omnia
836 2169 1029 2206 reserenda
1064 2182 1142 2206 esse
1177 2170 1223 2207 ad
1251 2169 1553 2220 Compitaliorum

104 2232 329 2270 cerimonias.
380 2231 436 2268 Ea
463 2243 543 2267 cum
571 2230 732 2267 instituta
758 2237 854 2275 sunt,
880 2232 956 2268 siue
980 2231 1118 2268 factum
1137 2233 1173 2269 id
1194 2239 1249 2270 est
1270 2244 1291 2269 a
1308 2231 1438 2269 Seruio
1458 2231 1553 2268 Tul-

103 2294 168 2341 lio,
195 2293 290 2330 Plin.
319 2305 355 2329 n.
383 2292 420 2329 h.
449 2294 512 2340 36,
540 2294 590 2329 70
616 2298 723 2340 extr„
750 2293 827 2329 siue
852 2305 873 2329 a
900 2294 935 2329 T
939 2294 1101 2343 arquinio
1128 2295 1311 2345 Superbo,
1338 2293 1454 2332 Macr.
1481 2298 1551 2330 sat.

106 2359 143 2404 1,
171 2357 196 2391 7
222 2356 288 2392 sub
314 2354 394 2401 fin.,
423 2355 508 2391 culti
533 2361 618 2390 sunt
643 2354 762 2402 lares,
788 2355 852 2391 sed
879 2362 1023 2392 uetusto
1050 2356 1262 2393 Latinorum
1289 2355 1552 2406 parentationis

105 2429 174 2468 per
199 2416 324 2453 oscilla
351 2417 436 2464 ritu,
464 2416 580 2452 Macr.
608 2415 632 2454 l.
658 2416 750 2464 ind.‚
777 2417 878 2454 Fest.
905 2429 943 2467 p.
964 2418 1036 2453 194
1055 2416 1170 2465 dext„
1196 2417 1301 2456 Paul.
1328 2429 1366 2466 p.
1383 2421 1471 2465 121,
1489 2418 1552 2464 17,

108 2489 179 2514 una
205 2490 286 2514 cum
311 2477 447 2526 Mania,
473 2478 588 2514 Macr.
608 2478 632 2515 l.
650 2477 742 2526 ind.,
770 2490 864 2528 quae
890 2490 912 2515 a
938 2478 1104 2516 Varrone
1129 2479 1176 2516 de
1202 2480 1227 2515 l.
1244 2479 1268 2518 l.
1289 2480 1363 2523 9,6
1392 2486 1429 2516 et
1454 2478 1552 2528 apud

107 2539 243 2576 Arnob.
272 2542 311 2587 3,
332 2540 380 2576 41
408 2547 445 2576 et
471 2552 494 2576 a
519 2540 705 2576 Macrobio
733 2549 849 2577 mater
874 2540 1017 2588 larium,
1043 2551 1065 2577 a
1092 2539 1202 2578 Festo
1232 2553 1319 2578 uero
1346 2553 1383 2592 p.
1400 2542 1487 2589 129,
1505 2543 1554 2577 30.

110 2601 266 2637 manium
303 2601 389 2648 (nisi
422 2601 518 2638 forte
546 2600 645 2651 apud
671 2601 824 2638 Paulum
851 2614 890 2652 p.
911 2603 999 2650 128,
1022 2603 1070 2640 10
1104 2598 1236 2640 larium
1261 2615 1330 2653 pro
1361 2602 1553 2640 laruarum

111 2661 360 2710 corrigendum
394 2665 467 2710 est)
498 2669 615 2701 mater
648 2670 711 2702 aut
745 2664 827 2702 auia
853 2669 1018 2702 materna
1052 2663 1294 2715 nuncupatur.
1354 2665 1431 2700 Hos
1460 2663 1552 2703 ritus
