1685 2954
166 65 244 108 122
665 47 671 53 ἱ
723 82 1042 115 rAsronvM

217 180 296 221 Vis
326 194 378 221 ea
406 181 442 221 si
467 179 578 221 uerbi
609 188 686 235 est,
716 195 788 224 eur
815 199 893 225 non
925 198 1005 240 ego
1034 186 1235 227 Vediouis
1264 189 1408 230 aedem

272 248 430 288 Aedem
459 262 538 288 non
568 249 705 304 magni
733 254 920 305 suspicer
950 266 1047 294 esse
1076 253 1217 296 louis?

213 317 378 369 Iamque
406 317 474 356 ubi
502 319 733 359 caeruleum
763 321 976 361 uariabunt
1005 322 1139 363 sidera
1169 323 1339 375 eaelum,

268 382 466 436 Suspice:
497 383 707 440 Gorgonei
735 389 838 429 eolla
865 389 1024 429 uidebis
1054 389 1158 443 equi.
1521 392 1601 429 450

213 448 402 490 Creditur
428 452 496 492 hie
525 466 677 493 caesae
705 456 875 507 grauida
904 455 1068 497 ceruice
1096 457 1299 498 Medusae

266 517 478 572 Sanguine
506 523 706 573 respersis
735 524 973 575 prosiluisse
1002 524 1118 565 iubis.

212 584 320 626 Huie
346 599 469 639 supra
496 588 628 629 nubes
655 595 700 629 et
727 591 868 630 subter
893 592 1029 631 sidera
1056 593 1172 644 lapso
1203 625 1207 631 ,

263 652 433 693 Caelum
462 668 532 707 pro
561 662 687 707 terra,
724 670 796 708 pro
825 656 932 708 pede
961 670 1095 709 penna
1123 659 1210 698 fuit.

208 719 373 772 Iamque
403 722 628 775 indignanti
653 735 760 763 noua
789 724 903 763 frena
931 732 1144 776 receperat
1173 738 1253 777 ore,
1520 731 1598 766 455

264 788 369 828 Cum
398 790 503 829 leuis
529 791 686 830 Aonias
714 792 866 843 ungula
896 792 996 830 fodit.
1025 804 1165 845 aquas.

206 855 330 896 Nune
356 856 498 897 fruitur
522 858 649 909 caelo,
679 858 787 910 quod
817 859 961 911 pennis
991 866 1087 899 ante
1114 859 1298 912 petebat,

262 923 318 963 Et
340 923 493 965 nitidus
520 925 652 965 stellis
681 925 858 978 quinque
886 926 1115 980 decemque
1143 925 1283 967 micat.

207 990 397 1032 Protinus
419 992 598 1044 aspicies
626 992 809 1034 uenienti
836 1000 960 1034 nocte
990 1007 1181 1034 eoronam

262 1057 469 1099 Gnosida:
497 1060 663 1100 Theseo
691 1060 857 1101 erimine
887 1063 998 1103 faeta
1026 1062 1106 1102 dea
1135 1068 1214 1102 est.
1519 1062 1599 1100 460

203 1127 289 1166 Iam
316 1127 423 1166 bene
449 1127 815 1179 periurtvmutarat
841 1128 1017 1184 coniuge
1046 1131 1259 1170 Bacchum

260 1193 379 1244 Quae
407 1195 520 1235 dedit
546 1195 708 1248 ingrato
737 1195 806 1235 fila
835 1197 1013 1250 legenda
1041 1199 1138 1237 uiro.

203 1261 326 1303 Sorte
355 1262 432 1303 tori
459 1262 661 1317 gaudens,
691 1263 788 1316 quid
817 1264 964 1305 flebam
992 1262 1179 1306 rustica?
1208 1264 1323 1317 dixit,

198 1385 286 1420 447.
323 1385 384 1421 Vis
411 1386 467 1421 eia
493 1386 520 1422 si
547 1383 595 1423 Γ.
645 1386 708 1423 Vis
736 1393 790 1423 est
815 1387 844 1423 si
871 1387 972 1423 uerbi
1000 1390 1033 1424 E
1048 1400 1121 1424 ma.
1142 1399 1199 1436 pr.
1246 1387 1275 1423 si
1301 1399 1370 1424 om.
1397 1388 1521 1423 Dma.
1538 1398 1595 1433 ρι’.

147 1436 178 1472 si
202 1435 322 1472 uerbis
346 1448 453 1472 unus.
500 1443 554 1473 est
581 1449 645 1472 eur
671 1449 739 1486 ego
768 1450 838 1473 non
871 1439 916 1474 G.
960 1450 1030 1486 ego
1057 1440 1165 1484 (non)
1195 1438 1241 1473 ul’
1268 1438 1356 1473 iouis
1383 1437 1442 1473 ed.
1474 1433 1594 1473 GI'b.

148 1498 216 1534 ego
231 1486 346 1522 l’iouis
366 1489 456 1523 DE.
499 1500 566 1535 ego
593 1487 708 1524 l'oiuis
729 1500 836 1524 rma.
855 1500 911 1536 ρν.
954 1501 1021 1537 ego
1047 1489 1163 1524 tiiouis
1189 1487 1219 1533 f.
1261 1500 1328 1535 ego
1357 1487 1415 1523 uel
1441 1488 1530 1522 iouis
1549 1484 1596 1525 Σ.

147 1549 217 1585 ego
244 1537 334 1573 iouis
365 1535 404 1572 (D
422 1549 495 1574 ma.
514 1550 571 1586 pr.
612 1539 748 1574 ueiouis
776 1538 915 1587 reliqui.
1019 1540 1104 1574 448.
1141 1539 1262 1574 Edere
1287 1550 1360 1573 non
1391 1539 1514 1574 Gma.
1527 1548 1597 1574 sec.

147 1600 220 1624 non
250 1588 354 1635 parui
379 1600 414 1636 ρ.
467 1589 630 1636 suspicor
659 1591 691 1625 B
707 1590 777 1626 (51)
790 1591 823 1625 E
837 1591 870 1625 G
883 1589 927 1626 A
938 1588 990 1625 M
1003 1587 1036 1625 O
1048 1587 1083 1624 P
1097 1587 1211 1625 iP'Ab
1223 1601 1242 1623 r
1266 1590 1393 1634 uiginti
1417 1599 1495 1623 επ.

197 1639 285 1673 449.
322 1639 380 1673 ubi
406 1637 583 1674 sidereum
610 1637 663 1675 A.
709 1640 897 1675 uariabant
926 1641 960 1675 A
972 1641 1037 1677 Go
1049 1639 1067 1675 b
1080 1651 1151 1676 ma.
1164 1650 1218 1687 ρν.
1231 1651 1267 1674 m
1288 1640 1452 1686 quinque.
1499 1648 1596 1673 caer.

147 1689 336 1724 uallabunt
362 1691 452 1724 Ζ22
466 1692 512 1723 23
526 1690 633 1724 2425
650 1694 732 1725 tres.
784 1689 968 1725 uallabant
994 1702 1086 1726 nese.
1116 1691 1206 1737 qui-3.
1318 1689 1406 1724 450.
1442 1688 1597 1736 Suscipe

145 1750 165 1776 r
184 1750 331 1787 mmm.
435 1740 522 1775 451.
550 1739 689 1774 Dicitur
717 1739 772 1774 hic
800 1741 915 1776 Bt'm
935 1745 1019 1776 tres.
1069 1740 1124 1775 hie
1150 1751 1254 1775 caesa
1282 1751 1383 1786 grau.
1416 1736 1459 1775 Ψ
1477 1740 1595 1774 1041.

146 1789 319 1825 Creditur
345 1790 556 1838 anguicome
582 1801 686 1837 grau.
712 1789 743 1835 f.
849 1793 936 1827 452.
965 1791 1122 1839 repet-sis
1141 1792 1186 1826 E.
1227 1802 1323 1838 resp.
1352 1789 1516 1825 exiluisse
1543 1786 1594 1825 Ψ.

145 1840 270 1889 prosil.
297 1840 387 1888 iugis
415 1842 628 1876 Fuar.scr.
687 1853 785 1889 pros.
814 1841 922 1876 labris
949 1843 1012 1877 29.
1062 1841 1184 1890 prosil.
1210 1841 1319 1876 comis
1350 1838 1430 1876 libri
1454 1844 1597 1888 praeter

146 1892 227 1926 DZ
244 1889 263 1926 b
279 1902 315 1926 m
329 1902 350 1926 ν
365 1893 410 1926 13
432 1891 477 1925 15
495 1894 543 1926 22
561 1894 632 1937 333
658 1893 709 1927 M
723 1903 805 1928 mir.
822 1903 908 1938 scr„
936 1903 1024 1940 qnos
1048 1903 1191 1939 sequor.
1308 1891 1394 1926 453.
1430 1890 1596 1939 Huicque

145 1952 259 1989 supra
282 1939 345 1978 A.
386 1941 479 1976 Huic
505 1943 630 1977 subter
655 1953 679 1989 9
696 1954 836 1990 ηια.ρν.
876 1949 913 1978 et
941 1942 1034 1977 ultra
1060 1942 1127 1977 sid.
1155 1939 1206 1978 Ψ.
1245 1941 1371 1987 subter)
1397 1941 1520 1977 nubila
1546 1942 1594 1978 E.

146 1991 278 2040 sydera
293 1994 344 2027 D.
448 1992 534 2027 454,
565 2004 631 2040 pro
660 2003 779 2039 penna
806 2005 873 2041 pro
892 1992 988 2041 pede
1005 1999 1103 2028 terra
1120 1995 1156 2028 D
1172 2003 1312 2039 menpr.
1354 1991 1463 2040 pinna
1483 1991 1593 2027 1143.

196 2043 283 2078 455.
316 2041 420 2077 frena
448 2048 595 2090 ceperat
620 2039 668 2078 Γ.
713 2042 816 2078 frena
843 2049 1035 2091 acceperat
1067 2040 1110 2079 Ψ
1122 2045 1172 2078 44
1197 2042 1306 2078 alins.
1410 2042 1497 2078 456.
1526 2040 1594 2077 Cui

144 2093 216 2128 leu.
247 2093 277 2129 G
290 2104 374 2129 τιατ.
391 2103 462 2129 scr.
509 2092 658 2128 adonias
684 2090 724 2128 Γ
738 2105 811 2129 nm.
830 2105 887 2141 ρν.
938 2106 1022 2141 ung.
1050 2093 1143 2128 fudit
1170 2092 1229 2129 Zb
1245 2105 1318 2128 ina.
1335 2104 1391 2142 ρν.
1411 2092 1593 2128 ηιν1220

143 2147 188 2179 21
212 2148 299 2187 tres3
331 2143 457 2180 Guar.
476 2154 547 2179 scr.
590 2156 673 2191 ung.
693 2143 778 2179 fecit
795 2141 830 2179 E
845 2142 922 2189 ΨΪ.
964 2156 1048 2192 ung.
1071 2144 1162 2179 fouit
1182 2155 1286 2180 unus.
1390 2143 1478 2178 457.
1503 2140 1590 2176 cael.

143 2195 205 2242 qui
233 2206 342 2242 penn.
372 2200 455 2229 ante
482 2194 630 2242 patebat
656 2206 687 2230 s.
730 2195 846 2242 pinnis
872 2195 919 2230 A.
960 2196 1109 2243 peteli..
1141 2196 1187 2231 G.
1291 2195 1379 2230 458.
1405 2193 1454 2228 Et
1475 2190 1590 2226 nitidis

142 2243 507 2292 Ama.pr.ETf20
523 2246 685 2292 quinque.
731 2246 824 2280 stell.
852 2257 987 2294 sexque
1007 2244 1042 2282 d.
1062 2258 1097 2294 q.
1118 2246 1251 2280 micant
1276 2244 1313 2281 h.
1414 2243 1500 2278 459.
1527 2253 1589 2276 ue-

143 2296 264 2330 niente
283 2296 329 2330 G.
371 2295 529 2330 uenienti
549 2307 618 2331 om.
639 2294 742 2331 bina.
760 2308 815 2343 ρν.
858 2308 940 2331 nen.
961 2303 1066 2331 nacte
1084 2298 1268 2343 Emeupr.
1371 2294 1457 2330 460.
1486 2291 1590 2326 Gno-

142 2346 230 2380 sizun
259 2348 304 2381 B.
354 2345 515 2381 Gnoscia
542 2357 578 2381 m
597 2357 669 2381 ma.
688 2358 744 2393 pr.
793 2346 974 2382 Gnossida
1002 2344 1123 2381 ullus?
1168 2354 1221 2382 est
1250 2344 1320 2381 abi.
1348 2340 1395 2379 Γ.
1499 2342 1586 2376 461.

142 2395 237 2430 Nam
258 2396 319 2432 A.
361 2396 453 2431 bene
480 2409 546 2445 pro
572 2398 651 2432 iuro
678 2398 879 2433 Cum-‚scin
926 2398 1088 2432 mutabat
1113 2409 1161 2433 m.
1203 2394 1354 2431 mutauit
1380 2392 1464 2427 1120
1481 2394 1588 2439 φήη-

91 2487 96 2491 ,
143 2457 219 2494 que.
262 2454 397 2481 mutata
424 2444 554 2483 Ama.
577 2459 634 2494 pr.
681 2453 819 2482 mutato
849 2446 977 2483 Ama.
995 2459 1063 2483 sec.
1103 2447 1255 2492 coniuge
1282 2443 1523 2480 oblitteratum
1550 2444 1588 2478 in

147 2498 193 2532 G.
247 2496 398 2531 bachum
426 2499 505 2537 mei,
544 2497 666 2534 Gloss.
690 2500 746 2532 D.-
775 2499 955 2546 51)all÷ige.
1069 2499 1155 2533 462.
1188 2497 1247 2531 tila
1284 2493 1448 2540 neganda
1481 2504 1588 2528 ωιυε.

143 2547 203 2583 fila
221 2546 381 2595 regenda
405 2550 533 2583 caeteri
551 2552 694 2595 praeter
717 2550 749 2583 Β
760 2547 951 2585 mema.
963 2560 1018 2597 pr.
1035 2552 1079 2583 13
1095 2549 1194 2582 1733
1215 2547 1378 2593 quinque,
1406 2555 1494 2591 qnos
1513 2555 1587 2591 seq.

193 2598 279 2632 463.
308 2596 401 2631 tlrori
420 2599 500 2632 mci.
540 2599 651 2634 Sorte
678 2598 743 2633 uiri
762 2610 968 2645 ymnuscr.
1007 2598 1075 2633 tori
1098 2596 1183 2632 dixit
1202 2606 1390 2641 minwpr.
1427 2592 1588 2641 gaudens

140 2659 248 2697 quem
275 2647 358 2684 sseb.
389 2643 441 2683 (D.
480 2647 587 2695 gaud.
617 2660 681 2684 cur
705 2649 789 2686 sseb.
822 2646 869 2685 Ο.
913 2647 998 2697 quid
1025 2647 1088 2684 fles
1114 2646 1159 2683 ah
1186 2653 1275 2682 rust.
1302 2657 1321 2682 s
1338 2653 1585 2681 vita.sec.seoe.
