1685 2954
609 108 950 140 L113.813x'rvs
1267 136 1273 139 s
1419 97 1498 140 301

115 214 191 264 Ite,
220 210 339 251 deam
368 210 466 250 laeti
493 208 660 249 Fortem
690 210 909 261 celebrate,
942 208 1140 259 Quirites:

169 280 214 319 In
244 278 406 318 Tiberis
432 277 517 329 ripa
545 289 714 316 munera
741 276 854 331 regis
881 276 1017 316 habet.

114 348 218 387 Pars
248 345 368 400 pede,
394 356 489 396 pars
518 345 642 384 etiam
671 345 794 384 celeri
823 343 1023 384 decurrite
1051 344 1213 397 cymba,

171 414 265 454 Nec
295 412 447 466 pudeat
474 415 597 463 potos
625 410 720 450 inde
749 412 878 451 redire
907 411 1080 451 domum.
1420 416 1498 450 770

112 482 239 521 Ferte
268 484 487 520 coronatae
515 478 706 518 iuuenum
735 478 923 519 conuiuia
952 479 1104 530 lintres,

169 547 382 599 Multaque
409 558 483 598 per
510 543 668 585 medias
696 544 791 585 uina
819 546 1006 586 bibantur
1032 557 1175 599 aquas.

111 613 238 653 Plebs
265 610 363 653 colit
389 613 499 652 hanc
524 612 619 664 quia
647 610 716 664 qui
743 613 892 664 posuit,
921 613 972 653 de
1000 614 1120 666 plebe
1149 613 1277 654 fuisse

169 681 316 720 Fertur
347 686 391 720 et
420 693 474 719 ex
502 679 642 720 humili
670 688 836 732 sceptra
861 680 1008 720 tulisse
1035 681 1140 720 loco.

114 748 321 789 Conuenit
351 753 393 787 et
421 747 566 799 seruis,
597 733 718 787 serua
749 749 843 800 quia
873 748 1030 787 'l'ullius
1059 755 1171 804 ortus
1420 752 1497 788 775

171 815 398 856 Constituit
425 814 573 855 dubiae
601 815 754 867 templa
780 815 1005 868 propinqua
1032 814 1150 855 deae.

113 884 229 925 Ecce
259 882 490 922 suburbana
519 881 682 922 rediens
711 883 818 922 male
847 883 1008 923 sobrius
1035 883 1140 924 aede

168 949 235 990 Ad
263 951 408 990 stellas
437 950 583 1003 aliquis
610 950 707 990 talia
734 951 861 990 uerba
888 951 1004 991 iacit:

115 1019 234 1060 Zona
261 1018 363 1058 latet
392 1024 462 1058 tua
490 1030 610 1068 nunc,
641 1024 685 1058 et
713 1030 806 1058 cras
834 1018 1010 1059 fortasse
1035 1018 1190 1071 latebit,

170 1085 330 1125 Dehine
358 1084 447 1138 erit,
476 1084 612 1136 Orion,
641 1084 879 1137 aspicienda
908 1087 1015 1126 mihi.
1423 1092 1502 1127 780

114 1154 172 1192 At
200 1153 237 1193 si
264 1165 345 1193 non
374 1159 492 1193 esset
518 1159 662 1206 potus,
692 1152 867 1194 dixisset
896 1153 1041 1194 eadem

168 1220 398 1261 Venturum
425 1227 589 1273 tempus
617 1221 836 1260 solstitiale
863 1219 941 1260 die.

116 1354 306 1396 Lucifero
335 1353 539 1394 subeunte
568 1354 700 1394 Lares
729 1354 896 1394 delubra
921 1353 1100 1393 tulerunt

168 1423 263 1474 Hic,
291 1421 360 1462 ubi
388 1421 436 1462 fit
463 1421 586 1463 docta
614 1422 742 1462 multa
770 1433 921 1462 corona
949 1432 1082 1460 manu.

62 1566 140 1604 que.
243 1555 330 1591 763.
359 1554 473 1591 tacitis
499 1564 635 1590 senesc.
658 1552 709 1592 Φ.
811 1555 898 1592 764.
926 1553 1115 1602 Effugiuut
1135 1554 1277 1589 DGN.
1321 1566 1392 1590 non
1420 1557 1504 1591 reti-

62 1611 173 1641 nente
195 1607 238 1641 N
255 1604 339 1642 duo.
374 1617 446 1640 non
473 1611 670 1641 reuocante
696 1610 780 1642 tres.
883 1606 969 1641 765.
997 1604 1047 1640 Et
1072 1605 1141 1639 cito
1163 1602 1215 1640 Φ.
1317 1607 1404 1641 766.
1432 1605 1504 1641 Per

62 1662 156 1704 sept.
177 1654 236 1691 Pb
247 1667 282 1704 p.
323 1667 437 1690 mens.
458 1654 561 1690 iulius
579 1667 610 1691 s.
650 1657 724 1691 iun.
748 1662 874 1691 auctus
897 1655 1097 1704 brmafflr.
1201 1656 1287 1694 767.
1314 1655 1402 1692 laeti
1426 1655 1503 1692 for-

63 1712 117 1742 tes
145 1707 272 1742 DGP
295 1707 462 1754 quinque.
562 1706 650 1741 768.
677 1706 717 1742 In
744 1706 892 1753 tybridis
919 1717 950 1742 r.
993 1706 1074 1754 ripa
1100 1705 1246 1741 numina
1270 1718 1389 1754 puer.
1406 1718 1476 1742 scr.

112 1757 199 1792 769.
227 1755 323 1806 pede
349 1767 434 1804 pars
460 1755 567 1790 etiam
594 1757 633 1791 in
651 1768 727 1792 ras.
749 1768 797 1791 m.
840 1756 906 1792 cel.
933 1756 1120 1792 discurrite
1145 1760 1231 1792 tres.
1266 1756 1345 1792 dec.
1373 1757 1452 1805 ripa
1471 1759 1506 1794 E

62 1818 202 1855 ma.pr.
245 1807 361 1854 eimba
380 1807 470 1841 DG.
573 1806 660 1841 770.
687 1806 746 1841 Ne
766 1803 926 1853 pud.A.
1030 1808 1118 1843 771.
1146 1807 1305 1842 coronati
1323 1819 1359 1854 p.
1396 1820 1503 1844 conu.

62 1857 177 1893 lentes
204 1852 307 1893 brim.
319 1868 375 1906 pr.
421 1856 555 1903 lyntres
582 1867 612 1892 e.
716 1859 804 1893 772.
832 1857 913 1892 uina
941 1857 1109 1892 labantur
1126 1854 1224 1892 ΒΦ.
1268 1857 1438 1893 bibuntur
1458 1860 1503 1894 P.

64 1907 234 1943 bibentur
252 1910 296 1944 Τ.
398 1909 486 1944 773.
513 1906 609 1942 colat
626 1908 863 1943 Mma.sec.s
877 1918 954 1943 sex.
992 1908 1076 1955 quia
1097 1918 1191 1956 quae
1214 1909 1258 1943 Τ.
1298 1909 1381 1956 quia
1404 1907 1504 1957 quod

62 1969 95 1994 s.
137 1958 198 2006 qui
228 1957 337 1994 coluit
363 1954 872 1994 Ema.sec.FHma.sec.s.
974 1960 1062 1995 774.
1099 1970 1143 1992 ex
1167 1957 1262 1993 facili
1289 1956 1321 1994 b.
1370 1971 1419 1994 sc.
1449 1965 1503 1995 te-

62 2019 152 2044 nere
176 2010 243 2044 P3
261 2012 346 2045 tres.
386 2020 436 2044 sc.
463 2007 574 2044 fuisse
600 2005 640 2043 Φ
661 2007 769 2044 alitis.
871 2010 959 2044 776.
987 2007 1156 2044 Costituit
1174 2011 1219 2044 E.
1321 2011 1409 2046 777.
1436 2009 1505 2045 sub

63 2058 203 2094 urbana
232 2060 278 2095 G.
318 2059 526 2094 suburbane
554 2059 702 2094 ueniens
728 2058 823 2094 male
848 2054 896 2095 Σ.
934 2059 1082 2095 suburb.
1111 2058 1270 2094 residens
1299 2060 1392 2095 male
1412 2056 1508 2096 ΛΡ

63 2107 122 2144 b3
149 2112 241 2154 tres,·
266 2120 465 2155 vuanscr.
568 2111 657 2146 778.
693 2108 831 2158 aliquas
858 2121 888 2145 e.
929 2109 975 2145 al.
1004 2110 1102 2146 ebria
1130 2121 1235 2146 uitus.
1279 2111 1390 2145 uerba
1417 2110 1505 2147 facit

62 2163 216 2203 rsvres5
248 2155 467 2196 'Pam-scr.
508 2159 619 2195 uerba
645 2158 746 2195 dabit
777 2157 994 2197 manuscr.
1097 2161 1185 2197 779.
1212 2160 1319 2195 Dona
1345 2162 1400 2206 (in
1427 2160 1503 2197 alio

63 2210 205 2246 Heinsii
221 2209 401 2246 uolumine
423 2209 548 2258 Dapa)
581 2210 784 2248 Cuar.scr.
885 2212 973 2247 780.
999 2210 1142 2246 Deinde
1169 2211 1237 2246 erit
1261 2222 1368 2247 unus.
1407 2211 1503 2248 Deb.

64 2260 166 2296 orion
192 2260 261 2296 erit
280 2257 384 2295 ΠΤ.
411 2272 478 2304 sor.
507 2260 760 2309 conspicienda
791 2257 1017 2309 'P'quinqum
1042 2272 1244 2310 puar.scr.
1284 2261 1392 2305 michi
1412 2264 1504 2300 DE.
1559 2272 1564 2275 ’

113 2311 202 2346 781.
230 2309 280 2346 Et
305 2310 333 2346 si
359 2322 395 2359 9.
440 2317 535 2346 esset
561 2310 685 2359 pulsus
714 2303 1505 2360 BGDEFGOEAMPPASbfymrs

65 2361 174 2396 t344
195 2360 448 2409 septendecinu
474 2362 514 2396 N
528 2372 610 2397 aar.
630 2373 700 2397 scr.
747 2368 842 2397 esset
869 2363 999 2398 stultus
1025 2364 1068 2398 N
1075 2364 1098 2398 8
1110 2365 1159 2398 30
1176 2366 1265 2408 tre33
1294 2359 1502 2400 ‹DPaumu

64 2421 136 2446 scr.
175 2410 281 2456 Quod
297 2413 411 2460 recepi
431 2413 466 2448 E
475 2412 534 2447 Gt
547 2423 630 2448 uoer.
643 2423 713 2448 scr.
755 2411 883 2448 eodem
902 2411 966 2457 be;
991 2424 1187 2462 puar.scr.
1288 2415 1376 2450 782.
1405 2413 1507 2449 Ven-

66 2465 194 2503 turum,
211 2463 250 2498 in
267 2473 345 2499 ras.
359 2474 407 2498 m.
449 2461 557 2498 Vent.
586 2462 687 2498 nobis
714 2474 746 2499 s.
790 2463 980 2499 solsticiale
1000 2464 1138 2500 DEG.
1179 2463 1371 2500 solstitiose
1396 2462 1502 2500 bma.

66 2520 123 2558 pr.
223 2514 311 2549 783.
345 2510 463 2548 Lucis.
494 2512 659 2549 ueniente
685 2511 717 2549 b.
771 2513 950 2550 subeunte
975 2513 1033 2550 die
1058 2513 1129 2557 del.
1158 2526 1190 2550 s.
1299 2515 1388 2551 784.
1424 2514 1505 2549 Hoc

72 2559 193 2619 Guar.
209 2573 280 2599 scr.
331 2562 410 2600 Hec
434 2561 468 2600 b.
512 2563 572 2599 ubi
597 2563 643 2600 sit
667 2562 698 2610 f.
749 2563 863 2601 multa
887 2565 925 2601 in
950 2576 1027 2602 ras.
1052 2575 1088 2612 9.
1139 2564 1259 2603 Gloss.
1276 2566 1330 2602 E:
1357 2563 1438 2613 Hic]
1463 2564 1502 2600 in

67 2621 202 2648 cannis.
