1685 2954
670 36 863 63 TABx‘LAE
896 36 1016 62 MAFF.
1472 33 1578 61 xxm

20 130 21 140 ¹
76 141 81 146 ‘
131 138 311 176 mensium
328 136 418 181 dies,
444 133 673 172 mendacium
699 140 756 171 est
776 133 908 182 Pyrrhi
930 134 1084 183 Ligorii‚
1110 131 1263 183 spectati
1288 131 1324 167 in
1350 131 1422 168 hoc
1447 142 1583 180 genere
1612 161 1614 164 .

130 199 343 236 nebulonis:
370 197 400 234 si
422 195 518 232 sorte
543 196 726 245 pertineat
752 195 798 232 ad
826 195 972 231 titulum
998 195 1099 232 fastis
1123 193 1408 244 superpositum,
1435 192 1482 229 de
1507 205 1581 243 quo

129 273 241 310 supra
263 259 430 304 diximus,
454 256 567 293 nihilo
587 258 799 294 clementius
822 256 868 293 de
885 256 1035 304 Ligorio
1053 255 1319 306 suspicabimur
1339 260 1377 292 et
1393 253 1581 304 aliquanto

129 323 234 372 peius
259 320 306 357 de
329 324 479 355 auctore
505 318 696 355 Vaticano.
751 318 819 353 Hic
845 316 954 354 homo
981 318 1011 354 si
1038 317 1204 354 fraudem
1231 329 1303 354 non
1330 315 1486 359 admisit,
1512 325 1580 352 nec

129 381 335 433 ignorauit,
359 379 406 417 de
431 392 504 430 qua
530 392 571 417 re
597 380 832 430 loqueretur,
861 384 960 415 certe
985 380 1207 429 perobscure
1233 384 1270 415 et
1298 379 1452 415 barbare
1478 377 1579 414 locu-

128 451 187 481 tus
211 447 277 486 est,
304 447 342 478 et
367 441 465 491 quod
492 442 639 478 lacunas
667 443 858 478 restituere
885 453 994 477 ausus
1021 448 1090 488 est,
1117 447 1256 477 temere
1280 439 1380 477 fecit.
1426 440 1529 484 Quas
1547 439 1579 475 si

127 511 247 541 tamen
268 503 410 553 pictura
435 503 619 551 indicauit,
647 504 806 540 omnium
829 502 1130 552 negligentissime
1148 501 1344 550 Fogginius
1368 501 1453 550 egit,
1480 499 1579 550 apud

125 577 234 616 quem
261 565 391 601 mensis
413 565 541 614 Aprilis
569 571 723 614 tantum,
751 565 851 612 Maii,
878 565 1097 602 Nouembris
1123 561 1271 610 singulis
1293 567 1329 597 et
1349 561 1486 611 aliquot
1503 561 1579 598 De·

124 626 276 663 cembris
303 626 430 663 diebus
465 627 602 676 aliquot
636 627 777 663 litterae
804 625 960 674 desunt,
997 625 1203 676 turpissima
1233 634 1403 672 quaeque
1429 623 1577 672 supple-

123 694 246 725 menta
273 700 341 738 pro
368 688 525 737 genuina
561 689 740 738 scriptura
775 688 980 726 traduntur.
1040 689 1118 724 Fac
1155 685 1262 735 igitur
1287 683 1402 732 Pighii
1427 683 1578 720 schedas

122 762 197 787 non
232 749 380 787 adesse:
420 749 778 800 deprehenderemus
817 751 863 787 ab
903 751 980 787 aliis
1019 749 1198 800 quaedam
1238 746 1378 792 notari,
1417 745 1462 780 ab
1501 745 1578 781 aliis

122 811 261 849 omitti:
287 812 572 849 existimaremus
600 814 661 862 qui
687 813 793 863 plura
823 811 972 859 hahent,
1004 823 1047 847 ex
1075 808 1289 860 apographo
1316 819 1360 844 ea
1385 806 1579 855 sumpsisse

122 874 342 920 uetustiore,
377 873 476 910 facto
503 886 583 910 cum
619 874 710 923 lapis
736 874 877 922 integer
912 878 1028 918 esset,
1066 870 1165 921 quod
1191 872 1269 907 sine
1296 868 1433 906 fraudis
1459 868 1578 917 suspi-

123 936 227 972 cione
252 935 288 971 in
316 935 528 984 fragmentis
555 935 784 971 Amiterninis
811 934 964 981 accidit,
1003 932 1076 970 uid.
1103 932 1261 982 Foggin.
1288 945 1325 982 p.
1344 934 1428 968 100.
1480 930 1579 967 Ecce

123 1008 212 1034 uero
246 998 405 1045 exsurgit
440 997 541 1033 testis
576 997 842 1046 antiquissimus
869 995 1058 1032 Vinandus
1085 994 1256 1044 Pighius,
1293 1000 1378 1031 ante
1415 1004 1522 1043 quem
1556 1003 1578 1029 a

121 1071 307 1109 quoquam
333 1059 450 1107 ipsum
479 1057 636 1107 lapidem
673 1058 869 1094 litteratum
897 1058 1100 1107 inspectum
1137 1069 1216 1093 esse
1251 1057 1397 1093 minime
1423 1060 1576 1092 constat.

119 1121 153 1158 ls
172 1119 259 1170 quid
279 1119 449 1166 extiterit,
477 1119 562 1168 quid
582 1118 788 1156 diffractum
809 1120 969 1168 perierit,
998 1131 1070 1155 non
1098 1118 1230 1165 obiter,
1258 1119 1359 1155 uelut
1382 1117 1442 1154 ille
1468 1116 1577 1153 homo

118 1182 331 1229 Vaticanus,
355 1180 420 1217 sed
447 1181 494 1217 ad
517 1182 613 1231 ipsos
641 1181 762 1230 apices
790 1188 826 1218 et
853 1182 1053 1218 litterarum
1080 1181 1278 1230 particulas
1304 1184 1576 1226 commonstrat,

117 1243 265 1280 lacunas
292 1242 447 1292 posthac
478 1255 500 1280 a
524 1243 641 1280 sciolis
676 1242 917 1280 dissimulatas
953 1243 1055 1280 nouit
1089 1249 1126 1279 et
1162 1241 1249 1292 quid
1285 1242 1484 1292 repositum
1515 1240 1574 1287 sit,

119 1317 191 1342 non
217 1305 328 1341 semel
355 1304 488 1342 indicat
513 1305 550 1341 in
577 1306 861 1353 commentario,
889 1318 997 1355 quem
1024 1304 1200 1341 adiunxit.
1253 1305 1357 1342 Haec
1383 1314 1479 1340 nunc
1503 1302 1575 1340 sin·

117 1365 265 1417 gillatim
291 1367 625 1416 pertractabuntur.

217 1427 404 1465 Kalendas
430 1440 492 1464 sex
518 1429 711 1476 mensium,
738 1441 833 1478 quae
860 1442 932 1466 non
959 1436 1171 1480 supersunt,
1198 1428 1254 1465 isti
1281 1427 1443 1464 homines
1469 1433 1574 1465 nota-

116 1496 251 1527 uerunt
275 1489 446 1535 nefastas,
475 1503 546 1527 non
574 1497 696 1527 tamen
724 1497 933 1528 constanter
960 1504 1106 1528 omnes:
1132 1491 1219 1527 Kal.
1248 1491 1336 1539 Apr.
1363 1489 1451 1527 Mai.
1479 1492 1572 1539 Aug.

118 1551 254 1599 Aldus,
290 1551 520 1598 Morcellius,
559 1552 763 1601 Gruterus3
802 1553 890 1592 Kal.
925 1554 1031 1604 Sept.
1068 1560 1106 1590 et
1138 1553 1228 1590 Dec.
1266 1563 1391 1589 omnes
1425 1558 1575 1602 praeter

116 1613 339 1662 Graeuium3
377 1613 464 1650 Kal.
492 1614 674 1652 Nouemb.
704 1627 842 1652 omnes.
899 1616 979 1651 Hoc
1014 1615 1098 1652 ideo
1132 1615 1270 1651 libitum
1298 1626 1377 1651 esse
1412 1612 1572 1661 uidetur,

117 1675 203 1725 quia
230 1674 450 1724 pleraeque,
488 1687 583 1724 quae
610 1684 736 1713 extant
769 1678 804 1713 in
830 1689 1010 1713 marmore
1036 1675 1157 1724 Maffi,
1192 1675 1385 1712 Kalendae
1411 1673 1574 1712 nefastae

115 1742 213 1774 sunt.
265 1734 403 1773 Videor
429 1735 513 1772 mihi
539 1737 740 1787 intelligere
767 1738 876 1787 longe
903 1740 1009 1776 aliter
1033 1738 1128 1775 hauc
1154 1749 1230 1774 rem
1258 1737 1419 1774 suturam
1445 1736 1572 1785 fuisse,

114 1799 144 1837 si
170 1798 390 1847 reliquorum
416 1796 594 1834 fastorum
616 1811 712 1849 quae
733 1799 840 1835 hodie
858 1799 1032 1835 habemus
1058 1799 1278 1847 fragmenta,
1306 1810 1474 1849 quaeque
1493 1797 1572 1836 Ka-

115 1859 244 1898 lendas
280 1860 487 1906 continent,
527 1871 597 1895 non
633 1859 780 1895 inuenta
816 1860 961 1896 demum
997 1859 1148 1896 fuissent
1183 1860 1330 1896 saeculo
1366 1859 1507 1897 decimo
1535 1866 1572 1897 et

114 1927 270 1968 octauo,
302 1919 539 1958 Praenestina
577 1922 696 1965 1774,
735 1922 958 1958 Amiternina
998 1924 1122 1967 1703,
1161 1921 1342 1958 Antiatina
1372 1923 1493 1958 1713:
1524 1921 1570 1969 si,

113 1995 209 2034 quae
237 1987 325 2019 nota
350 1981 521 2030 fuerunt,
559 1982 765 2037 fragmenta
793 1984 1080 2033 Capranicorum
1114 1982 1198 2031 ipsis
1224 1982 1401 2019 Kalendis
1429 1983 1572 2033 integra

112 2051 258 2092 essent,
295 2056 362 2081 nec
395 2045 511 2093 ipsam
547 2052 670 2081 notam
699 2046 874 2082 eiusmodi
910 2046 1139 2082 omitterent:
1176 2045 1205 2080 si
1241 2044 1278 2080 in
1304 2044 1491 2081 Venusino
1519 2045 1571 2081 uti

111 2107 315 2159 potuissent
343 2105 533 2143 Muratorii
569 2107 810 2154 auctoritate,
850 2107 913 2155 qui
944 2107 1030 2143 Kal.
1057 2106 1143 2142 Mai.
1172 2106 1284 2142 sastas
1320 2105 1452 2154 tradit,
1487 2118 1570 2144 cum

111 2167 320 2207 Mazochius
355 2174 393 2204 et
430 2175 516 2205 ante
551 2180 634 2204 eum
670 2169 732 2217 qui
768 2169 976 2218 fragmenta
1004 2168 1188 2204 Venusina
1216 2168 1438 2218 publicauit,
1470 2167 1569 2217 quod

111 2232 276 2282 ignotum
303 2241 382 2266 esse
409 2241 506 2276 reor,
534 2230 645 2266 Aldus
673 2237 772 2267 tomo
797 2231 841 2267 lll
870 2229 992 2267 Ouidii
1019 2231 1113 2265 1516
1139 2231 1267 2267 iterum
1295 2242 1317 2267 a
1342 2242 1384 2266 se
1407 2229 1492 2266 editi
1517 2230 1569 2267 ita

110 2292 290 2330 habeant:
318 2291 409 2329 ΑΚ.
435 2293 534 2330 Mai.
561 2291 635 2329 lud.
666 2291 735 2330 lar.
761 2292 792 2340 f.
839 2292 942 2338 Non,
967 2292 1127 2340 inquam,
1154 2279 1302 2327 dubium
1330 2298 1399 2338 est,
1425 2291 1511 2341 quin
1536 2292 1566 2327 si

110 2354 390 2404 interpolatores
415 2354 465 2390 illi
498 2352 606 2391 saecs
622 2354 720 2392 XVl.
750 2353 1074 2405 deprehendissent
1108 2354 1142 2389 in
1179 2354 1324 2403 reliquis
1355 2352 1457 2389 fastis
1483 2352 1567 2389 Ka-

110 2416 238 2453 lendas
258 2427 336 2462 eas,
353 2427 448 2464 quae
471 2415 603 2451 absunt
623 2427 645 2452 a
664 2415 869 2460 MaHeanis,
887 2415 1019 2464 signari
1039 2414 1245 2464 plerasque,
1271 2414 1342 2451 hoc
1363 2421 1419 2451 est
1441 2426 1566 2451 omnes

112 2484 260 2527 praeter
287 2479 378 2526 Aug,
405 2482 443 2513 et
468 2477 580 2523 Dec„
604 2476 737 2526 sastas,
764 2478 800 2514 id
827 2477 963 2514 suerint
988 2477 1174 2513 imitaturi.
1226 2476 1357 2525 Neque
1384 2478 1479 2514 enim
1506 2487 1564 2511 ra-

114 2538 247 2576 tionem
274 2544 419 2586 secutos
446 2539 598 2589 puto=in
625 2551 689 2583 eo,
722 2539 820 2589 qnod
849 2539 920 2589 ipsi
943 2539 1129 2586 fecerunt,
1157 2550 1276 2588 neque
1303 2539 1401 2575 istius
1430 2539 1480 2575 rei
1505 2550 1564 2574 ra-

114 2600 250 2638 tionem
276 2607 507 2638 assecuturos
532 2600 656 2638 fuisse.
710 2600 857 2638 Scilicet
889 2600 919 2638 si
953 2611 1066 2650 supra
1093 2599 1146 2638 ‘de
1181 2600 1307 2638 diebus
1333 2600 1474 2638 senatui
1500 2599 1564 2636 ha-
