1685 2954
127 82 268 114 xxxlv
492 67 500 72 ’
677 121 681 128 ⁴
703 79 800 109 mes
828 74 1005 110 ueras-rt

125 188 203 221 stus
235 181 389 218 intactos
423 187 462 218 et
496 179 617 217 littera
644 177 682 216 N
708 180 867 229 signatos
901 180 1069 230 reliquit,
1102 179 1333 232 quorundam
1367 181 1576 233 religionem

125 243 316 291 imminuit,
341 240 517 291 quosdam
544 241 747 291 abrogauit.
796 242 890 280 Cum
917 247 1049 291 reputo
1074 253 1139 280 eos
1164 243 1350 293 religiosos
1368 243 1460 292 dies,
1484 257 1578 296 quos

126 305 296 354 indicaui,
321 314 440 353 neque
466 314 538 338 uno
563 302 659 352 loco,
685 315 807 353 neque
831 315 958 340 omnes
983 314 1005 340 a
1032 304 1143 342 Festo
1162 305 1451 352 commemorari,
1478 307 1578 345 uenit

126 368 163 405 in
188 373 362 412 mentem,
388 365 558 414 quoniam
585 377 664 413 eoS,
690 367 752 416 qui
779 366 814 402 in
841 364 967 402 tabula
993 370 1117 403 nostra
1142 373 1267 405 extant
1293 367 1329 403 N
1357 367 1484 415 notati,
1509 379 1579 404 ex-

125 428 292 479 piationis
317 433 355 464 et
380 426 600 464 lustrationis
626 428 784 477 aliquam
812 426 1043 463 cerimoniam
1069 440 1236 465 seruasse
1262 435 1419 476 constat,
1447 440 1578 466 accen-

125 488 259 527 sendos
293 488 334 526 iis
367 487 523 526 sortasse
558 489 666 526 etiam
693 488 770 525 dies
804 495 1001 537 utrumque
1028 489 1065 524 T
1068 490 1292 527 ubilustrium
1319 489 1578 528 antecedentes

124 558 162 588 et
183 550 289 599 duos,
316 549 378 600 qui
396 556 482 587 sunt
504 556 590 587 ante
609 557 647 587 et
665 557 750 600 post
768 548 927 587 Parilia:
955 555 1127 600 utrasque
1145 552 1240 588 enim
1267 551 1376 588 serias
1402 550 1578 589 lustrandi

125 615 232 650 ritum
259 611 427 649 habuisse
453 616 605 648 constat.
660 611 741 647 Hoc
766 611 796 648 si
820 611 872 648 ita
896 612 966 660 sit,
1000 624 1092 649 unus
1116 607 1271 650 fortasse
1296 612 1374 650 dies
1402 620 1482 662 est,
1516 613 1579 664 qui

124 674 310 724 negotium
332 672 455 710 facere
476 672 604 723 possit,
631 671 682 707 IX
700 671 762 708 ΚΡ
783 677 896 722 Aug.;
924 685 998 722 quo
1024 672 1084 709 die
1108 672 1321 711 crediderim
1347 681 1410 711 aut
1435 676 1578 724 apicem

124 737 161 773 in
187 747 370 773 marmore
397 734 602 782 euanuisse,
631 739 695 769 aut
721 733 829 770 etiam
855 734 891 770 in
918 733 1012 771 ludis
1031 734 1184 771 Veneris
1201 735 1405 772 Genetricis
1426 742 1464 772 et
1483 735 1580 772 Cae-

124 799 214 835 saris
238 804 405 834 senatum
428 796 464 833 in
488 795 669 845 Capitolio
696 795 895 845 epulatum.
933 796 1006 840 Qui
1034 802 1171 833 restant
1195 797 1230 832 in
1253 796 1379 834 tabula
1394 795 1580 834 Mafleana

124 859 162 896 N
186 858 336 909 signati,
362 864 447 894 sunt
472 857 622 908 proprie
649 855 802 905 nefasti,
829 858 959 907 quibus
985 858 1064 894 iura
1092 856 1194 894 reddi
1219 869 1293 894 non
1319 864 1490 908 poterant
1514 864 1581 896 aut

124 922 210 972 quia
227 920 386 971 populus
412 919 448 955 in
469 931 583 969 opere
604 919 751 955 rustico.
766 917 906 956 ludisne
927 924 1022 956 esset
1041 925 1252 968 occupatus,
1278 926 1342 956 aut
1361 921 1447 970 quia
1471 931 1579 970 prae-

124 983 193 1020 tori
221 988 258 1019 et
285 980 459 1017 iudicibus
487 979 585 1016 aliud
610 979 792 1029 agendum
820 987 921 1027 erat,
959 992 1041 1017 cum
1076 980 1168 1017 ludis
1195 980 1408 1031 quibusdam
1433 987 1583 1019 senatus

124 1047 161 1082 in
188 1043 370 1093 Capitolio
396 1043 618 1091 epularetur,
645 1044 696 1078 uti
722 1054 833 1091 supra
859 1041 944 1080 dixi.
999 1042 1194 1078 Caeterum
1221 1043 1256 1078 in
1284 1042 1452 1080 ludorum
1481 1043 1581 1081 ordi-

125 1107 309 1143 nariorum
336 1103 485 1142 nefastis
513 1103 639 1140 diebus
677 1102 772 1139 idem
809 1104 925 1152 egisse
949 1106 1166 1153 Augustum,
1193 1103 1293 1153 quod
1327 1104 1363 1140 in
1390 1105 1578 1154 religiosis,

124 1168 227 1216 alios,
256 1172 296 1203 ut
322 1171 441 1213 erant,
470 1165 670 1214 reliquisse,
700 1164 968 1213 Megalensibus
994 1173 1031 1202 et
1058 1164 1283 1213 Cerealibus,
1310 1166 1413 1214 alios,
1441 1167 1578 1216 Apolli-

124 1231 280 1277 narium,
305 1227 352 1264 ad
379 1227 564 1263 dimidium
592 1226 775 1275 redegisse
801 1238 1006 1274 numerum,
1034 1227 1122 1263 alios
1149 1228 1335 1264 sustulisse
1355 1239 1492 1272 omneS‚
1520 1228 1580 1265 uel

123 1303 241 1342 paene
266 1300 410 1337 omues,
437 1301 548 1338 supra
573 1295 628 1326 est
654 1289 869 1338 expositum.
922 1288 1052 1325 Restat
1080 1300 1200 1334 nunc,
1230 1295 1269 1324 ut
1296 1289 1342 1325 de
1367 1300 1412 1325 eo
1438 1288 1578 1326 dierum

124 1364 256 1402 genere
289 1350 533 1400 inquiramus,
567 1349 665 1400 quod
692 1349 846 1386 Ouidius
881 1350 962 1386 loco
999 1350 1155 1387 indicato
1193 1362 1287 1386 uers.
1315 1351 1484 1387 49—52
1509 1350 1578 1388 de-

122 1413 277 1464 scripsit.
328 1413 447 1449 Varro
472 1413 507 1448 in
535 1411 632 1448 libris
665 1411 712 1448 de
738 1411 764 1449 l.
792 1412 834 1459 1.‚
866 1413 1079 1462 quibuscum
1116 1418 1153 1447 et
1186 1412 1274 1448 alias
1299 1412 1507 1462 saepissime
1530 1413 1579 1450 ad

125 1477 275 1514 uerbum
301 1474 471 1510 conuenit
497 1472 666 1520 Ouidius,
693 1473 722 1509 si
749 1472 913 1520 adeatur,
941 1475 978 1518 6,
1000 1474 1166 1508 29-31
1195 1485 1258 1509 sex
1286 1472 1425 1510 dierum
1453 1474 1581 1511 discri-

123 1539 219 1575 mina
247 1537 424 1587 explicat,
459 1547 613 1584 quorum
639 1535 722 1584 quia
749 1536 909 1585 quinque
933 1541 1017 1570 sunt
1043 1534 1141 1583 apud
1169 1533 1365 1583 Ouidium,
1391 1536 1580 1585 quaeritur

123 1599 170 1638 de
191 1606 306 1636 sexto.
359 1597 533 1634 Varronis
561 1597 673 1633 uerba
700 1603 784 1633 sunt
811 1596 921 1632 haec:
963 1597 1131 1632 Intercisi
1157 1594 1232 1632 dies
1257 1601 1366 1644 sunt,
1399 1608 1464 1645 per
1489 1609 1580 1645 quos

121 1672 227 1698 mane
252 1665 286 1697 et
310 1661 450 1709 uesperi
475 1662 527 1695 est
552 1658 680 1705 nefas,
716 1657 831 1695 medio
857 1663 1013 1706 tempore
1047 1658 1141 1693 inter
1177 1656 1335 1694 hostium
1368 1669 1511 1694 caesam
1544 1662 1579 1694 et

122 1727 210 1760 exta
234 1726 399 1772 porrecta
424 1720 499 1767 fas.
551 1720 626 1756 Iam
655 1732 743 1756 uero
771 1725 913 1756 constat
939 1719 1124 1755 intercisos
1159 1717 1237 1754 dies
1270 1720 1304 1754 in
1331 1719 1434 1755 fastis
1461 1720 1579 1756 notari

123 1784 247 1821 solitos
272 1783 342 1819 hac
368 1789 475 1819 nota:
504 1782 588 1828 EN,
616 1787 807 1830 postquam
835 1781 870 1816 in
898 1781 1022 1816 tabula
1046 1779 1281 1816 Praenestina
1309 1781 1425 1830 prima
1450 1780 1501 1818 IV
1521 1781 1576 1818 Id.

123 1847 199 1883 lan.
226 1845 316 1882 haec
337 1844 453 1880 Verrii
473 1843 594 1880 Flacci
621 1844 769 1878 inuenta
795 1848 898 1877 sunt:
926 1833 1006 1876 EN
1033 1842 1166 1879 HAEC
1186 1841 1330 1878 NOTA
1352 1840 1579 1889 SIGNlficat

122 1908 329 1945 intercisum
353 1894 463 1942 diem.a
497 1908 598 1941 Nam
622 1902 909 1953 endoponebatur
934 1902 1037 1940 PRO
1062 1903 1430 1941 lNPONEBATVR
1452 1906 1489 1940 ἱη
1510 1916 1579 1941 usu

123 1969 209 2006 olim
235 1967 307 2014 fuit
333 1972 366 2003 et
392 1966 488 2013 dies,
519 1968 579 2015 qui
606 1969 659 2003 ita
684 1970 852 2009 notatur,
886 1970 970 2001 ante
998 1965 1140 2008 QVAM
1168 1965 1354 2003 HOS'rlA
1383 1965 1578 2004 lMMOla-

124 2036 206 2078 την,
242 2035 275 2066 et
310 2041 389 2065 cum
422 2033 507 2064 exta
542 2029 802 2077 porriguntur,
841 2026 1006 2063 NEFAS
1036 2027 1352 2078 Fl'r.l'rAQVE
1379 2027 1578 2065 thercedit

123 2098 262 2141 tempus
293 2091 455 2138 fastum,
492 2103 561 2139 quo
586 2095 742 2138 tempore
768 2092 909 2124 constat
935 2087 1008 2136 lege
1034 2087 1216 2124 LlCERE
1246 2089 1342 2126 AGl.
1395 2089 1462 2126 Est
1491 2103 1578 2127 uero

124 2154 221 2192 aliud
248 2159 438 2203 praeterea
465 2152 603 2188 dierum
630 2163 759 2200 genus,
785 2149 883 2199 quod
911 2149 1036 2185 litteris
1057 2149 1139 2198 NP,
1169 2151 1203 2185 in
1231 2162 1342 2186 unuin
1369 2154 1579 2199 contractis,

107 2216 158 2252 ‘in
195 2215 371 2252 fastorum
409 2214 539 2250 tabulis
577 2213 791 2262 frequenter
824 2217 996 2256 notatur,
1035 2211 1207 2261 quodque
1243 2224 1349 2247 mane
1382 2211 1577 2260 nefastum,

125 2284 253 2328 postea
279 2277 410 2313 fastum
440 2275 549 2312 fuisse
575 2281 722 2324 recepta
748 2274 816 2309 fuit
842 2274 1032 2309 doctorum
1060 2275 1219 2309 uirorum
1244 2274 1424 2310 sententia
1444 2287 1466 2311 a
1485 2275 1576 2312 Sca-

126 2340 238 2389 liger-o
275 2339 320 2374 ad
349 2337 538 2373 Orellium.
593 2337 700 2380 Quae
735 2335 764 2370 si
801 2348 888 2371 uera
916 2335 1070 2372 sortasse
1097 2337 1166 2381 sit,
1202 2336 1236 2371 in
1274 2335 1424 2371 alteram
1458 2342 1576 2372 utram

124 2407 265 2450 partem
299 2398 452 2436 Ouidius
491 2399 727 2448 negligentior
760 2397 871 2433 fuisse
907 2397 1069 2433 uidetur:
1106 2405 1169 2434 aut
1198 2397 1274 2433 dies
1309 2397 1520 2445 intercisos,
1554 2409 1576 2434 a

124 2463 294 2501 Varrone
319 2468 642 2507 commemoratos,
679 2461 714 2495 in
742 2459 841 2495 fastis
868 2458 1059 2495 Maffeanis
1086 2459 1285 2505 indicatos,
1320 2459 1574 2507 praetermisit,

125 2530 210 2571 aut,
245 2523 272 2559 si
300 2522 346 2559 de
378 2523 418 2557 iis
444 2523 527 2570 ipsis
561 2523 743 2571 loquitur,
781 2520 866 2556 illud
895 2521 1059 2567 reticuit,
1097 2521 1276 2557 nefastum
1303 2526 1448 2569 tempus
1472 2520 1507 2556 in
1533 2521 1575 2557 iis

126 2586 266 2634 uesperi
294 2583 423 2620 redire.
476 2584 525 2617 Ac
561 2585 620 2632 qui
657 2591 878 2632 postremum
906 2582 974 2618 hoc
1004 2584 1161 2619 animum
1199 2582 1400 2629 induceret,
1427 2593 1573 2618 causam

127 2648 319 2696 oportebat
352 2645 537 2690 inuenire,
573 2657 637 2678 cur
663 2645 737 2679 dies
772 2645 849 2680 illos
877 2643 943 2679 NP
972 2651 1115 2680 notatos
1142 2651 1178 2680 et
1206 2644 1324 2680 Varro
1351 2650 1387 2679 et
1417 2642 1572 2680 Ouidius
