1685 2954
101 86 190 117 XCI!
713 85 952 118 asmonom

98 185 202 237 quod
228 185 372 224 nomina
396 190 571 234 corrupta
594 189 691 233 sunt,
715 185 875 237 inprimis
895 193 1138 238 postremum:
1165 188 1268 233 ienis,
1294 187 1393 238 quod
1413 187 1541 229 dolen·

104 246 191 284 dum
219 253 275 284 est
299 252 451 296 propter
477 244 600 283 Ouidii
626 245 742 283 locum
769 250 806 296 6,
830 251 918 297 711,
946 251 1005 286 ubi
1031 250 1077 287 ad
1102 248 1372 298 Pherecydeam
1397 258 1541 288 senten-

105 308 192 345 tiam
220 308 335 344 rediit.
390 306 448 343 De
473 305 541 342 hac
567 306 650 344 uide
675 307 857 346 Sturzium
882 310 1011 360 fragm.
1044 315 1104 360 16,
1131 326 1167 362 p.
1183 312 1255 348 114
1281 310 1337 347 ed.
1359 323 1416 360 pr.
1465 312 1541 349 Su-

101 370 233 421 periori
259 368 292 403 in
319 368 399 404 loco
418 379 512 418 quae
531 374 669 405 restant
687 381 707 406 a
724 369 873 408 Musaeo
894 373 1004 421 petita
1029 379 1125 418 sunt,
1152 379 1243 410 teste
1262 385 1391 409 comm.
1413 373 1542 412 Germ.

100 430 235 479 scripto
262 436 299 466 et
323 428 420 466 edito
447 441 484 478 p.
501 428 572 476 56,
606 436 643 466 et
673 431 856 481 plerisque
883 433 1016 482 Hygini
1051 434 1157 470 codd.
1185 447 1222 484 p.
1251 446 1284 470 a.
1312 445 1351 483 p.
1369 434 1466 481 470,
1505 439 1544 470 et

101 490 185 527 cod.
212 488 334 527 Guelf.
364 490 483 527 Seruii
517 489 564 526 ad
598 503 655 540 ge.
694 497 730 539 l,
761 496 844 529 138.
905 493 963 531 De
999 501 1115 531 matre
1149 494 1327 531 discordia
1360 501 1414 532 est
1448 495 1544 531 inter

100 551 210 589 libros
237 552 388 601 Hygini:
424 551 460 587 in
487 560 678 591 comment.
707 554 834 590 Germ.
862 554 958 591 edito
987 555 1130 592 uidetur
1155 556 1191 591 in
1219 560 1252 592 et
1276 559 1362 602 Hya
1388 555 1544 593 Ouidia-

101 624 188 651 num
215 625 344 650 nomen
371 613 509 661 latere3
546 625 655 650 manu
692 615 845 664 scriptus
873 616 1020 652 uitiose:
1053 620 1112 653 M.
1137 619 1193 654 ita
1217 618 1340 664 refert.
1367 617 1455 654 haec
1480 616 1543 653 tibi

100 685 148 711 ex
172 686 304 712 oceano
327 677 533 725 procreauit
557 673 658 722 filias
683 675 878 712 duodecim.
904 695 955 703 —
992 677 1099 720 Quae
1134 677 1180 714 de
1206 679 1364 715 Chirone
1390 678 1544 715 Ouidius

101 735 212 773 habet
238 737 278 784 5,
307 738 545 784 380-414,
582 750 604 772 a
639 749 768 772 comm.
796 737 922 773 Germ.
951 750 987 786 p.
1012 740 1061 773 87
1087 738 1197 775 Bu‘hl.
1225 739 1269 775 ad
1298 739 1543 776 Antisthenem

102 796 333 846 referuntur,
360 797 568 833 historicum
595 797 747 834 fortasse
774 810 795 834 a
822 797 985 848 Diogene
1011 799 1157 836 Laertio
1185 800 1246 836 lib.
1267 803 1304 844 6,
1332 815 1366 850 p.
1385 803 1458 836 377
1484 799 1542 836 ed.

101 857 260 895 Casaub.
285 866 615 906 commemoratum,
643 858 709 895 cfr.
729 859 876 896 Vossius
903 860 949 897 de
975 860 1055 896 hist.
1077 873 1131 909 gr.
1156 874 1193 909 p.
1211 862 1296 897 325.
1339 862 1396 898 Ea
1421 860 1545 896 sabula

99 921 303 969 excogitata
329 922 413 957 milii
439 922 597 967 uidetur,
623 920 682 957 uel
706 920 750 957 ad
785 922 1040 957 astronomiam
1064 933 1254 967 conuersa,
1282 934 1328 959 ne
1353 928 1458 957 uetus
1484 920 1545 957 illa

101 980 303 1018 deserenda
330 989 424 1018 esset
450 984 642 1030 sententia,
671 995 749 1032 qua*
765 983 949 1032 Sagittarii
975 983 1090 1031 imago
1118 983 1319 1032 quindecim
1346 984 1455 1020 stellis
1481 995 1546 1020 ex-

99 1054 226 1092 pressa
251 1049 343 1079 teste
368 1044 511 1092 Hygino
537 1057 574 1094 p.
598 1056 633 1080 a.
652 1047 690 1091 3,
709 1046 773 1092 26,
800 1057 838 1094 p.
857 1045 946 1091 528,
974 1056 1102 1080 comm.
1125 1044 1251 1081 Germ.
1276 1057 1313 1094 p.
1332 1047 1392 1089 73,
1421 1044 1543 1082 habita

100 1109 157 1142 est
183 1116 250 1154 pro
277 1104 462 1141 Centauro
490 1107 634 1154 aliquo,
669 1105 743 1142 uid.
772 1107 865 1155 Hyg.
894 1118 930 1155 p.
958 1117 991 1141 a.
1020 1109 1059 1153 2,
1087 1117 1124 1154 p.
1140 1107 1234 1153 479,
1260 1119 1388 1143 comm.
1416 1107 1543 1144 Germ.

100 1179 140 1217 p.
156 1168 219 1203 72.
273 1166 423 1216 Quippe
449 1173 672 1215 negauerant
697 1167 841 1216 quidam
871 1168 1053 1204 Centauro
1080 1179 1154 1204 rem
1183 1179 1261 1203 esse
1286 1180 1366 1203 cum
1393 1168 1545 1216 sagittis,

103 1228 317 1266 testantibus
343 1227 466 1264 iisdem
495 1228 637 1265 ibidem.
693 1229 755 1265 His
783 1241 992 1280 responsum
1019 1235 1074 1265 est
1105 1228 1203 1265 illum
1232 1240 1353 1264 arcum
1381 1229 1545 1266 Herculis

102 1301 212 1328 manu
238 1296 378 1338 tenere,
404 1291 570 1340 sagittam
597 1289 756 1327 eiusdem
785 1290 830 1326 ad
858 1289 969 1340 pedes
995 1289 1130 1326 habere
1156 1289 1408 1337 deformatam,
1435 1297 1545 1341 prout

101 1358 159 1390 est
183 1352 219 1388 in
245 1364 374 1389 comm.
403 1354 553 1389 Germ.:
592 1352 748 1389 taculum.
768 1351 815 1388 ad
840 1351 943 1401 pedes
969 1352 1165 1399 Sayittarii
1189 1352 1281 1387 'inter
1306 1356 1410 1388 astra
1435 1351 1546 1389 collo-

103 1419 234 1452 catum.
296 1413 407 1451 Iidem
447 1414 684 1463 elegantiores
720 1414 917 1449 astronomi
956 1413 1178 1449 Centaurum
1213 1413 1358 1463 proprie
1394 1412 1544 1460 dictum,

103 1477 228 1525 uiginti
264 1476 369 1511 trium
397 1476 578 1512 minimum
613 1475 796 1512 stellarum
823 1474 1036 1523 imaginem,
1071 1475 1132 1524 qui
1164 1474 1249 1511 inde
1275 1475 1319 1510 ab
1348 1474 1546 1523 Hermippo

102 1539 305 1587 Smyrnaeo
330 1537 422 1583 (uid.
451 1537 645 1585 Lozynski,
673 1537 859 1586 Hermippi
886 1536 1014 1585 fragm.
1046 1536 1198 1572 Bonnae
1228 1538 1345 1583 1831,
1379 1548 1416 1585 p.
1439 1536 1545 1582 132,)

104 1600 243 1637 Chiron
270 1599 386 1636 dictus
412 1599 545 1646 suerat,
572 1606 723 1648 propter
745 1600 837 1634 Arae
858 1599 1074 1634 uicinitatem
1095 1597 1264 1645 Pholum,
1290 1596 1454 1646 aruspicii
1479 1608 1546 1645 pe·

100 1662 232 1710 ritum,
259 1666 573 1710 nuncupauerunt.
626 1661 680 1696 Ea
706 1661 880 1696 subtilitas
907 1660 1034 1696 mirum
1062 1672 1134 1696 non
1162 1666 1239 1706 est,
1279 1657 1378 1708 quod
1404 1669 1545 1695 errores

101 1724 256 1774 peperit.
294 1723 472 1768 Fuerunt,
499 1721 561 1770 qui
586 1722 746 1758 fabulam
774 1721 820 1758 de
842 1721 997 1770 hospitio
1019 1721 1184 1758 Herculis
1201 1720 1397 1769 Sagittario
1423 1725 1545 1770 aptam

101 1784 341 1823 transferrent
367 1783 414 1819 ad
440 1782 615 1819 Pholum:
643 1788 684 1820 ut
710 1782 874 1829 uidetur,
900 1782 1070 1818 Lucanus
1096 1781 1224 1820 Phars.
1252 1783 1290 1829 6,
1318 1783 1418 1829 3873
1446 1787 1545 1819 certe

100 1846 252 1884 Seruius
286 1844 334 1881 ad
361 1847 450 1881 Aen.
476 1846 515 1891 8,
541 1845 628 1881 294.
682 1843 852 1881 Ouidium
890 1855 1002 1891 uero,
1038 1843 1266 1880 manifestum
1303 1849 1378 1888 est,
1412 1855 1492 1879 eum
1523 1854 1546 1880 a

102 1907 232 1946 Clodio
258 1908 383 1944 Tusco
415 1906 483 1942 sub
510 1906 675 1943 Chironis
711 1905 854 1942 nomine
881 1905 1077 1953 Centauri,
1111 1905 1173 1954 qui
1209 1905 1395 1942 bestiolam
1431 1910 1547 1953 tenet,

100 1981 177 2008 non
202 1969 364 2018 sagittas,
392 1974 510 2005 ortum
538 1973 576 2003 et
600 1974 699 2004 recte
725 1967 893 2017 quidem,
919 1965 1074 2003 docente
1099 1967 1237 2004 Idelero
1263 1980 1302 2017 p.
1323 1967 1408 2013 165,
1434 1965 1547 2003 tradi-

101 2037 180 2068 tum
208 2031 429 2080 accepisset,
467 2029 669 2066 exhibuisse
695 2029 853 2065 fabulam
881 2034 918 2064 et
951 2028 1136 2064 stellarum
1163 2040 1373 2076 numerum,
1400 2040 1438 2065 u.
1457 2029 1547 2076 414,

100 2091 299 2142 Sagittarii.
327 2111 376 2119 —
401 2090 577 2127 Fabulam
602 2090 749 2128 Orionis
768 2091 805 2138 5,
828 2090 1044 2126 495—536
1069 2089 1147 2126 sere
1173 2089 1301 2126 eodem
1327 2088 1447 2135 modo,
1474 2101 1547 2138 quo

102 2153 267 2202 Hyginus
292 2165 330 2201 p.
358 2164 396 2192 a.
423 2156 459 2196 2,
485 2153 545 2196 34,
572 2164 611 2201 p.
629 2153 703 2188 486
730 2152 838 2189 habet
864 2163 993 2188 comm.
1021 2151 1147 2188 Germ.
1173 2151 1374 2186 Parisinus:
1399 2151 1547 2188 Aristo-

103 2213 255 2251 machus
281 2213 366 2251 dicit
391 2212 560 2250 canbrzsa
586 2214 628 2258 [l.
655 2225 818 2260 causam,
845 2213 996 2258 Hyriea]
1024 2211 1199 2260 quendam
1221 2210 1350 2249 Thebis
1373 2215 1458 2248 uoto
1482 2223 1547 2260 pe-

104 2277 192 2312 tisse
216 2280 258 2312 ut
290 2274 406 2322 filiwm
431 2275 586 2313 haberet.
623 2287 730 2325 penes
757 2287 858 2324 quem
882 2275 986 2310 Iouis
1009 2278 1044 2310 et
1067 2274 1273 2310 Mercurius
1297 2276 1331 2308 et
1356 2274 1548 2322 Neptunus

103 2337 143 2375 ἰη
170 2337 210 2382 [Ι.
240 2340 334 2382 cum]
360 2337 515 2387 hospitio
541 2337 755 2373 deitenirent.
786 2334 825 2384 [l.
851 2334 1097 2381 deum-twentfl
1123 2337 1383 2385 inparauerunt
1408 2335 1452 2381 oi,
1479 2332 1547 2372 ho-

100 2400 216 2436 stiam
243 2398 388 2435 deiceret
414 2406 483 2436 etc.
536 2398 652 2435 Paulo
679 2399 784 2435 aliter
809 2397 925 2434 editus
952 2410 989 2447 p.
1004 2399 1053 2433 76
1072 2397 1115 2434 B.
1144 2402 1181 2432 et
1207 2395 1356 2432 Seruius
1382 2395 1429 2431 ad
1454 2396 1545 2433 Aen.

104 2463 143 2508 1,
170 2459 258 2498 535.
310 2458 437 2497 Fuisse
470 2461 659 2508 dicuntur,
694 2460 754 2510 qui
788 2459 834 2496 de
860 2459 1085 2506 Aristonico,
1121 2458 1263 2508 egregio
1299 2458 1546 2506 grammatico,

103 2521 363 2571 cogitauerint,
401 2521 448 2558 de
475 2535 547 2572 quo
576 2521 660 2558 uide
687 2521 850 2570 egregios
877 2521 1126 2570 grammaticos
1152 2519 1340 2556 Lehrsium
1367 2519 1413 2555 de
1439 2519 1546 2555 Arist.

103 2581 201 2622 stud.
227 2582 336 2618 Hom.
359 2585 433 2632 p.3
461 2590 498 2619 et
522 2583 768 2621 Muetzellium
797 2582 843 2618 de
870 2583 955 2619 Hes.
978 2582 1100 2632 theog.
1125 2594 1161 2631 p.
1178 2583 1252 2617 288
1272 2593 1327 2630 sq.
1365 2581 1471 2625 Quae
1490 2592 1546 2618 se-

108 2649 270 2695 quuntur
303 2643 387 2682 inde
413 2656 435 2681 a
461 2656 567 2682 uersu
594 2646 669 2683 537
703 2643 890 2683 discedunt
923 2644 1050 2682 leuiter
1083 2655 1105 2680 a
1131 2642 1329 2693 Nigidianis
1355 2643 1389 2680 in
1416 2654 1545 2681 comm.
