1685 2954
701 89 867 120 armus
1424 87 1513 118 xtv

0 194 1 197 ’
61 206 145 234 nem
184 193 386 245 consignari
417 190 602 243 potuisse,
637 190 705 228 nisi
729 190 827 234 eius,
864 201 974 240 quam
1000 190 1181 240 Augustus
1214 189 1251 226 in
1277 194 1514 227 monumento

53 258 256 307 „Ancyrano
282 257 357 294 tab.
385 255 400 292 1
426 253 544 291 dextr.
570 264 610 290 se
635 251 765 290 fecisse
790 252 889 290 dicit.
942 252 1036 289 Eam
1064 252 1192 289 aedem
1220 250 1401 288 aedificari
1427 263 1513 289 coe-

63 326 180 370 ptam,
208 318 272 356 sed
299 316 458 354 no'ndum
486 314 689 352 absolutam
715 314 828 350 fuisse
852 325 918 350 sua
944 319 1064 350 aetate
1091 312 1246 350 Ouidius
1272 313 1404 350 indicat
1431 326 1515 350 uer-

64 382 118 418 bis
143 382 332 429 Augustus
356 389 452 415 mcum
477 382 554 425 est,
587 378 626 424 4,
655 378 742 413 348.
795 376 835 413 Si
861 374 1026 412 dedicata
1061 375 1131 411 iam
1167 374 1317 421 suisset,
1351 381 1515 413 notasset

64 450 176 493 poeta
199 441 319 486 diem,
355 446 516 477 notasset
542 439 649 476 etiam
675 438 800 474 tabula
829 436 1025 474 Maffeana.
1081 436 1315 484 lncendium,
1350 449 1422 487 quo
1448 449 1516 488 pe-

65 505 188 551 rierat,
215 502 364 538 coniicio
385 501 472 538 illud
499 501 625 547 fuisse,
653 512 726 549 quo
746 496 919 548 palatium
943 498 1175 547 absumptum
1197 497 1308 534 tradit
1329 499 1398 536 Dio
1418 511 1515 536 anno

65 566 112 604 V.
129 565 173 601 C.
193 564 284 611 756,
309 563 374 611 55,
392 566 452 600 12.
504 563 610 599 Diem
638 573 742 609 uero,
770 573 842 611 quo
870 561 1058 597 restitutae
1083 560 1348 597 dedicationem
1368 561 1517 599 Verrius

65 631 283 673 mutauerat,
311 625 439 662 uideor
462 624 589 661 uidere
616 636 689 660 non
718 635 796 660 esse
823 623 917 673 prid.
945 622 1053 670 Idus,
1081 635 1125 660 eo
1151 624 1247 660 enim
1272 622 1348 658 ludi
1375 623 1518 661 Cereris

62 693 237 725 notantur
261 688 297 723 in
324 685 511 723 Maffeano
539 692 577 723 et
602 686 781 722 Vaticano
808 684 954 735 lapide,
989 684 1053 721 sed
1080 697 1162 722 eum
1190 685 1306 730 diem,
1340 696 1414 733 quo
1439 685 1517 722 solo

63 749 168 787 ludos
197 750 397 793 Circenses,
424 761 516 799 quos
542 749 577 785 in
605 747 734 785 eodem
761 747 998 784 Praenestino
1024 747 1180 782 frustulo
1208 747 1438 794 consignatos
1464 747 1517 784 le-

63 811 194 861 gimus,
221 818 321 848 actos
346 811 458 849 fuisse
484 816 627 847 constat
652 808 852 847 secundum
878 808 963 846 fast.
988 807 1108 856 Maffi,
1135 807 1184 844 lV
1210 806 1306 843 Idus.
1350 808 1518 857 Alioquin

63 873 208 911 diuerso
234 873 405 923 quidem,
433 872 496 909 sed
524 883 801 922 aeque⁴1nagn0
827 882 952 908 errore
978 882 1000 906 n
1024 869 1203 918 Fogginio
1229 868 1307 905 ludi
1330 869 1521 919 Megalen-

64 947 122 972 ses
147 935 401 986 producuntur
434 936 469 971 in
496 934 702 971 Cerealium
728 933 827 979 dies,
862 938 975 982 atque
1009 931 1055 967 ab
1082 931 1231 967 Heinsio
1258 932 1521 969 contra'libros

65 1002 227 1045 ueteres,
253 1009 360 1034 uersu
386 996 569 1034 Ouidiano
596 997 693 1033 393:
720 997 817 1032 Hinc
842 994 981 1031 Cereris
1006 991 1083 1029 lmlz
1108 993 1158 1029 ita
1183 998 1347 1030 mutato:
1372 995 1425 1031 Ηί
1452 995 1522 1032 Ge-

65 1060 158 1096 reris
184 1057 285 1105 ludi,
322 1059 493 1096 Cereales
526 1058 561 1094 in
596 1062 821 1107 postremum
847 1055 1112 1103 Megalensium
1145 1054 1240 1091 diem
1267 1055 1520 1094 conferuntur.

64 1121 154 1157 Eius
179 1121 231 1156 rei
260 1133 341 1156 cum
378 1121 447 1157 hoc
471 1119 640 1156 solatium
667 1118 809 1168 profert
833 1118 1054 1166 Fogginius:
1097 1119 1175 1154 Nec
1198 1119 1354 1164 mirum,
1387 1121 1421 1156 si,
1444 1131 1523 1156 utta

64 1181 255 1231 eademque
280 1181 336 1219 die
360 1181 485 1229 fierent
510 1181 587 1218 ludi
611 1183 650 1218 in
679 1182 779 1218 Circo
806 1185 883 1217 tum
908 1181 947 1216 in
980 1178 1150 1216 honorem
1175 1182 1319 1217 Matris
1343 1183 1521 1229 Mayuae,

65 1249 143 1281 tum
163 1245 312 1289 Cereris,
339 1256 418 1281 cum
442 1256 519 1280 una
543 1242 733 1292 eademqne
758 1245 850 1278 esset
873 1240 951 1285 dea,
978 1253 1070 1290 quae
1095 1244 1146 1279 M
1153 1244 1230 1278 .D.
1245 1243 1293 1277 M
1301 1242 1367 1288 .1.‚
1393 1245 1427 1277 et
1450 1241 1522 1287 Gy-

0 1305 1 1309 ’
64 1306 152 1358 bele,
177 1311 211 1343 et
236 1303 328 1356 Ops,
356 1311 391 1343 et
412 1308 528 1354 Ceres,
558 1310 592 1342 et
620 1308 726 1342 Bona
748 1307 841 1349 Dea,
868 1308 901 1340 et
927 1305 1014 1349 Isis,
1042 1308 1077 1340 et
1102 1303 1208 1341 Rhea
1233 1301 1427 1347 dicebatur,
1454 1315 1521 1339 suo

66 1381 169 1406 more
193 1369 345 1418 ineptit,
382 1369 443 1418 qui
469 1374 591 1405 tamen
619 1366 728 1403 hodie
754 1377 901 1416 quoque
929 1366 1132 1415 aliquorum
1161 1370 1217 1402 est
1243 1376 1334 1402 mos.
1385 1364 1524 1401 Intelli-

0 1448 1 1480 ξ
67 1437 174 1481 gatur
200 1431 309 1467 uelim
336 1430 508 1468 Ouidium
536 1442 615 1467 esse
640 1428 893 1479 explicandum
922 1427 968 1464 ad
995 1427 1103 1464 fidem
1130 1427 1278 1464 tabulae
1302 1424 1524 1471 Maffeanae,

0 1489 1 1492 ¹
66 1506 157 1541 non,
180 1492 233 1529 uti
258 1492 491 1529 Burmannus
516 1492 623 1536 fecit,
652 1503 797 1527 uersum
823 1491 898 1526 389
923 1500 1055 1538 magua
1080 1489 1200 1525 littera
1226 1487 1475 1524 reducendum
1502 1499 1526 1525 a

0 1544 1 1588 J
65 1555 328 1606 superioribus,
355 1567 437 1590 cum
463 1553 669 1604 spectacula
696 1565 734 1589 u.
762 1554 837 1589 387
864 1559 901 1588 et
931 1552 1058 1588 Circus
1083 1563 1122 1587 u.
1151 1553 1222 1586 391
1251 1551 1526 1600 reciprocentur

69 1629 116 1654 ex
149 1629 250 1656 more
275 1616 468 1664 Romano,
504 1629 576 1666 quo
603 1616 792 1652 Circenses
825 1614 901 1652 ludi
935 1625 1081 1663 semper
1113 1618 1317 1663 sequuntur
1349 1613 1525 1650 scenicos.

69 1678 146 1716 Sed
172 1690 297 1714 uersus
324 1680 397 1714 393
426 1677 684 1728 dispescendus
710 1684 765 1714 est
793 1673 825 1714 a*
841 1678 1023 1728 prioribus
1057 1682 1095 1712 et
1131 1675 1342 1712 coniectura
1367 1676 1526 1713 liberan-

70 1740 152 1777 dus.
205 1740 309 1775 Diem
335 1752 369 1776 a.
391 1739 428 1775 d.
454 1740 504 1776 111
525 1739 608 1775 Idus
636 1741 893 1789 praetermittit
920 1737 1091 1784 Ouidius,
1119 1738 1179 1774 uel
1203 1748 1398 1774 accensere
1424 1737 1527 1774 uide-

71 1809 132 1840 tur
157 1801 386 1838 Circensibus
410 1801 692 1849 Megalensibus,
722 1800 1031 1850 quemadmodum
1058 1800 1173 1835 Trist.
1201 1803 1240 1846 3,
1272 1802 1333 1846 12,
1356 1800 1424 1835 17:

339 1859 429 1898 Otia
444 1860 550 1899 'nunc
573 1862 659 1907 illic,
683 1864 882 1910 iunctisque
907 1873 951 1897 ex
977 1860 1104 1897 ordine
1131 1859 1228 1897 ludis

389 1922 526 1961 Cedunt
551 1923 692 1962 verbosi
715 1923 871 1973 garrula
895 1922 987 1960 bella
1012 1922 1100 1970 fori.

70 1985 199 2023 Audeo
225 1992 346 2022 tamen
374 1985 558 2022 affirmare
584 1986 689 2022 ludos
714 1986 942 2035 Megalenses
971 1985 1148 2034 legitimos
1174 1990 1329 2034 septem,
1357 1984 1529 2022 Cereales

71 2053 155 2084 octo
180 2046 257 2083 dies
286 2047 467 2084 habuisse.
519 2047 608 2083 Dies
633 2048 870 2085 intermedius
906 2047 1070 2084 nefastus
1098 2046 1244 2083 uidetur
1277 2046 1361 2084 milii
1387 2047 1530 2084 instau-

71 2108 194 2146 randis
220 2109 450 2145 Circensibus
476 2108 624 2145 relictus
651 2109 774 2154 fuisse,
805 2108 1113 2159 quemadmodum
1140 2108 1234 2145 ludis
1261 2109 1530 2159 Apollinaribus

70 2171 183 2208 semel
217 2177 382 2216 tantum,
418 2170 467 2206 ΙΙΙ
493 2170 566 2218 1d.,
603 2171 639 2207 in
676 2172 801 2208 tabula
827 2170 1015 2207 Maffeana
1043 2170 1233 2207 Circenses
1264 2177 1460 2218 notantur,
1479 2176 1532 2207 vet

63 2232 142 2270 Dio
167 2233 230 2280 48,
256 2234 305 2268 33
342 2243 454 2268 unam
491 2238 632 2269 tautum
660 2231 740 2269 τῶν
759 2228 1061 2270 Ἀπολλωνείων
1089 2227 1361 2281 ἱπποδρομίαν
1387 2233 1534 2270 nouisse

73 2294 228 2339 uidetur,
255 2305 364 2344 quam
390 2300 510 2330 tamen
538 2283 584 2331 ex
609 2294 770 2332 eiusdem
796 2295 877 2331 libri
901 2307 932 2331 c.
959 2297 1011 2330 20
1038 2294 1148 2331 biduo
1176 2295 1397 2332 celebratam
1424 2295 1533 2332 disci-

71 2369 165 2394 mus.
218 2356 329 2393 lidem
356 2356 544 2392 Circenses
571 2357 648 2407 ludi
683 2365 767 2407 post
793 2357 956 2393 scenicos
984 2356 1041 2393 edi
1068 2356 1163 2393 soliti
1198 2357 1396 2406 aliquando
1421 2358 1533 2394 etiam

71 2420 283 2456 uenationes
310 2423 395 2453 sunt
430 2418 630 2466 appellati,
668 2417 978 2469 quemadmodum
1006 2418 1137 2455 Cicero
1162 2417 1209 2454 ad
1233 2419 1391 2456 Atticum
1419 2421 1483 2467 16,
1509 2421 1535 2455 4

72 2482 319 2523 «cenationem,
355 2491 447 2527 quae
480 2479 655 2527 postridie
690 2479 794 2517 ludos
818 2479 1054 2529 Apollinares
1087 2478 1219 2526 futura
1253 2486 1346 2518 esset
1381 2483 1451 2519 IH
1473 2479 1533 2518 Id.

78 2542 202 2586 Quint.
230 2548 510 2577 commemorat:
543 2553 662 2589 paene
697 2541 846 2577 ridicule
874 2541 1071 2590 Fogginius
1097 2553 1136 2590 p.
1154 2544 1228 2578 124
1263 2544 1426 2579 Dianam
1451 2553 1534 2589 eryt)

75 2607 158 2650 post
181 2601 387 2652 Apollinem
411 2602 545 2638 multam
573 2601 692 2649 fuisse
717 2602 876 2651 colligit3
917 2603 1060 2639 saniora
1086 2603 1170 2641 inde
1195 2603 1398 2648 didicisset,
1434 2602 1534 2652 quod

77 2662 231 2701 Ouidius
252 2666 298 2701 de
325 2662 418 2700 ludis
443 2663 723 2712 (Circensibus,
760 2676 797 2701 u,
821 2665 918 2712 189)
944 2664 1079 2702 Florae
1105 2665 1249 2715 quaerit
1275 2666 1313 2714 5,
1341 2667 1412 2703 371
1426 2691 1437 2710 ,
1475 2664 1534 2702 uel
