<?xml version="1.0" encoding="UTF-8"?>
<!DOCTYPE html PUBLIC "-//W3C//DTD XHTML 1.0 Transitional//EN"
    "http://www.w3.org/TR/xhtml1/DTD/xhtml1-transitional.dtd">
<html xmlns="http://www.w3.org/1999/xhtml" xml:lang="en" lang="en">
 <head>
  <title>
</title>
<meta http-equiv="Content-Type" content="text/html;charset=utf-8" />
  <meta name='ocr-system' content='tesseract 3.04.00' />
  <meta name='ocr-capabilities' content='ocr_page ocr_carea ocr_par ocr_line ocrx_word'/>
</head>
<body>
  <div class='ocr_page' id='page_1' title='image "./fastorumlibrisex00oviduoft_0273.png"; bbox 0 0 1685 2954; ppageno 0'>
   <div class='ocr_carea' id='block_1_1' title="bbox 649 85 1532 118">
    <p class='ocr_par' dir='ltr' id='par_1_1' title="bbox 649 85 1532 118">
     <span class='ocr_line' id='line_1_1' title="bbox 649 85 1532 118; baseline 0 -2"><span class='ocrx_word' id='word_1_1' title='bbox 649 87 760 117; x_wconf 76' lang='lat' dir='ltr'><strong>cvnA</strong></span> <span class='ocrx_word' id='word_1_2' title='bbox 789 85 983 118; x_wconf 80' lang='lat' dir='ltr'>SECVNDA</span> <span class='ocrx_word' id='word_1_3' title='bbox 1391 86 1532 117; x_wconf 78' lang='lat' dir='ltr'><strong>chxv</strong></span> 
     </span>
    </p>
   </div>
   <div class='ocr_carea' id='block_1_2' title="bbox 94 186 1568 2709">
    <p class='ocr_par' dir='ltr' id='par_1_2' title="bbox 94 186 1568 2709">
     <span class='ocr_line' id='line_1_2' title="bbox 94 186 1534 242; baseline -0.003 -13"><span class='ocrx_word' id='word_1_4' title='bbox 94 203 268 242; x_wconf 75' lang='lat' dir='ltr'><strong>quernam</strong></span> <span class='ocrx_word' id='word_1_5' title='bbox 288 200 472 233; x_wconf 81' lang='lat' dir='ltr'><strong>coronam,</strong></span> <span class='ocrx_word' id='word_1_6' title='bbox 498 186 598 224; x_wconf 86' lang='lat' dir='ltr'><strong>cuius</strong></span> <span class='ocrx_word' id='word_1_7' title='bbox 624 186 659 224; x_wconf 89' lang='lat' dir='ltr'><strong>in</strong></span> <span class='ocrx_word' id='word_1_8' title='bbox 680 187 880 237; x_wconf 84' lang='lat' dir='ltr'><strong>Augustum</strong></span> <span class='ocrx_word' id='word_1_9' title='bbox 902 198 948 225; x_wconf 92' lang='lat' dir='ltr'><strong>eo</strong></span> <span class='ocrx_word' id='word_1_10' title='bbox 974 186 1032 225; x_wconf 92' lang='lat' dir='ltr'><strong>die</strong></span> <span class='ocrx_word' id='word_1_11' title='bbox 1057 187 1212 225; x_wconf 84' lang='lat' dir='ltr'><strong>collatae</strong></span> <span class='ocrx_word' id='word_1_12' title='bbox 1236 186 1408 224; x_wconf 90' lang='lat' dir='ltr'><strong>memoria</strong></span> <span class='ocrx_word' id='word_1_13' title='bbox 1433 192 1534 225; x_wconf 84' lang='lat' dir='ltr'><strong>extat</strong></span> 
     </span>
     <span class='ocr_line' id='line_1_3' title="bbox 94 248 1535 298; baseline -0.003 -7"><span class='ocrx_word' id='word_1_14' title='bbox 94 255 202 291; x_wconf 89' lang='lat' dir='ltr'><strong>etiam</strong></span> <span class='ocrx_word' id='word_1_15' title='bbox 230 254 265 290; x_wconf 91' lang='lat' dir='ltr'><strong>in</strong></span> <span class='ocrx_word' id='word_1_16' title='bbox 291 252 391 290; x_wconf 78' lang='lat' dir='ltr'><strong>fastis</strong></span> <span class='ocrx_word' id='word_1_17' title='bbox 413 248 678 297; x_wconf 79' lang='lat' dir='ltr'><strong>Praenestinis,</strong></span> <span class='ocrx_word' id='word_1_18' title='bbox 706 254 770 286; x_wconf 90' lang='lat' dir='ltr'><strong>aut</strong></span> <span class='ocrx_word' id='word_1_19' title='bbox 795 248 992 297; x_wconf 87' lang='lat' dir='ltr'><strong>omisisset,</strong></span> <span class='ocrx_word' id='word_1_20' title='bbox 1018 256 1082 287; x_wconf 90' lang='lat' dir='ltr'><strong>aut</strong></span> <span class='ocrx_word' id='word_1_21' title='bbox 1107 262 1128 286; x_wconf 84' lang='lat' dir='ltr'><strong>a</strong></span> <span class='ocrx_word' id='word_1_22' title='bbox 1154 249 1305 287; x_wconf 87' lang='lat' dir='ltr'><strong>Tiberio</strong></span> <span class='ocrx_word' id='word_1_23' title='bbox 1330 253 1535 298; x_wconf 80' lang='lat' dir='ltr'><strong>separasset</strong></span> 
     </span>
     <span class='ocr_line' id='line_1_4' title="bbox 95 309 1534 366; baseline -0.004 -14"><span class='ocrx_word' id='word_1_24' title='bbox 95 322 227 366; x_wconf 87' lang='lat' dir='ltr'><strong>poeta,</strong></span> <span class='ocrx_word' id='word_1_25' title='bbox 254 315 288 351; x_wconf 91' lang='lat' dir='ltr'><strong>in</strong></span> <span class='ocrx_word' id='word_1_26' title='bbox 315 312 517 364; x_wconf 80' lang='lat' dir='ltr'><strong>grauiorem</strong></span> <span class='ocrx_word' id='word_1_27' title='bbox 544 309 781 348; x_wconf 86' lang='lat' dir='ltr'><strong>offensionem</strong></span> <span class='ocrx_word' id='word_1_28' title='bbox 807 310 926 360; x_wconf 88' lang='lat' dir='ltr'><strong>potuit</strong></span> <span class='ocrx_word' id='word_1_29' title='bbox 950 310 1158 359; x_wconf 88' lang='lat' dir='ltr'><strong>incurrere,</strong></span> <span class='ocrx_word' id='word_1_30' title='bbox 1184 323 1294 361; x_wconf 89' lang='lat' dir='ltr'><strong>quam</strong></span> <span class='ocrx_word' id='word_1_31' title='bbox 1317 310 1347 347; x_wconf 86' lang='lat' dir='ltr'><strong>si</strong></span> <span class='ocrx_word' id='word_1_32' title='bbox 1373 315 1436 347; x_wconf 91' lang='lat' dir='ltr'><strong>aut</strong></span> <span class='ocrx_word' id='word_1_33' title='bbox 1460 309 1534 347; x_wconf 87' lang='lat' dir='ltr'><strong>dis-</strong></span> 
     </span>
     <span class='ocr_line' id='line_1_5' title="bbox 95 370 1535 423; baseline -0.005 -8"><span class='ocrx_word' id='word_1_34' title='bbox 95 378 298 423; x_wconf 74' lang='lat' dir='ltr'><strong>simularet,</strong></span> <span class='ocrx_word' id='word_1_35' title='bbox 325 380 387 411; x_wconf 88' lang='lat' dir='ltr'><strong>aut</strong></span> <span class='ocrx_word' id='word_1_36' title='bbox 413 373 612 422; x_wconf 79' lang='lat' dir='ltr'>negligeret</span> <span class='ocrx_word' id='word_1_37' title='bbox 638 372 737 409; x_wconf 87' lang='lat' dir='ltr'><strong>istius</strong></span> <span class='ocrx_word' id='word_1_38' title='bbox 763 370 810 408; x_wconf 89' lang='lat' dir='ltr'><strong>de</strong></span> <span class='ocrx_word' id='word_1_39' title='bbox 834 377 950 409; x_wconf 88' lang='lat' dir='ltr'><strong>semet</strong></span> <span class='ocrx_word' id='word_1_40' title='bbox 975 372 1054 422; x_wconf 90' lang='lat' dir='ltr'><strong>ipso</strong></span> <span class='ocrx_word' id='word_1_41' title='bbox 1081 372 1270 410; x_wconf 78' lang='lat' dir='ltr'><strong>iudicium:</strong></span> <span class='ocrx_word' id='word_1_42' title='bbox 1295 378 1415 408; x_wconf 90' lang='lat' dir='ltr'><strong>utrum</strong></span> <span class='ocrx_word' id='word_1_43' title='bbox 1440 371 1535 409; x_wconf 89' lang='lat' dir='ltr'><strong>enim</strong></span> 
     </span>
     <span class='ocr_line' id='line_1_6' title="bbox 96 432 1538 486; baseline -0.004 -10"><span class='ocrx_word' id='word_1_44' title='bbox 96 439 248 486; x_wconf 82' lang='lat' dir='ltr'><strong>fecerit,</strong></span> <span class='ocrx_word' id='word_1_45' title='bbox 283 448 354 473; x_wconf 90' lang='lat' dir='ltr'><strong>non</strong></span> <span class='ocrx_word' id='word_1_46' title='bbox 380 434 676 482; x_wconf 86' lang='lat' dir='ltr'><strong>diiudicauerim,</strong></span> <span class='ocrx_word' id='word_1_47' title='bbox 711 433 796 484; x_wconf 89' lang='lat' dir='ltr'><strong>quia</strong></span> <span class='ocrx_word' id='word_1_48' title='bbox 828 432 963 483; x_wconf 83' lang='lat' dir='ltr'>duplex</span> <span class='ocrx_word' id='word_1_49' title='bbox 997 439 1051 470; x_wconf 90' lang='lat' dir='ltr'><strong>est</strong></span> <span class='ocrx_word' id='word_1_50' title='bbox 1075 433 1281 483; x_wconf 70' lang='lat' dir='ltr'><strong>proteyendi</strong></span> <span class='ocrx_word' id='word_1_51' title='bbox 1305 433 1538 483; x_wconf 81' lang='lat' dir='ltr'><strong>significatus,</strong></span> 
     </span>
     <span class='ocr_line' id='line_1_7' title="bbox 96 494 1538 545; baseline -0.003 -8"><span class='ocrx_word' id='word_1_52' title='bbox 96 500 191 537; x_wconf 90' lang='lat' dir='ltr'><strong>alter</strong></span> <span class='ocrx_word' id='word_1_53' title='bbox 217 496 355 544; x_wconf 91' lang='lat' dir='ltr'><strong>tuendi,</strong></span> <span class='ocrx_word' id='word_1_54' title='bbox 381 496 473 533; x_wconf 89' lang='lat' dir='ltr'><strong>alter</strong></span> <span class='ocrx_word' id='word_1_55' title='bbox 498 494 643 545; x_wconf 89' lang='lat' dir='ltr'><strong>tegendi</strong></span> <span class='ocrx_word' id='word_1_56' title='bbox 668 495 850 544; x_wconf 89' lang='lat' dir='ltr'><strong>simplicis,</strong></span> <span class='ocrx_word' id='word_1_57' title='bbox 878 502 917 532; x_wconf 94' lang='lat' dir='ltr'><strong>ut</strong></span> <span class='ocrx_word' id='word_1_58' title='bbox 942 502 1029 533; x_wconf 89' lang='lat' dir='ltr'><strong>met.</strong></span> <span class='ocrx_word' id='word_1_59' title='bbox 1052 499 1111 543; x_wconf 88' lang='lat'><strong>12,</strong></span> <span class='ocrx_word' id='word_1_60' title='bbox 1129 497 1224 544; x_wconf 82' lang='lat'>2733</span> <span class='ocrx_word' id='word_1_61' title='bbox 1244 495 1339 543; x_wconf 83' lang='lat'>351;</span> <span class='ocrx_word' id='word_1_62' title='bbox 1356 496 1442 532; x_wconf 84' lang='lat'><strong>431.</strong></span> <span class='ocrx_word' id='word_1_63' title='bbox 1479 495 1538 532; x_wconf 93' lang='lat' dir='ltr'><strong>De</strong></span> 
     </span>
     <span class='ocr_line' id='line_1_8' title="bbox 96 556 1539 607; baseline -0.003 -9"><span class='ocrx_word' id='word_1_64' title='bbox 96 560 225 598; x_wconf 76' lang='lat' dir='ltr'><strong>futuris</strong></span> <span class='ocrx_word' id='word_1_65' title='bbox 259 558 476 598; x_wconf 82' lang='lat' dir='ltr'><strong>Caesaribus</strong></span> <span class='ocrx_word' id='word_1_66' title='bbox 511 557 636 607; x_wconf 83' lang='lat' dir='ltr'><strong>palatii</strong></span> <span class='ocrx_word' id='word_1_67' title='bbox 670 556 796 597; x_wconf 87' lang='lat' dir='ltr'><strong>incolis</strong></span> <span class='ocrx_word' id='word_1_68' title='bbox 832 558 945 594; x_wconf 88' lang='lat' dir='ltr'><strong>uerbo</strong></span> <span class='ocrx_word' id='word_1_69' title='bbox 978 562 1123 595; x_wconf 76' lang='lat' dir='ltr'><strong>uestras</strong></span> <span class='ocrx_word' id='word_1_70' title='bbox 1159 564 1357 607; x_wconf 83' lang='lat' dir='ltr'><strong>auguratur</strong></span> <span class='ocrx_word' id='word_1_71' title='bbox 1389 557 1462 604; x_wconf 88' lang='lat' dir='ltr'><strong>ita,</strong></span> <span class='ocrx_word' id='word_1_72' title='bbox 1497 561 1539 594; x_wconf 85' lang='lat' dir='ltr'><strong>ut</strong></span> 
     </span>
     <span class='ocr_line' id='line_1_9' title="bbox 97 617 1538 668; baseline -0.001 -10"><span class='ocrx_word' id='word_1_73' title='bbox 97 619 186 658; x_wconf 68' lang='lat' dir='ltr'><strong>trist.</strong></span> <span class='ocrx_word' id='word_1_74' title='bbox 213 624 253 668; x_wconf 85' lang='lat'><strong>3,</strong></span> <span class='ocrx_word' id='word_1_75' title='bbox 272 625 309 668; x_wconf 91' lang='lat' dir='ltr'><strong>l,</strong></span> <span class='ocrx_word' id='word_1_76' title='bbox 328 620 378 657; x_wconf 83' lang='lat'><strong>58</strong></span> <span class='ocrx_word' id='word_1_77' title='bbox 412 631 493 655; x_wconf 90' lang='lat' dir='ltr'><strong>cum</strong></span> <span class='ocrx_word' id='word_1_78' title='bbox 525 617 650 656; x_wconf 74' lang='lat' dir='ltr'><strong>iisdem</strong></span> <span class='ocrx_word' id='word_1_79' title='bbox 675 617 740 655; x_wconf 81' lang='lat' dir='ltr'><strong>sub</strong></span> <span class='ocrx_word' id='word_1_80' title='bbox 767 617 920 655; x_wconf 73' lang='lat' dir='ltr'><strong>dmainis</strong></span> <span class='ocrx_word' id='word_1_81' title='bbox 954 618 1064 665; x_wconf 83' lang='lat' dir='ltr'><strong>dixit,</strong></span> <span class='ocrx_word' id='word_1_82' title='bbox 1103 624 1201 656; x_wconf 91' lang='lat' dir='ltr'><strong>certe</strong></span> <span class='ocrx_word' id='word_1_83' title='bbox 1234 618 1405 668; x_wconf 84' lang='lat' dir='ltr'><strong>cogitauit</strong></span> <span class='ocrx_word' id='word_1_84' title='bbox 1436 618 1538 656; x_wconf 85' lang='lat' dir='ltr'><strong>alios.</strong></span> 
     </span>
     <span class='ocr_line' id='line_1_10' title="bbox 97 678 1540 732; baseline -0.003 -13"><span class='ocrx_word' id='word_1_85' title='bbox 97 682 288 719; x_wconf 88' lang='lat' dir='ltr'><strong>Tiberium</strong></span> <span class='ocrx_word' id='word_1_86' title='bbox 315 680 448 718; x_wconf 89' lang='lat' dir='ltr'><strong>deinde</strong></span> <span class='ocrx_word' id='word_1_87' title='bbox 473 680 609 718; x_wconf 85' lang='lat' dir='ltr'><strong>affatur</strong></span> <span class='ocrx_word' id='word_1_88' title='bbox 640 681 757 731; x_wconf 86' lang='lat' dir='ltr'><strong>ipsum</strong></span> <span class='ocrx_word' id='word_1_89' title='bbox 783 693 821 718; x_wconf 87' lang='lat' dir='ltr'><strong>u.</strong></span> <span class='ocrx_word' id='word_1_90' title='bbox 842 681 916 719; x_wconf 81' lang='lat'><strong>645</strong></span> <span class='ocrx_word' id='word_1_91' title='bbox 933 694 1013 732; x_wconf 84' lang='lat' dir='ltr'><strong>sqq.</strong></span> <span class='ocrx_word' id='word_1_92' title='bbox 1039 687 1077 718; x_wconf 91' lang='lat' dir='ltr'><strong>et</strong></span> <span class='ocrx_word' id='word_1_93' title='bbox 1108 680 1270 730; x_wconf 86' lang='lat' dir='ltr'><strong>appellat</strong></span> <span class='ocrx_word' id='word_1_94' title='bbox 1295 678 1540 716; x_wconf 76' lang='lat' dir='ltr'><strong>uenerandum</strong></span> 
     </span>
     <span class='ocr_line' id='line_1_11' title="bbox 98 742 1540 794; baseline -0.003 -12"><span class='ocrx_word' id='word_1_95' title='bbox 98 744 242 789; x_wconf 76' lang='lat' dir='ltr'><strong>dacem,</strong></span> <span class='ocrx_word' id='word_1_96' title='bbox 281 755 375 794; x_wconf 87' lang='lat' dir='ltr'><strong>quae</strong></span> <span class='ocrx_word' id='word_1_97' title='bbox 409 743 608 793; x_wconf 84' lang='lat' dir='ltr'><strong>appellatio</strong></span> <span class='ocrx_word' id='word_1_98' title='bbox 642 743 824 793; x_wconf 82' lang='lat' dir='ltr'><strong>aptissima</strong></span> <span class='ocrx_word' id='word_1_99' title='bbox 857 749 911 780; x_wconf 89' lang='lat' dir='ltr'><strong>est</strong></span> <span class='ocrx_word' id='word_1_100' title='bbox 946 742 982 778; x_wconf 90' lang='lat' dir='ltr'><strong>in</strong></span> <span class='ocrx_word' id='word_1_101' title='bbox 1017 753 1083 786; x_wconf 93' lang='lat' dir='ltr'><strong>eo,</strong></span> <span class='ocrx_word' id='word_1_102' title='bbox 1114 743 1175 792; x_wconf 88' lang='lat' dir='ltr'><strong>qui</strong></span> <span class='ocrx_word' id='word_1_103' title='bbox 1205 742 1434 790; x_wconf 75' lang='lat' dir='ltr'><strong>imperatoris</strong></span> <span class='ocrx_word' id='word_1_104' title='bbox 1464 752 1540 777; x_wconf 89' lang='lat' dir='ltr'><strong>non</strong></span> 
     </span>
     <span class='ocr_line' id='line_1_12' title="bbox 99 799 1542 858; baseline -0.003 -15"><span class='ocrx_word' id='word_1_105' title='bbox 99 818 349 858; x_wconf 85' lang='lat' dir='ltr'><strong>praenomen,</strong></span> <span class='ocrx_word' id='word_1_106' title='bbox 394 804 440 842; x_wconf 91' lang='lat' dir='ltr'><strong>de</strong></span> <span class='ocrx_word' id='word_1_107' title='bbox 478 817 551 855; x_wconf 88' lang='lat' dir='ltr'><strong>quo</strong></span> <span class='ocrx_word' id='word_1_108' title='bbox 587 803 670 840; x_wconf 88' lang='lat' dir='ltr'><strong>uide</strong></span> <span class='ocrx_word' id='word_1_109' title='bbox 703 803 857 840; x_wconf 89' lang='lat' dir='ltr'><strong>Dionem</strong></span> <span class='ocrx_word' id='word_1_110' title='bbox 883 803 947 851; x_wconf 84' lang='lat'><strong>52,</strong></span> <span class='ocrx_word' id='word_1_111' title='bbox 975 803 1023 839; x_wconf 90' lang='lat'><strong>41</strong></span> <span class='ocrx_word' id='word_1_112' title='bbox 1050 802 1128 850; x_wconf 88' lang='lat' dir='ltr'><strong>fin.,</strong></span> <span class='ocrx_word' id='word_1_113' title='bbox 1163 801 1226 839; x_wconf 92' lang='lat' dir='ltr'><strong>sed</strong></span> <span class='ocrx_word' id='word_1_114' title='bbox 1270 801 1423 838; x_wconf 85' lang='lat' dir='ltr'><strong>militare</strong></span> <span class='ocrx_word' id='word_1_115' title='bbox 1452 799 1542 839; x_wconf 83' lang='lat' dir='ltr'><strong>illud</strong></span> 
     </span>
     <span class='ocr_line' id='line_1_13' title="bbox 101 862 1542 918; baseline -0.003 -13"><span class='ocrx_word' id='word_1_116' title='bbox 101 879 303 918; x_wconf 83' lang='lat' dir='ltr'><strong>cognomen</strong></span> <span class='ocrx_word' id='word_1_117' title='bbox 329 872 470 904; x_wconf 86' lang='lat' dir='ltr'><strong>tantum</strong></span> <span class='ocrx_word' id='word_1_118' title='bbox 496 865 659 913; x_wconf 82' lang='lat' dir='ltr'><strong>admisit,</strong></span> <span class='ocrx_word' id='word_1_119' title='bbox 687 866 789 903; x_wconf 87' lang='lat' dir='ltr'><strong>Suet.</strong></span> <span class='ocrx_word' id='word_1_120' title='bbox 816 864 902 901; x_wconf 91' lang='lat' dir='ltr'><strong>Tib.</strong></span> <span class='ocrx_word' id='word_1_121' title='bbox 929 865 993 911; x_wconf 91' lang='grc'><strong>26,</strong></span> <span class='ocrx_word' id='word_1_122' title='bbox 1020 864 1090 900; x_wconf 84' lang='grc' dir='ltr'><strong>1)ἰο</strong></span> <span class='ocrx_word' id='word_1_123' title='bbox 1115 865 1177 909; x_wconf 83' lang='grc'><strong>57,</strong></span> <span class='ocrx_word' id='word_1_124' title='bbox 1197 866 1236 912; x_wconf 89' lang='lat'><strong>8,</strong></span> <span class='ocrx_word' id='word_1_125' title='bbox 1263 862 1361 913; x_wconf 91' lang='lat' dir='ltr'><strong>quod</strong></span> <span class='ocrx_word' id='word_1_126' title='bbox 1387 863 1542 912; x_wconf 87' lang='lat' dir='ltr'><strong>primum</strong></span> 
     </span>
     <span class='ocr_line' id='line_1_14' title="bbox 101 925 1544 980; baseline -0.004 -13"><span class='ocrx_word' id='word_1_127' title='bbox 101 932 242 980; x_wconf 89' lang='lat' dir='ltr'><strong>accepit</strong></span> <span class='ocrx_word' id='word_1_128' title='bbox 279 941 374 966; x_wconf 90' lang='lat' dir='ltr'><strong>anno</strong></span> <span class='ocrx_word' id='word_1_129' title='bbox 400 930 497 976; x_wconf 88' lang='grc'>746,</span> <span class='ocrx_word' id='word_1_130' title='bbox 524 928 593 964; x_wconf 91' lang='lat' dir='ltr'><strong>Dio</strong></span> <span class='ocrx_word' id='word_1_131' title='bbox 620 928 684 974; x_wconf 82' lang='lat'><strong>55,</strong></span> <span class='ocrx_word' id='word_1_132' title='bbox 703 928 740 963; x_wconf 87' lang='lat'><strong>6.</strong></span> <span class='ocrx_word' id='word_1_133' title='bbox 792 925 891 963; x_wconf 89' lang='lat' dir='ltr'><strong>Idem</strong></span> <span class='ocrx_word' id='word_1_134' title='bbox 926 937 1127 974; x_wconf 85' lang='lat' dir='ltr'><strong>cognomen</strong></span> <span class='ocrx_word' id='word_1_135' title='bbox 1161 938 1241 962; x_wconf 91' lang='lat' dir='ltr'><strong>cum</strong></span> <span class='ocrx_word' id='word_1_136' title='bbox 1277 925 1339 962; x_wconf 88' lang='lat' dir='ltr'><strong>illo</strong></span> <span class='ocrx_word' id='word_1_137' title='bbox 1379 932 1544 975; x_wconf 87' lang='lat' dir='ltr'><strong>tempore</strong></span> 
     </span>
     <span class='ocr_line' id='line_1_15' title="bbox 102 987 1544 1043; baseline -0.004 -14"><span class='ocrx_word' id='word_1_138' title='bbox 102 999 251 1043; x_wconf 83' lang='lat' dir='ltr'><strong>praeter</strong></span> <span class='ocrx_word' id='word_1_139' title='bbox 280 990 538 1028; x_wconf 89' lang='lat' dir='ltr'><strong>Germanicum</strong></span> <span class='ocrx_word' id='word_1_140' title='bbox 565 989 757 1025; x_wconf 87' lang='lat' dir='ltr'><strong>Caesarem</strong></span> <span class='ocrx_word' id='word_1_141' title='bbox 784 998 890 1023; x_wconf 89' lang='lat' dir='ltr'><strong>nemo</strong></span> <span class='ocrx_word' id='word_1_142' title='bbox 916 987 1080 1035; x_wconf 85' lang='lat' dir='ltr'><strong>gesserit,</strong></span> <span class='ocrx_word' id='word_1_143' title='bbox 1105 987 1179 1024; x_wconf 92' lang='lat' dir='ltr'><strong>uid.</strong></span> <span class='ocrx_word' id='word_1_144' title='bbox 1207 988 1300 1024; x_wconf 90' lang='lat' dir='ltr'><strong>Tac.</strong></span> <span class='ocrx_word' id='word_1_145' title='bbox 1320 999 1406 1024; x_wconf 90' lang='lat' dir='ltr'><strong>ann.</strong></span> <span class='ocrx_word' id='word_1_146' title='bbox 1423 990 1463 1035; x_wconf 89' lang='lat'><strong>2,</strong></span> <span class='ocrx_word' id='word_1_147' title='bbox 1478 988 1544 1036; x_wconf 83' lang='lat'><strong>26,</strong></span> 
     </span>
     <span class='ocr_line' id='line_1_16' title="bbox 102 1047 1544 1102; baseline -0.003 -12"><span class='ocrx_word' id='word_1_148' title='bbox 102 1055 167 1102; x_wconf 88' lang='lat'><strong>44,</strong></span> <span class='ocrx_word' id='word_1_149' title='bbox 194 1052 417 1101; x_wconf 69' lang='lat' dir='ltr'><strong>intelligitur,</strong></span> <span class='ocrx_word' id='word_1_150' title='bbox 445 1051 507 1100; x_wconf 89' lang='lat' dir='ltr'><strong>qui</strong></span> <span class='ocrx_word' id='word_1_151' title='bbox 532 1050 604 1086; x_wconf 90' lang='lat' dir='ltr'><strong>sint</strong></span> <span class='ocrx_word' id='word_1_152' title='bbox 630 1048 737 1086; x_wconf 80' lang='lat' dir='ltr'><strong>duces</strong></span> <span class='ocrx_word' id='word_1_153' title='bbox 763 1062 823 1085; x_wconf 86' lang='lat' dir='ltr'><strong>uu.</strong></span> <span class='ocrx_word' id='word_1_154' title='bbox 839 1050 889 1085; x_wconf 88' lang='grc'><strong>67</strong></span> <span class='ocrx_word' id='word_1_155' title='bbox 911 1055 948 1085; x_wconf 89' lang='lat' dir='ltr'><strong>et</strong></span> <span class='ocrx_word' id='word_1_156' title='bbox 969 1050 1058 1097; x_wconf 90' lang='lat'>714,</span> <span class='ocrx_word' id='word_1_157' title='bbox 1085 1049 1215 1099; x_wconf 90' lang='lat' dir='ltr'><strong>quibus</strong></span> <span class='ocrx_word' id='word_1_158' title='bbox 1240 1049 1278 1085; x_wconf 94' lang='lat' dir='ltr'><strong>in</strong></span> <span class='ocrx_word' id='word_1_159' title='bbox 1304 1049 1390 1086; x_wconf 89' lang='lat' dir='ltr'><strong>locis</strong></span> <span class='ocrx_word' id='word_1_160' title='bbox 1415 1047 1544 1086; x_wconf 87' lang='lat' dir='ltr'><strong>eadem</strong></span> 
     </span>
     <span class='ocr_line' id='line_1_17' title="bbox 103 1109 1544 1163; baseline -0.002 -11"><span class='ocrx_word' id='word_1_161' title='bbox 103 1115 197 1152; x_wconf 89' lang='lat' dir='ltr'><strong>inest</strong></span> <span class='ocrx_word' id='word_1_162' title='bbox 220 1114 413 1162; x_wconf 88' lang='lat' dir='ltr'><strong>sententia,</strong></span> <span class='ocrx_word' id='word_1_163' title='bbox 438 1124 534 1163; x_wconf 90' lang='lat' dir='ltr'><strong>quae</strong></span> <span class='ocrx_word' id='word_1_164' title='bbox 561 1124 622 1148; x_wconf 88' lang='lat' dir='ltr'><strong>uu.</strong></span> <span class='ocrx_word' id='word_1_165' title='bbox 641 1112 732 1159; x_wconf 88' lang='lat'><strong>287,</strong></span> <span class='ocrx_word' id='word_1_166' title='bbox 746 1113 836 1159; x_wconf 90' lang='lat'>701,</span> <span class='ocrx_word' id='word_1_167' title='bbox 853 1113 942 1148; x_wconf 88' lang='lat'>721.</span> <span class='ocrx_word' id='word_1_168' title='bbox 982 1109 1120 1148; x_wconf 90' lang='lat' dir='ltr'><strong>Omnes</strong></span> <span class='ocrx_word' id='word_1_169' title='bbox 1145 1111 1252 1148; x_wconf 90' lang='lat' dir='ltr'><strong>simul</strong></span> <span class='ocrx_word' id='word_1_170' title='bbox 1277 1110 1544 1162; x_wconf 82' lang='lat' dir='ltr'><strong>contemplare:</strong></span> 
     </span>
     <span class='ocr_line' id='line_1_18' title="bbox 492 1172 1206 1222; baseline 0.001 -12"><span class='ocrx_word' id='word_1_171' title='bbox 492 1194 539 1202; x_wconf 91' lang='lat'>—</span> <span class='ocrx_word' id='word_1_172' title='bbox 567 1172 728 1218; x_wconf 67' lang='lat' dir='ltr'><strong>ducibus,</strong></span> <span class='ocrx_word' id='word_1_173' title='bbox 754 1184 905 1222; x_wconf 80' lang='lat' dir='ltr'><strong>qaorum</strong></span> <span class='ocrx_word' id='word_1_174' title='bbox 931 1185 1059 1211; x_wconf 78' lang='lat' dir='ltr'><strong>secura</strong></span> <span class='ocrx_word' id='word_1_175' title='bbox 1082 1172 1206 1211; x_wconf 78' lang='lat' dir='ltr'><strong>labore</strong></span> 
     </span>
     <span class='ocr_line' id='line_1_19' title="bbox 259 1234 1176 1285; baseline -0.004 -9"><span class='ocrx_word' id='word_1_176' title='bbox 259 1238 375 1276; x_wconf 72' lang='lat' dir='ltr'><strong>Otia</strong></span> <span class='ocrx_word' id='word_1_177' title='bbox 400 1241 499 1274; x_wconf 79' lang='lat' dir='ltr'><strong>terra</strong></span> <span class='ocrx_word' id='word_1_178' title='bbox 524 1235 647 1283; x_wconf 68' lang='lat' dir='ltr'><strong>ferax,</strong></span> <span class='ocrx_word' id='word_1_179' title='bbox 675 1237 770 1273; x_wconf 71' lang='lat' dir='ltr'><strong>otia</strong></span> <span class='ocrx_word' id='word_1_180' title='bbox 796 1240 928 1285; x_wconf 72' lang='lat' dir='ltr'><strong>pontus</strong></span> <span class='ocrx_word' id='word_1_181' title='bbox 953 1234 1099 1273; x_wconf 78' lang='lat' dir='ltr'><strong>habet.</strong></span> <span class='ocrx_word' id='word_1_182' title='bbox 1125 1256 1176 1266; x_wconf 91' lang='lat'><strong>—·</strong></span> 
     </span>
     <span class='ocr_line' id='line_1_20' title="bbox 338 1297 1152 1346; baseline 0 -10"><span class='ocrx_word' id='word_1_183' title='bbox 338 1302 396 1337; x_wconf 76' lang='lat' dir='ltr'><strong>&#39;Pa</strong></span> <span class='ocrx_word' id='word_1_184' title='bbox 423 1297 570 1336; x_wconf 74' lang='lat' dir='ltr'><strong>ducibus</strong></span> <span class='ocrx_word' id='word_1_185' title='bbox 595 1297 682 1335; x_wconf 84' lang='lat' dir='ltr'><strong>bello</strong></span> <span class='ocrx_word' id='word_1_186' title='bbox 705 1297 825 1346; x_wconf 60' lang='lat' dir='ltr'><strong>⁸aleria</strong></span> <span class='ocrx_word' id='word_1_187' title='bbox 850 1299 968 1335; x_wconf 78' lang='lat' dir='ltr'><strong>maior</strong></span> <span class='ocrx_word' id='word_1_188' title='bbox 992 1300 1075 1336; x_wconf 74' lang='lat' dir='ltr'><strong>eris.</strong></span> <span class='ocrx_word' id='word_1_189' title='bbox 1102 1320 1152 1326; x_wconf 91' lang='lat'><em>-</em></span> 
     </span>
     <span class='ocr_line' id='line_1_21' title="bbox 257 1360 1229 1410; baseline -0.001 -11"><span class='ocrx_word' id='word_1_190' title='bbox 257 1364 347 1400; x_wconf 81' lang='lat' dir='ltr'><strong>Iane</strong></span> <span class='ocrx_word' id='word_1_191' title='bbox 374 1360 457 1408; x_wconf 77' lang='lat' dir='ltr'><strong>face</strong></span> <span class='ocrx_word' id='word_1_192' title='bbox 480 1365 643 1398; x_wconf 78' lang='lat' dir='ltr'><strong>aeternos</strong></span> <span class='ocrx_word' id='word_1_193' title='bbox 667 1372 824 1410; x_wconf 81' lang='lat' dir='ltr'><strong>pacem</strong></span> <span class='ocrx_word' id='word_1_194' title='bbox 847 1362 1017 1410; x_wconf 74' lang='lat' dir='ltr'><strong>pacisque</strong></span> <span class='ocrx_word' id='word_1_195' title='bbox 1042 1361 1229 1398; x_wconf 65' lang='lat' dir='ltr'><strong>ministros</strong></span> 
     </span>
     <span class='ocr_line' id='line_1_22' title="bbox 336 1421 1287 1473; baseline 0 -13"><span class='ocrx_word' id='word_1_196' title='bbox 336 1425 438 1460; x_wconf 81' lang='lat' dir='ltr'><strong>Neue</strong></span> <span class='ocrx_word' id='word_1_197' title='bbox 462 1434 578 1467; x_wconf 79' lang='lat' dir='ltr'><strong>suum,</strong></span> <span class='ocrx_word' id='word_1_198' title='bbox 603 1427 764 1472; x_wconf 81' lang='lat' dir='ltr'><strong>praesta,</strong></span> <span class='ocrx_word' id='word_1_199' title='bbox 790 1421 931 1459; x_wconf 83' lang='lat' dir='ltr'><strong>deserat</strong></span> <span class='ocrx_word' id='word_1_200' title='bbox 955 1427 1081 1460; x_wconf 80' lang='lat' dir='ltr'><strong>auctor</strong></span> <span class='ocrx_word' id='word_1_201' title='bbox 1107 1435 1211 1473; x_wconf 85' lang='lat' dir='ltr'><strong>opus.</strong></span> <span class='ocrx_word' id='word_1_202' title='bbox 1235 1441 1287 1452; x_wconf 92' lang='lat'>-</span> 
     </span>
     <span class='ocr_line' id='line_1_23' title="bbox 261 1484 1166 1534; baseline 0 -12"><span class='ocrx_word' id='word_1_203' title='bbox 261 1486 396 1522; x_wconf 62' lang='lat' dir='ltr'><strong>Gravia</strong></span> <span class='ocrx_word' id='word_1_204' title='bbox 422 1484 478 1522; x_wconf 67' lang='lat' dir='ltr'><strong>dis</strong></span> <span class='ocrx_word' id='word_1_205' title='bbox 503 1484 693 1534; x_wconf 67' lang='lat' dir='ltr'><strong>domuique</strong></span> <span class='ocrx_word' id='word_1_206' title='bbox 717 1489 823 1522; x_wconf 62' lang='lat' dir='ltr'><strong>vaae:</strong></span> <span class='ocrx_word' id='word_1_207' title='bbox 846 1484 1004 1534; x_wconf 64' lang='lat' dir='ltr'><strong>reliyata</strong></span> <span class='ocrx_word' id='word_1_208' title='bbox 1029 1486 1166 1522; x_wconf 75' lang='lat' dir='ltr'><strong>catenis</strong></span> 
     </span>
     <span class='ocr_line' id='line_1_24' title="bbox 337 1545 1281 1597; baseline 0 -12"><span class='ocrx_word' id='word_1_209' title='bbox 337 1549 421 1586; x_wconf 88' lang='lat' dir='ltr'><strong>Iam</strong></span> <span class='ocrx_word' id='word_1_210' title='bbox 445 1546 582 1597; x_wconf 66' lang='lat' dir='ltr'><strong>pridem</strong></span> <span class='ocrx_word' id='word_1_211' title='bbox 608 1551 729 1584; x_wconf 81' lang='lat' dir='ltr'><strong>uestro</strong></span> <span class='ocrx_word' id='word_1_212' title='bbox 754 1545 819 1584; x_wconf 85' lang='lat' dir='ltr'><strong>sub</strong></span> <span class='ocrx_word' id='word_1_213' title='bbox 844 1545 930 1596; x_wconf 80' lang='lat' dir='ltr'><strong>pede</strong></span> <span class='ocrx_word' id='word_1_214' title='bbox 954 1546 1047 1584; x_wconf 80' lang='lat' dir='ltr'><strong>bella</strong></span> <span class='ocrx_word' id='word_1_215' title='bbox 1071 1549 1203 1585; x_wconf 75' lang='lat' dir='ltr'><strong>iaceat.</strong></span> <span class='ocrx_word' id='word_1_216' title='bbox 1229 1567 1281 1578; x_wconf 90' lang='lat'>-</span> 
     </span>
     <span class='ocr_line' id='line_1_25' title="bbox 265 1608 1473 1660; baseline 0.003 -15"><span class='ocrx_word' id='word_1_217' title='bbox 265 1611 379 1659; x_wconf 75' lang='lat' dir='ltr'><strong>thae</strong></span> <span class='ocrx_word' id='word_1_218' title='bbox 403 1608 541 1654; x_wconf 80' lang='lat' dir='ltr'><strong>domus,</strong></span> <span class='ocrx_word' id='word_1_219' title='bbox 567 1621 658 1658; x_wconf 82' lang='lat' dir='ltr'><strong>quae</strong></span> <span class='ocrx_word' id='word_1_220' title='bbox 681 1613 845 1659; x_wconf 79' lang='lat' dir='ltr'><strong>praestat</strong></span> <span class='ocrx_word' id='word_1_221' title='bbox 870 1621 961 1654; x_wconf 86' lang='lat' dir='ltr'><strong>eam,</strong></span> <span class='ocrx_word' id='word_1_222' title='bbox 988 1621 1068 1646; x_wconf 83' lang='lat' dir='ltr'><strong>cum</strong></span> <span class='ocrx_word' id='word_1_223' title='bbox 1091 1622 1198 1660; x_wconf 85' lang='lat' dir='ltr'><strong>pace</strong></span> <span class='ocrx_word' id='word_1_224' title='bbox 1224 1611 1391 1659; x_wconf 77' lang='lat' dir='ltr'><strong>perennet</strong></span> <span class='ocrx_word' id='word_1_225' title='bbox 1411 1627 1473 1649; x_wconf 83' lang='grc'><strong>-.</strong></span> 
     </span>
     <span class='ocr_line' id='line_1_26' title="bbox 115 1670 1552 1722; baseline 0.001 -16"><span class='ocrx_word' id='word_1_226' title='bbox 115 1670 215 1707; x_wconf 89' lang='lat' dir='ltr'><strong>Haec</strong></span> <span class='ocrx_word' id='word_1_227' title='bbox 241 1682 310 1719; x_wconf 85' lang='lat' dir='ltr'><strong>pax</strong></span> <span class='ocrx_word' id='word_1_228' title='bbox 335 1670 441 1707; x_wconf 84' lang='lat' dir='ltr'><strong>toties</strong></span> <span class='ocrx_word' id='word_1_229' title='bbox 465 1682 536 1706; x_wconf 92' lang='lat' dir='ltr'><strong>uno</strong></span> <span class='ocrx_word' id='word_1_230' title='bbox 560 1671 652 1707; x_wconf 87' lang='lat' dir='ltr'><strong>libro</strong></span> <span class='ocrx_word' id='word_1_231' title='bbox 673 1670 866 1708; x_wconf 87' lang='lat' dir='ltr'><strong>decantata</strong></span> <span class='ocrx_word' id='word_1_232' title='bbox 893 1671 968 1707; x_wconf 88' lang='lat' dir='ltr'><strong>alia</strong></span> <span class='ocrx_word' id='word_1_233' title='bbox 994 1671 1053 1707; x_wconf 81' lang='lat' dir='ltr'><strong>uix</strong></span> <span class='ocrx_word' id='word_1_234' title='bbox 1078 1683 1156 1708; x_wconf 89' lang='lat' dir='ltr'><strong>esse</strong></span> <span class='ocrx_word' id='word_1_235' title='bbox 1181 1677 1317 1722; x_wconf 87' lang='lat' dir='ltr'><strong>potest,</strong></span> <span class='ocrx_word' id='word_1_236' title='bbox 1342 1678 1452 1721; x_wconf 87' lang='lat' dir='ltr'><strong>atque</strong></span> <span class='ocrx_word' id='word_1_237' title='bbox 1475 1670 1552 1719; x_wconf 92' lang='lat' dir='ltr'><strong>illa,</strong></span> 
     </span>
     <span class='ocr_line' id='line_1_27' title="bbox 115 1730 1553 1783; baseline 0 -15"><span class='ocrx_word' id='word_1_238' title='bbox 115 1731 164 1770; x_wconf 93' lang='lat' dir='ltr'><strong>de</strong></span> <span class='ocrx_word' id='word_1_239' title='bbox 190 1743 263 1782; x_wconf 88' lang='lat' dir='ltr'><strong>qua</strong></span> <span class='ocrx_word' id='word_1_240' title='bbox 289 1731 409 1768; x_wconf 88' lang='lat' dir='ltr'><strong>locum</strong></span> <span class='ocrx_word' id='word_1_241' title='bbox 435 1743 472 1768; x_wconf 92' lang='lat' dir='ltr'><strong>u.</strong></span> <span class='ocrx_word' id='word_1_242' title='bbox 491 1730 567 1768; x_wconf 82' lang='lat'><strong>285</strong></span> <span class='ocrx_word' id='word_1_243' title='bbox 592 1743 704 1781; x_wconf 87' lang='lat' dir='ltr'><strong>supra</strong></span> <span class='ocrx_word' id='word_1_244' title='bbox 729 1732 922 1782; x_wconf 83' lang='lat' dir='ltr'><strong>exscripsi,</strong></span> <span class='ocrx_word' id='word_1_245' title='bbox 948 1739 1031 1782; x_wconf 89' lang='lat' dir='ltr'><strong>post</strong></span> <span class='ocrx_word' id='word_1_246' title='bbox 1057 1745 1214 1783; x_wconf 86' lang='lat' dir='ltr'><strong>proauos</strong></span> <span class='ocrx_word' id='word_1_247' title='bbox 1240 1738 1382 1770; x_wconf 90' lang='lat' dir='ltr'><strong>nostros</strong></span> <span class='ocrx_word' id='word_1_248' title='bbox 1406 1744 1429 1769; x_wconf 93' lang='lat' dir='ltr'><strong>a</strong></span> <span class='ocrx_word' id='word_1_249' title='bbox 1455 1732 1553 1769; x_wconf 87' lang='lat' dir='ltr'><strong>Ger-</strong></span> 
     </span>
     <span class='ocr_line' id='line_1_28' title="bbox 115 1791 1555 1841; baseline 0.001 -10"><span class='ocrx_word' id='word_1_250' title='bbox 115 1794 258 1831; x_wconf 89' lang='lat' dir='ltr'><strong>manico</strong></span> <span class='ocrx_word' id='word_1_251' title='bbox 285 1791 452 1830; x_wconf 87' lang='lat' dir='ltr'><strong>domitos.</strong></span> <span class='ocrx_word' id='word_1_252' title='bbox 505 1792 674 1841; x_wconf 91' lang='lat' dir='ltr'><strong>Namque</strong></span> <span class='ocrx_word' id='word_1_253' title='bbox 698 1792 837 1829; x_wconf 81' lang='lat' dir='ltr'><strong>nullum</strong></span> <span class='ocrx_word' id='word_1_254' title='bbox 861 1797 946 1830; x_wconf 75' lang='lat' dir='ltr'><strong>tunc</strong></span> <span class='ocrx_word' id='word_1_255' title='bbox 971 1794 1084 1831; x_wconf 74' lang='lat' dir='ltr'><strong>alium</strong></span> <span class='ocrx_word' id='word_1_256' title='bbox 1107 1792 1244 1831; x_wconf 75' lang='lat' dir='ltr'><strong>hostem</strong></span> <span class='ocrx_word' id='word_1_257' title='bbox 1266 1793 1376 1831; x_wconf 82' lang='lat' dir='ltr'><strong>fuisse</strong></span> <span class='ocrx_word' id='word_1_258' title='bbox 1401 1793 1555 1832; x_wconf 77' lang='lat' dir='ltr'><strong>Tacitus</strong></span> 
     </span>
     <span class='ocr_line' id='line_1_29' title="bbox 116 1852 1555 1905; baseline -0.001 -13"><span class='ocrx_word' id='word_1_259' title='bbox 116 1860 271 1892; x_wconf 88' lang='lat' dir='ltr'><strong>testatur</strong></span> <span class='ocrx_word' id='word_1_260' title='bbox 296 1866 329 1891; x_wconf 85' lang='lat' dir='ltr'><strong>c.</strong></span> <span class='ocrx_word' id='word_1_261' title='bbox 344 1855 408 1901; x_wconf 94' lang='grc'><strong>26,</strong></span> <span class='ocrx_word' id='word_1_262' title='bbox 436 1860 473 1891; x_wconf 91' lang='lat' dir='ltr'><strong>et</strong></span> <span class='ocrx_word' id='word_1_263' title='bbox 497 1852 625 1890; x_wconf 79' lang='lat' dir='ltr'><strong>bellum</strong></span> <span class='ocrx_word' id='word_1_264' title='bbox 649 1864 716 1902; x_wconf 81' lang='lat' dir='ltr'><strong>pro</strong></span> <span class='ocrx_word' id='word_1_265' title='bbox 742 1852 903 1901; x_wconf 76' lang='lat' dir='ltr'><strong>confecto</strong></span> <span class='ocrx_word' id='word_1_266' title='bbox 930 1862 1120 1905; x_wconf 89' lang='lat' dir='ltr'><strong>acceptum</strong></span> <span class='ocrx_word' id='word_1_267' title='bbox 1145 1867 1224 1892; x_wconf 88' lang='lat' dir='ltr'><strong>esse</strong></span> <span class='ocrx_word' id='word_1_268' title='bbox 1250 1867 1283 1893; x_wconf 91' lang='lat' dir='ltr'><strong>c.</strong></span> <span class='ocrx_word' id='word_1_269' title='bbox 1297 1855 1360 1893; x_wconf 85' lang='lat'><strong>41.</strong></span> <span class='ocrx_word' id='word_1_270' title='bbox 1396 1854 1455 1892; x_wconf 87' lang='lat' dir='ltr'><strong>Ex</strong></span> <span class='ocrx_word' id='word_1_271' title='bbox 1479 1867 1555 1905; x_wconf 87' lang='lat' dir='ltr'><strong>quo</strong></span> 
     </span>
     <span class='ocr_line' id='line_1_30' title="bbox 118 1913 1555 1966; baseline 0 -13"><span class='ocrx_word' id='word_1_272' title='bbox 118 1915 293 1954; x_wconf 79' lang='lat' dir='ltr'><strong>Ouidium</strong></span> <span class='ocrx_word' id='word_1_273' title='bbox 313 1914 428 1952; x_wconf 82' lang='lat' dir='ltr'><strong>fastos</strong></span> <span class='ocrx_word' id='word_1_274' title='bbox 447 1913 653 1952; x_wconf 87' lang='lat' dir='ltr'><strong>elaborasse</strong></span> <span class='ocrx_word' id='word_1_275' title='bbox 679 1927 791 1965; x_wconf 84' lang='lat' dir='ltr'><strong>supra</strong></span> <span class='ocrx_word' id='word_1_276' title='bbox 817 1915 986 1965; x_wconf 88' lang='lat' dir='ltr'><strong>indicaui,</strong></span> <span class='ocrx_word' id='word_1_277' title='bbox 1014 1917 1074 1953; x_wconf 85' lang='lat' dir='ltr'><strong>uix</strong></span> <span class='ocrx_word' id='word_1_278' title='bbox 1099 1929 1191 1954; x_wconf 92' lang='lat' dir='ltr'><strong>unus</strong></span> <span class='ocrx_word' id='word_1_279' title='bbox 1216 1928 1331 1955; x_wconf 88' lang='lat' dir='ltr'><strong>annus</strong></span> <span class='ocrx_word' id='word_1_280' title='bbox 1355 1916 1433 1954; x_wconf 89' lang='lat' dir='ltr'><strong>sine</strong></span> <span class='ocrx_word' id='word_1_281' title='bbox 1451 1916 1555 1966; x_wconf 84' lang='lat' dir='ltr'><strong>graui</strong></span> 
     </span>
     <span class='ocr_line' id='line_1_31' title="bbox 117 1976 1556 2029; baseline 0.001 -16"><span class='ocrx_word' id='word_1_282' title='bbox 117 1977 215 2014; x_wconf 91' lang='lat' dir='ltr'><strong>bello</strong></span> <span class='ocrx_word' id='word_1_283' title='bbox 240 1977 321 2014; x_wconf 82' lang='lat' dir='ltr'><strong>fuit.</strong></span> <span class='ocrx_word' id='word_1_284' title='bbox 365 1976 473 2014; x_wconf 87' lang='lat' dir='ltr'><strong>Caius</strong></span> <span class='ocrx_word' id='word_1_285' title='bbox 493 1977 630 2014; x_wconf 87' lang='lat' dir='ltr'><strong>Caesar</strong></span> <span class='ocrx_word' id='word_1_286' title='bbox 649 1977 759 2029; x_wconf 70' lang='lat' dir='ltr'><strong>paulo</strong></span> <span class='ocrx_word' id='word_1_287' title='bbox 785 1984 867 2027; x_wconf 87' lang='lat' dir='ltr'><strong>post</strong></span> <span class='ocrx_word' id='word_1_288' title='bbox 892 1990 1024 2015; x_wconf 87' lang='lat' dir='ltr'><strong>annum</strong></span> <span class='ocrx_word' id='word_1_289' title='bbox 1044 1978 1117 2015; x_wconf 87' lang='lat'><strong>752</strong></span> <span class='ocrx_word' id='word_1_290' title='bbox 1143 1978 1296 2016; x_wconf 86' lang='lat' dir='ltr'><strong>fortasse</strong></span> <span class='ocrx_word' id='word_1_291' title='bbox 1322 1985 1448 2016; x_wconf 88' lang='lat' dir='ltr'><strong>contra</strong></span> <span class='ocrx_word' id='word_1_292' title='bbox 1464 1978 1556 2015; x_wconf 90' lang='lat' dir='ltr'><strong>Par-</strong></span> 
     </span>
     <span class='ocr_line' id='line_1_32' title="bbox 118 2038 1553 2090; baseline 0.001 -14"><span class='ocrx_word' id='word_1_293' title='bbox 118 2038 201 2076; x_wconf 86' lang='lat' dir='ltr'><strong>thos</strong></span> <span class='ocrx_word' id='word_1_294' title='bbox 227 2038 424 2089; x_wconf 86' lang='lat' dir='ltr'><strong>profectus,</strong></span> <span class='ocrx_word' id='word_1_295' title='bbox 451 2038 525 2076; x_wconf 84' lang='lat' dir='ltr'><strong>Ou.</strong></span> <span class='ocrx_word' id='word_1_296' title='bbox 542 2046 612 2076; x_wconf 89' lang='lat' dir='ltr'><strong>art.</strong></span> <span class='ocrx_word' id='word_1_297' title='bbox 626 2051 699 2076; x_wconf 85' lang='lat' dir='ltr'><strong>am.</strong></span> <span class='ocrx_word' id='word_1_298' title='bbox 716 2043 752 2087; x_wconf 89' lang='lat' dir='ltr'><strong>l,</strong></span> <span class='ocrx_word' id='word_1_299' title='bbox 770 2041 841 2076; x_wconf 88' lang='lat'><strong>177</strong></span> <span class='ocrx_word' id='word_1_300' title='bbox 856 2052 950 2089; x_wconf 90' lang='lat' dir='ltr'><strong>sqq.,</strong></span> <span class='ocrx_word' id='word_1_301' title='bbox 975 2040 1103 2077; x_wconf 88' lang='lat' dir='ltr'><strong>Vellei.</strong></span> <span class='ocrx_word' id='word_1_302' title='bbox 1122 2044 1162 2088; x_wconf 90' lang='grc'><strong>2,</strong></span> <span class='ocrx_word' id='word_1_303' title='bbox 1183 2043 1270 2089; x_wconf 89' lang='grc'>101,</span> <span class='ocrx_word' id='word_1_304' title='bbox 1298 2047 1492 2090; x_wconf 89' lang='lat' dir='ltr'><strong>antequam</strong></span> <span class='ocrx_word' id='word_1_305' title='bbox 1518 2038 1553 2077; x_wconf 88' lang='lat' dir='ltr'><strong>ei</strong></span> 
     </span>
     <span class='ocr_line' id='line_1_33' title="bbox 120 2100 1560 2150; baseline 0.001 -13"><span class='ocrx_word' id='word_1_306' title='bbox 120 2100 339 2150; x_wconf 82' lang='lat' dir='ltr'><strong>expeditioni</strong></span> <span class='ocrx_word' id='word_1_307' title='bbox 367 2100 617 2138; x_wconf 86' lang='lat' dir='ltr'><strong>immoreretur</strong></span> <span class='ocrx_word' id='word_1_308' title='bbox 634 2113 730 2138; x_wconf 87' lang='lat' dir='ltr'><strong>anno</strong></span> <span class='ocrx_word' id='word_1_309' title='bbox 751 2102 840 2149; x_wconf 86' lang='lat'><strong>757,</strong></span> <span class='ocrx_word' id='word_1_310' title='bbox 867 2102 1002 2138; x_wconf 85' lang='lat' dir='ltr'><strong>exarsit</strong></span> <span class='ocrx_word' id='word_1_311' title='bbox 1022 2102 1155 2140; x_wconf 90' lang='lat' dir='ltr'><strong>bellum</strong></span> <span class='ocrx_word' id='word_1_312' title='bbox 1174 2103 1211 2139; x_wconf 90' lang='lat' dir='ltr'><strong>in</strong></span> <span class='ocrx_word' id='word_1_313' title='bbox 1232 2102 1446 2149; x_wconf 86' lang='lat' dir='ltr'><strong>Germania,</strong></span> <span class='ocrx_word' id='word_1_314' title='bbox 1469 2100 1560 2139; x_wconf 84' lang='lat' dir='ltr'><strong>Vel-</strong></span> 
     </span>
     <span class='ocr_line' id='line_1_34' title="bbox 118 2161 1560 2213; baseline -0.001 -13"><span class='ocrx_word' id='word_1_315' title='bbox 118 2162 180 2201; x_wconf 86' lang='lat' dir='ltr'><strong>lei.</strong></span> <span class='ocrx_word' id='word_1_316' title='bbox 207 2166 246 2210; x_wconf 90' lang='grc'><strong>2,</strong></span> <span class='ocrx_word' id='word_1_317' title='bbox 269 2163 355 2211; x_wconf 89' lang='grc'>104,</span> <span class='ocrx_word' id='word_1_318' title='bbox 383 2164 441 2200; x_wconf 89' lang='lat' dir='ltr'><strong>cui</strong></span> <span class='ocrx_word' id='word_1_319' title='bbox 467 2163 650 2213; x_wconf 87' lang='lat' dir='ltr'><strong>quomodo</strong></span> <span class='ocrx_word' id='word_1_320' title='bbox 683 2169 767 2213; x_wconf 90' lang='lat' dir='ltr'><strong>post</strong></span> <span class='ocrx_word' id='word_1_321' title='bbox 800 2162 1032 2213; x_wconf 86' lang='lat' dir='ltr'><strong>adoptionem</strong></span> <span class='ocrx_word' id='word_1_322' title='bbox 1066 2163 1271 2201; x_wconf 83' lang='lat' dir='ltr'><strong>interfuerit</strong></span> <span class='ocrx_word' id='word_1_323' title='bbox 1297 2163 1468 2200; x_wconf 85' lang='lat' dir='ltr'><strong>Tiberius</strong></span> <span class='ocrx_word' id='word_1_324' title='bbox 1492 2161 1560 2199; x_wconf 89' lang='lat' dir='ltr'><strong>ibi-</strong></span> 
     </span>
     <span class='ocr_line' id='line_1_35' title="bbox 120 2219 1560 2274; baseline 0.001 -13"><span class='ocrx_word' id='word_1_325' title='bbox 120 2223 205 2261; x_wconf 89' lang='lat' dir='ltr'><strong>dem</strong></span> <span class='ocrx_word' id='word_1_326' title='bbox 241 2225 339 2274; x_wconf 87' lang='lat' dir='ltr'><strong>leges</strong></span> <span class='ocrx_word' id='word_1_327' title='bbox 366 2236 397 2261; x_wconf 90' lang='lat' dir='ltr'><strong>c.</strong></span> <span class='ocrx_word' id='word_1_328' title='bbox 417 2226 659 2273; x_wconf 82' lang='lat'>105-109‚</span> <span class='ocrx_word' id='word_1_329' title='bbox 697 2225 764 2262; x_wconf 83' lang='lat' dir='ltr'><strong>cfr.</strong></span> <span class='ocrx_word' id='word_1_330' title='bbox 791 2225 861 2263; x_wconf 90' lang='lat' dir='ltr'><strong>Dio</strong></span> <span class='ocrx_word' id='word_1_331' title='bbox 887 2225 1039 2273; x_wconf 81' lang='lat'><strong>55‚23:</strong></span> <span class='ocrx_word' id='word_1_332' title='bbox 1077 2223 1280 2270; x_wconf 82' lang='grc' dir='ltr'><em>Χαλεπῶς</em></span> <span class='ocrx_word' id='word_1_333' title='bbox 1313 2220 1358 2263; x_wconf 76' lang='grc' dir='ltr'><strong>δὲ</strong></span> <span class='ocrx_word' id='word_1_334' title='bbox 1392 2219 1443 2273; x_wconf 82' lang='grc' dir='ltr'><strong>δὴ</strong></span> <span class='ocrx_word' id='word_1_335' title='bbox 1479 2221 1560 2263; x_wconf 79' lang='grc' dir='ltr'><strong>τῶν</strong></span> 
     </span>
     <span class='ocr_line' id='line_1_36' title="bbox 123 2281 1565 2338; baseline 0.001 -16"><span class='ocrx_word' id='word_1_336' title='bbox 123 2285 356 2336; x_wconf 80' lang='grc' dir='ltr'><em>ςρατιωτῶν</em></span> <span class='ocrx_word' id='word_1_337' title='bbox 383 2282 485 2335; x_wconf 81' lang='grc' dir='ltr'><em>πρὸς</em></span> <span class='ocrx_word' id='word_1_338' title='bbox 511 2282 582 2334; x_wconf 83' lang='grc' dir='ltr'><strong>τὴν</strong></span> <span class='ocrx_word' id='word_1_339' title='bbox 604 2287 683 2323; x_wconf 85' lang='grc' dir='ltr'><strong>τῶν</strong></span> <span class='ocrx_word' id='word_1_340' title='bbox 710 2281 850 2324; x_wconf 76' lang='grc' dir='ltr'><em>ἄθλων</em></span> <span class='ocrx_word' id='word_1_341' title='bbox 876 2282 1126 2338; x_wconf 82' lang='grc' dir='ltr'><strong><em>σμικρότητα</em></strong></span> <span class='ocrx_word' id='word_1_342' title='bbox 1152 2283 1220 2325; x_wconf 78' lang='grc' dir='ltr'><strong>διὰ</strong></span> <span class='ocrx_word' id='word_1_343' title='bbox 1245 2281 1340 2332; x_wconf 75' lang='grc' dir='ltr'><strong>τούς</strong></span> <span class='ocrx_word' id='word_1_344' title='bbox 1363 2281 1565 2336; x_wconf 76' lang='grc' dir='ltr'><em>πολέμους</em></span> 
     </span>
     <span class='ocr_line' id='line_1_37' title="bbox 123 2342 1565 2398; baseline 0 -12"><span class='ocrx_word' id='word_1_345' title='bbox 123 2343 220 2392; x_wconf 78' lang='grc' dir='ltr'><em>τοὺς</em></span> <span class='ocrx_word' id='word_1_346' title='bbox 245 2342 336 2385; x_wconf 83' lang='grc' dir='ltr'><strong>τότε</strong></span> <span class='ocrx_word' id='word_1_347' title='bbox 363 2343 600 2398; x_wconf 77' lang='grc' dir='ltr'><strong><em>ἐνεςηκότάς</em></strong></span> <span class='ocrx_word' id='word_1_348' title='bbox 624 2343 698 2397; x_wconf 76' lang='grc' dir='ltr'><strong>οὐχ</strong></span> <span class='ocrx_word' id='word_1_349' title='bbox 725 2344 843 2397; x_wconf 79' lang='grc' dir='ltr'><strong><em>ἣκιςα</em></strong></span> <span class='ocrx_word' id='word_1_350' title='bbox 870 2344 1042 2396; x_wconf 74' lang='grc' dir='ltr'><strong><em>ἐχόντων</em></strong></span> <span class='ocrx_word' id='word_1_351' title='bbox 1067 2369 1138 2398; x_wconf 88' lang='grc'><strong>-,</strong></span> <span class='ocrx_word' id='word_1_352' title='bbox 1166 2356 1203 2387; x_wconf 87' lang='lat' dir='ltr'><strong>et</strong></span> <span class='ocrx_word' id='word_1_353' title='bbox 1228 2362 1262 2387; x_wconf 86' lang='lat' dir='ltr'><strong>c.</strong></span> <span class='ocrx_word' id='word_1_354' title='bbox 1281 2352 1351 2388; x_wconf 82' lang='lat'><strong>28:</strong></span> <span class='ocrx_word' id='word_1_355' title='bbox 1378 2343 1452 2387; x_wconf 74' lang='grc' dir='ltr'><strong>κάν</strong></span> <span class='ocrx_word' id='word_1_356' title='bbox 1477 2349 1565 2394; x_wconf 77' lang='grc' dir='ltr'><em>τοῖς</em></span> 
     </span>
     <span class='ocr_line' id='line_1_38' title="bbox 126 2404 1564 2462; baseline 0.001 -15"><span class='ocrx_word' id='word_1_357' title='bbox 126 2404 265 2454; x_wconf 78' lang='grc' dir='ltr'><em>αὗτοΐς</em></span> <span class='ocrx_word' id='word_1_358' title='bbox 298 2404 458 2454; x_wconf 77' lang='grc' dir='ltr'><em>τούτοις</em></span> <span class='ocrx_word' id='word_1_359' title='bbox 488 2404 652 2461; x_wconf 80' lang='grc' dir='ltr'><em>χρόνοις</em></span> <span class='ocrx_word' id='word_1_360' title='bbox 683 2407 748 2448; x_wconf 79' lang='grc' dir='ltr'><strong>καὶ</strong></span> <span class='ocrx_word' id='word_1_361' title='bbox 782 2404 949 2459; x_wconf 71' lang='grc' dir='ltr'><em>πόλεμοι</em></span> <span class='ocrx_word' id='word_1_362' title='bbox 975 2408 1115 2449; x_wconf 83' lang='grc' dir='ltr'><em>πολλοὶ</em></span> <span class='ocrx_word' id='word_1_363' title='bbox 1148 2407 1338 2462; x_wconf 72' lang='grc' dir='ltr'><em>ἐγένοντο.</em></span> <span class='ocrx_word' id='word_1_364' title='bbox 1389 2410 1564 2450; x_wconf 89' lang='lat' dir='ltr'><strong>Secutum</strong></span> 
     </span>
     <span class='ocr_line' id='line_1_39' title="bbox 126 2471 1565 2522; baseline 0.003 -14"><span class='ocrx_word' id='word_1_365' title='bbox 126 2471 260 2508; x_wconf 87' lang='lat' dir='ltr'><strong>bellum</strong></span> <span class='ocrx_word' id='word_1_366' title='bbox 285 2471 547 2521; x_wconf 89' lang='lat' dir='ltr'><strong>Pannonicum,</strong></span> <span class='ocrx_word' id='word_1_367' title='bbox 574 2472 702 2510; x_wconf 84' lang='lat' dir='ltr'><strong>Vellei.</strong></span> <span class='ocrx_word' id='word_1_368' title='bbox 725 2475 764 2520; x_wconf 90' lang='grc'><strong>2,</strong></span> <span class='ocrx_word' id='word_1_369' title='bbox 785 2474 870 2518; x_wconf 90' lang='grc'>110,</span> <span class='ocrx_word' id='word_1_370' title='bbox 897 2472 967 2509; x_wconf 85' lang='grc' dir='ltr'><strong>1)ὶο</strong></span> <span class='ocrx_word' id='word_1_371' title='bbox 986 2473 1049 2518; x_wconf 82' lang='lat'><strong>55,</strong></span> <span class='ocrx_word' id='word_1_372' title='bbox 1066 2475 1131 2522; x_wconf 86' lang='lat'><strong>29,</strong></span> <span class='ocrx_word' id='word_1_373' title='bbox 1156 2473 1277 2512; x_wconf 86' lang='lat' dir='ltr'><strong>clades</strong></span> <span class='ocrx_word' id='word_1_374' title='bbox 1302 2473 1476 2522; x_wconf 87' lang='lat' dir='ltr'><strong>Variana,</strong></span> <span class='ocrx_word' id='word_1_375' title='bbox 1501 2485 1565 2512; x_wconf 84' lang='lat' dir='ltr'><strong>ex-</strong></span> 
     </span>
     <span class='ocr_line' id='line_1_40' title="bbox 129 2533 1565 2586; baseline 0.003 -17"><span class='ocrx_word' id='word_1_376' title='bbox 129 2533 330 2582; x_wconf 88' lang='lat' dir='ltr'><strong>peditiones</strong></span> <span class='ocrx_word' id='word_1_377' title='bbox 357 2533 495 2571; x_wconf 88' lang='lat' dir='ltr'><strong>Tiberii</strong></span> <span class='ocrx_word' id='word_1_378' title='bbox 521 2534 785 2582; x_wconf 89' lang='lat' dir='ltr'><strong>Germanicae,</strong></span> <span class='ocrx_word' id='word_1_379' title='bbox 819 2533 916 2571; x_wconf 87' lang='lat' dir='ltr'><strong>unde</strong></span> <span class='ocrx_word' id='word_1_380' title='bbox 946 2541 1028 2584; x_wconf 87' lang='lat' dir='ltr'><strong>post</strong></span> <span class='ocrx_word' id='word_1_381' title='bbox 1055 2535 1235 2573; x_wconf 90' lang='lat' dir='ltr'><strong>biennium</strong></span> <span class='ocrx_word' id='word_1_382' title='bbox 1268 2534 1315 2573; x_wconf 87' lang='lat' dir='ltr'><strong>ad</strong></span> <span class='ocrx_word' id='word_1_383' title='bbox 1341 2535 1565 2586; x_wconf 86' lang='lat' dir='ltr'><strong>triumphum</strong></span> 
     </span>
     <span class='ocr_line' id='line_1_41' title="bbox 131 2595 1568 2646; baseline 0.002 -16"><span class='ocrx_word' id='word_1_384' title='bbox 131 2604 205 2630; x_wconf 87' lang='lat' dir='ltr'><strong>non</strong></span> <span class='ocrx_word' id='word_1_385' title='bbox 229 2595 356 2643; x_wconf 90' lang='lat' dir='ltr'><strong>huius,</strong></span> <span class='ocrx_word' id='word_1_386' title='bbox 388 2595 452 2632; x_wconf 93' lang='lat' dir='ltr'><strong>sed</strong></span> <span class='ocrx_word' id='word_1_387' title='bbox 478 2596 674 2646; x_wconf 88' lang='lat' dir='ltr'><strong>superioris</strong></span> <span class='ocrx_word' id='word_1_388' title='bbox 699 2595 897 2632; x_wconf 88' lang='lat' dir='ltr'><strong>Pannonici</strong></span> <span class='ocrx_word' id='word_1_389' title='bbox 924 2595 1009 2633; x_wconf 87' lang='lat' dir='ltr'><strong>belli</strong></span> <span class='ocrx_word' id='word_1_390' title='bbox 1036 2603 1230 2642; x_wconf 83' lang='lat' dir='ltr'><strong>auocatus,</strong></span> <span class='ocrx_word' id='word_1_391' title='bbox 1256 2597 1362 2636; x_wconf 82' lang='lat' dir='ltr'><strong>Suet.</strong></span> <span class='ocrx_word' id='word_1_392' title='bbox 1387 2599 1485 2635; x_wconf 88' lang='lat' dir='ltr'><strong>Tib.·</strong></span> <span class='ocrx_word' id='word_1_393' title='bbox 1502 2599 1568 2643; x_wconf 88' lang='grc'><strong>20,</strong></span> 
     </span>
     <span class='ocr_line' id='line_1_42' title="bbox 137 2655 1567 2709; baseline 0.003 -18"><span class='ocrx_word' id='word_1_394' title='bbox 137 2666 378 2696; x_wconf 84' lang='lat' dir='ltr'><strong>successorem</strong></span> <span class='ocrx_word' id='word_1_395' title='bbox 403 2655 541 2708; x_wconf 75' lang='lat' dir='ltr'><strong>reliqua</strong></span> <span class='ocrx_word' id='word_1_396' title='bbox 564 2656 646 2696; x_wconf 67' lang='lat' dir='ltr'><strong>belli</strong></span> <span class='ocrx_word' id='word_1_397' title='bbox 669 2662 903 2709; x_wconf 73' lang='lat' dir='ltr'><strong>patraturum</strong></span> <span class='ocrx_word' id='word_1_398' title='bbox 926 2657 1052 2697; x_wconf 89' lang='lat' dir='ltr'><strong>habuit</strong></span> <span class='ocrx_word' id='word_1_399' title='bbox 1076 2658 1344 2706; x_wconf 81' lang='lat' dir='ltr'><strong>Germanicum,</strong></span> <span class='ocrx_word' id='word_1_400' title='bbox 1370 2658 1499 2699; x_wconf 80' lang='lat' dir='ltr'><strong>Vellei.</strong></span> <span class='ocrx_word' id='word_1_401' title='bbox 1525 2660 1567 2707; x_wconf 84' lang='lat'><strong>2,</strong></span> 
     </span>
    </p>
   </div>
  </div>
 </body>
</html>
