1685 2954
571 97 912 129 Lre.sr:x·1·vs
1379 87 1462 130 299

76 200 412 256 Reddideratque
441 201 614 242 animam
643 202 812 241 multum
842 198 1079 252 indignante
1106 200 1257 242 Diana:

133 271 269 323 Nulla,
299 269 539 321 Coronides,
568 281 697 309 causa
727 268 889 319 doloris,
920 269 990 319 ait,

79 338 271 392 Namque
300 336 367 390 pio
394 337 530 377 iuueni
558 337 686 376 uitam
718 337 808 376 sine
835 335 1001 375 uolnere
1030 335 1208 389 reddam,

132 405 187 445 Et
215 405 366 446 cedent
395 404 470 445 arti
500 401 632 444 tristia
664 403 750 443 fata
777 415 908 442 meae.
1378 406 1458 446 740

77 470 272 512 Gramina
300 472 489 513 continuo
518 472 664 512 loculis
695 471 893 523 depromit
923 471 1104 512 eburnis:

130 538 371 579 Profuerant
399 537 550 579 Glauci
581 537 767 579 manibus
796 539 863 577 illa
894 537 1005 590 prius

79 607 208 657 Tunc,
237 618 329 646 cum
357 605 600 646 obseruatas
630 607 780 660 anguis
809 605 1024 645 descendit
1051 605 1104 646 ad
1133 607 1295 648 umbras

133 672 249 713 Vsus
278 679 323 713 et
352 671 501 713 auxilio
531 681 597 714 est
626 687 757 728 augur
786 673 836 713 ab
867 685 1006 725 angue
1035 672 1152 714 dato:

77 740 256 781 Pectora
286 747 347 782 ter
376 740 529 795 tetigit,
558 748 620 782 ter
647 743 775 782 uerba
803 741 978 781 salubria
1007 741 1121 795 dixit,
1380 744 1459 782 745

134 808 376 861 Depositum
406 815 513 850 terra
542 811 708 851 sustulit
735 810 803 849 ille
832 813 968 860 caput.

77 876 219 916 Lucus
246 889 338 916 eum
367 879 624 930 nemorisque
655 877 719 917 sui
746 876 954 930 Dictynna
982 887 1154 916 recessu

133 944 273 984 Celat:
301 944 465 984 Aricino
495 945 661 984 Virbius
689 945 755 983 ille
783 945 888 984 lacu.

77 1011 136 1051 At
164 1011 390 1064 Clymenus
417 1013 651 1066 Clothoque
680 1012 830 1065 dolent,
859 1011 965 1052 haec
993 1009 1060 1050 fila
1088 1009 1229 1061 reneri,

72 1139 159 1180 737.
188 1143 407 1194 Reddatque
433 1149 618 1194 Ema.pr.
660 1145 947 1194 Perdideratque
976 1141 1017 1179 (D
1036 1142 1270 1180 test.Matth.
1291 1142 1381 1193 (ma.
1393 1156 1462 1181 sec.

23 1197 102 1229 test.
118 1195 353 1241 HeinsJMt.
392 1195 641 1246 Edideratque
665 1194 936 1233 OEtest.Heins.
976 1194 1108 1243 indign.
1135 1195 1296 1230 minerua
1320 1194 1462 1241 salins.

22 1243 98 1279 ind.
125 1255 280 1280 nouerca
307 1244 389 1281 duo.
432 1247 505 1281 ind.
536 1248 655 1294 puella
688 1245 906 1283 ‘Facu-‚scm
1008 1247 1096 1281 738.
1124 1244 1214 1290 Syll.
1243 1244 1306 1280 des
1332 1246 1371 1281 ’ἱη
1384 1257 1461 1283 ras.

23 1307 72 1330 m.
111 1292 186 1330 dol.
216 1296 282 1331 erit
311 1292 562 1340 ‹DMEdu0;
589 1299 796 1333 Num-..scin
899 1297 986 1333 739.
1013 1295 1171 1343 Nanque
1198 1297 1248 1331 D.
1286 1295 1380 1331 Nam
1403 1297 1463 1345 pio

23 1347 59 1381 E
68 1357 141 1381 ma.
152 1356 208 1394 pr.
252 1345 401 1394 Iamque
430 1343 474 1381 A
481 1359 504 1395 9
523 1351 608 1384 tres.
646 1346 784 1395 Ianque
808 1357 994 1382 rmasec.
1034 1346 1111 1380 sine
1136 1346 1283 1381 crimine
1306 1357 1329 1393 9
1351 1346 1461 1383 altus.

73 1397 161 1431 740.
194 1395 381 1432 Excedent
408 1399 450 1432 F.
502 1397 633 1433 cedant
658 1409 832 1446 yrumpr.
853 1401 938 1433 tres.
990 1395 1140 1432 credent
1166 1408 1197 1432 s.
1245 1396 1335 1433 trist.
1364 1397 1464 1434 facta

26 1444 294 1494 Fmea.pr.
313 1446 378 1483 sub
392 1459 468 1484 ras.
580 1450 668 1483 741.
706 1455 800 1483 cont.
835 1446 953 1483 loculo
989 1446 1093 1495 depr.
1127 1447 1265 1483 eburno
1290 1446 1353 1483 A.
1399 1447 1465 1484 de-

25 1496 175 1544 promsit
199 1508 305 1533 unus.
346 1497 487 1533 demisit
514 1510 621 1534 unus.
725 1499 813 1534 742.
844 1497 957 1532 olauei
985 1497 1138 1544 piscibus
1164 1509 1270 1534 alnus.
1310 1498 1370 1534 illa
1398 1498 1465 1547 piis

23 1557 56 1582 s.
165 1547 251 1582 743.
288 1548 385 1583 Turn
416 1547 515 1594 Gef.
566 1550 676 1584 Tunc
710 1549 922 1584 obseruatas
949 1543 1013 1583 Er
1024 1550 1071 1582 23
1093 1552 1125 1583 et
1144 1553 1231 1584 uett.
1252 1546 1306 1584 ed.
1355 1549 1465 1585 Tune

26 1604 258 1632 conseruatas
277 1600 337 1633 M.
376 1610 456 1633 cum
481 1606 645 1636 seruatas
662 1597 713 1636 A.
754 1611 834 1634 cum
861 1598 1013 1634 seruatis
1038 1610 1069 1633 s.
1110 1611 1190 1633 cum
1218 1599 1466 1636 obseruandas

24 1648 87 1682 44.
125 1649 199 1691 Ita,
227 1647 304 1683 obs.
325 1649 464 1696 anguis,
493 1653 553 1684 23.
592 1652 667 1687 obs.
695 1663 811 1698 augur
834 1651 974 1686 caeteri.
1012 1650 1090 1695 Ita,
1116 1648 1213 1685 desc.
1237 1649 1283 1685 ad
1304 1650 1465 1697 umbras,

24 1708 47 1744 9
65 1695 148 1734 duo.
192 1696 288 1735 desc.
307 1698 353 1734 ad
375 1699 502 1735 herbas
528 1701 590 1736 44.
631 1700 728 1736 desc.
757 1703 791 1735 in
820 1699 939 1735 herbis
964 1711 995 1735 s.
1037 1699 1133 1734 desc.
1162 1700 1197 1735 in
1224 1699 1354 1736 herbas
1380 1712 1466 1737 cae-

26 1749 105 1783 teri.
145 1748 180 1783 in
209 1747 323 1784 undas
343 1750 385 1785 N
394 1761 475 1786 aar.
486 1762 555 1786 scr.
656 1752 742 1787 744.
769 1751 864 1786 Vsus
889 1751 933 1785 ab
961 1749 1092 1785 auxilio
1119 1761 1235 1796 augur
1259 1762 1290 1787 s.
1335 1757 1371 1786 et
1396 1763 1464 1787 au-

25 1798 108 1834 xilio
143 1800 269 1847 anguis
300 1800 347 1835 ab
375 1802 424 1836 D.
478 1806 532 1836 est
563 1802 689 1849 anguis
722 1801 766 1836 ab
801 1800 928 1848 reliqui
953 1811 1085 1835 onmes.
1137 1801 1239 1837 Nam
1263 1801 1463 1838 emendam.

31 1847 153 1885 Gloss.
176 1851 231 1885 D:
263 1851 389 1899 anguis
416 1850 461 1886 ab
488 1853 622 1899 angue]
650 1851 851 1900 esculapius
878 1862 899 1886 a
929 1850 1059 1897 glauco
1085 1850 1156 1886 iam
1183 1863 1303 1900 angue
1331 1852 1366 1888 in
1392 1865 1466 1902 po-

26 1900 235 1935 sterioribus
256 1903 317 1949 qui
343 1900 501 1936 ostendit
527 1903 559 1937 ei
586 1902 730 1937 easdem
757 1901 887 1936 herbas
906 1900 1036 1948 quibus
1063 1907 1100 1936 et
1124 1901 1202 1949 ipse
1218 1909 1377 1939 mutatus
1395 1909 1462 1939 est.

77 1950 164 1985 745.
190 1950 345 1987 Pectore
361 1954 546 2000 Emmapr.
588 1953 698 1989 uerba
725 1951 914 2001 precantia
936 1948 986 1987 Ψ.
1088 1953 1176 1987 746.
1203 1952 1335 2002 Pepos.
1360 1965 1463 1990 rma.

25 2010 83 2047 pr.
184 2002 272 2040 747.
305 2002 395 2038 Luc.
425 2010 503 2038 erat
530 2015 623 2038 nem.
655 2005 723 2039 Τί.
767 2002 857 2038 Luc.
886 2002 977 2037 enim
1004 2013 1121 2038 mma.
1134 2014 1189 2050 pr.
1229 2005 1384 2040 nemoris
1410 2005 1465 2040 sui

32 2051 265 2098 Ema.pr.f.
315 2065 386 2101 que
411 2053 461 2088 tui
494 2065 516 2101 p
534 2065 696 2089 uar.scr.
744 2052 901 2095 dictinna
928 2055 963 2088 D
982 2054 1026 2088 G.
1075 2052 1235 2089 dithinna
1262 2057 1298 2091 E
1308 2067 1381 2091 ma.
1393 2066 1465 2092 sec.
1532 2068 1533 2071 ¹

28 2102 65 2137 in
81 2099 212 2137 lacuna
230 2114 254 2138 a
269 2115 341 2138 vna.
354 2114 410 2150 pr.
428 2102 565 2139 relicta.
605 2103 792 2139 ‹licthurna
813 2115 844 2139 r.
881 2115 1041 2138 recessus
1061 2105 1107 2138 Ζ.
1209 2106 1295 2141 748.
1320 2105 1467 2141 aricinio

33 2153 79 2188 G.
128 2152 259 2188 arisino
286 2152 304 2188 b
321 2165 395 2189 ma.
409 2165 464 2202 pr.
512 2154 679 2189 acricuno
705 2153 736 2200 f.
783 2154 842 2189 ille
873 2153 962 2189 latet
994 2150 1044 2189 Ψ.
1092 2153 1152 2189 ille
1180 2154 1280 2191 locus
1313 2159 1356 2194 Τ.
1404 2155 1466 2192 ille

27 2201 109 2237 loco
127 2198 185 2237 11.
227 2203 287 2239 ille
312 2204 391 2239 loco
419 2209 473 2239 est
498 2205 560 2240 41.
602 2204 680 2240 lacu
694 2211 763 2254 τἔζεε
781 2201 1106 2252 EAmma.sec.p
1124 2204 1202 2241 alii.
1305 2207 1392 2242 749.
1420 2208 1467 2242 At

29 2252 198 2288 elimenes
226 2255 314 2290 FG.
354 2256 401 2289 At
426 2254 577 2290 limenus
610 2252 1036 2291 (DtestJ‘Hezns.As23.
1077 2257 1123 2290 At
1149 2256 1320 2292 limeneus
1345 2259 1465 2294 Ema.

31 2313 87 2350 pr.
114 2302 223 2340 alius.
275 2306 320 2340 At
353 2303 503 2340 dimenis
530 2304 653 2342 Ema.
676 2317 742 2342 sec.
787 2307 832 2340 At
868 2305 993 2341 limens
1017 2308 1062 2341 P.
1112 2308 1157 2341 At
1189 2306 1295 2342 limen
1326 2304 1366 2343 Φ
1385 2312 1467 2344 test.

31 2352 171 2388 Matth..
209 2356 256 2390 In
274 2352 365 2400 (022)
377 2357 455 2390 Zm
467 2358 515 2391 22
533 2360 566 2391 et
582 2355 696 2392 tribus
712 2355 796 2393 aliis
812 2367 980 2392 rasurae.
1020 2358 1067 2391 At
1095 2356 1244 2392 lachesis
1271 2357 1413 2402 (lacesis
1428 2359 1469 2404 r)

34 2404 175 2447 caeteri,
203 2406 312 2441 etiam
342 2406 370 2441 G
387 2409 468 2441 test.
489 2408 639 2443 Santen.
679 2407 831 2442 lachesis
858 2407 1085 2455 cimenesque
1111 2406 1184 2442 dol.
1216 2407 1244 2444 G
1257 2412 1337 2445 test.
1355 2410 1468 2445 Sant-

34 2452 202 2500 clotoque
221 2457 342 2492 DEG
354 2453 485 2491 (Dber.
522 2459 595 2494 Pro
615 2456 684 2494 hac
697 2469 782 2494 uoce
800 2461 834 2493 et
849 2469 944 2505 seqq.
964 2469 1041 2493 ras.
1059 2458 1097 2492 in
1111 2468 1141 2493 s.
1174 2459 1250 2501 lta,
1276 2459 1349 2495 dol.
1363 2459 1468 2506 haec,

40 2496 315 2541 GmMPH
325 2502 562 2555 'isA222f3'9
572 2510 786 2556 mp83031
798 2511 845 2543 32
856 2511 903 2544 33
914 2510 962 2543 34
973 2509 1020 2543 35
1032 2509 1079 2543 36
1097 2507 1273 2546 tredecim.
1310 2509 1383 2546 dol.
1398 2509 1469 2545 hoc

36 2554 80 2590 F.
123 2553 197 2590 dol.
220 2554 277 2591 hic
299 2556 419 2593 [redd.
437 2559 523 2593 Ven.
538 2560 614 2594 Vic.
655 2557 729 2595 dol.
756 2570 821 2593 sua
847 2559 976 2594 caeteri
991 2562 1024 2594 et
1039 2558 1163 2595 F'uar.
1179 2570 1248 2596 scr.
1285 2559 1376 2596 haec
1395 2560 1482 2596 filia-

0 2618 1 2637 :
37 2605 82 2640 E.
123 2615 187 2640 sua
211 2604 288 2641 sata
313 2609 346 2642 F
355 2619 437 2644 uana
448 2620 518 2644 scr.
553 2611 627 2652 Ita,
655 2609 785 2654 reneri,
810 2606 893 2654 (G‘3
918 2607 1021 2645 credo
1039 2620 1180 2645 errasse
1199 2611 1318 2648 uimm
1336 2610 1468 2648 huma-

35 2655 224 2692 nissimum
253 2658 535 2707 Gottinyensem)
562 2660 654 2696 coni.
681 2659 900 2696 Salmasius.
937 2659 1050 2696 teneri
1080 2658 1181 2698 labri..
