1685 2954
108 87 275 116 LXXVIII
712 85 809 115 ANNI
839 85 938 116 ROM.

106 192 241 235 aetate,
267 192 339 236 qua
362 184 528 222 subtilior
551 184 726 234 temporis
750 185 1010 233 administratio
1043 194 1082 226 et
1106 189 1191 228 olim
1217 189 1454 230 administrati
1480 204 1547 231 no-

105 250 186 288 titia
210 249 271 285 uix
296 248 370 284 ulla
394 245 488 283 suit:
516 252 742 297 quapropter
764 249 801 286 in
827 249 1033 299 indagando
1060 253 1267 290 coniectura
1292 263 1368 289 rem
1397 255 1548 302 gessisse

106 317 145 349 et
169 324 191 348 a
217 321 305 347 uero
339 308 528 345 aberrasse
563 308 754 358 uidentur,
789 321 812 347 a
839 323 913 361 quo
940 311 1057 351 Licin.
1088 313 1212 352 Macer
1244 313 1406 351 fortassis
1432 315 1549 361 abfuit

104 372 268 424 propius,
319 369 377 406 De
402 381 498 407 anno
524 370 677 420 pristino
702 370 980 409 duodecimestri
1006 373 1149 424 losephi
1175 375 1372 425 Scaligeri‚
1410 373 1457 412 de
1482 375 1547 413 de-

103 432 259 471 cimestri
292 430 486 468 Niebuhrii
520 429 728 481 praeclarae
763 438 887 470 extant
921 433 1202 483 disputationes:
1237 437 1427 487 utriusque
1462 437 1548 474 anni

102 495 282 533 rationum
304 492 604 538 coniunctionem,
630 493 799 543 quicquid
820 495 960 531 monuit
981 495 1198 534 Niebuhrius
1219 497 1255 535 h.
1274 497 1321 534 R.
1349 502 1385 546 1,
1405 511 1442 548 p.
1457 500 1547 546 313,

101 558 238 595 nullam
264 554 429 606 primitus
455 552 600 591 affuisse
623 560 737 604 puto,
764 554 827 591 sed
854 555 988 593 factam
1016 557 1210 607 aliquando
1235 564 1428 609 postquam
1455 571 1547 609 gen-

102 625 174 667 tes,
201 629 353 668 quarum
381 615 571 666 peculiaris
598 628 839 665 unaquaeque
864 615 956 665 suit,
983 618 1214 666 coaluerunt,
1241 620 1439 669 expositam
1465 620 1547 658 for-

102 681 207 718 tassis
232 680 267 715 in
294 679 373 714 iure
398 676 609 727 Papiriano,
636 677 711 714 uid.
739 677 850 714 Dion.
879 678 962 715 Hal.
990 681 1028 726 3,
1046 681 1094 716 36
1117 680 1179 716 fin.
1231 680 1320 718 Eius
1344 694 1433 719 uero
1459 694 1547 719 con-

103 741 290 780 ciliationis
315 740 352 776 in
377 738 618 775 testimonium
648 738 799 774 couiicio
826 751 890 775 sex
915 741 1090 777 mensium
1117 741 1262 778 n‘omina
1287 753 1332 778 ex
1356 754 1452 779 anno
1471 742 1547 780 La-

101 806 282 850 tinorum,
318 802 432 838 altera
468 812 530 836 sex
569 813 613 836 ex
650 811 769 848 anno,
808 801 1051 851 cuiuscunque
1086 803 1201 850 gentis
1225 801 1316 850 suit,
1352 810 1544 853 antequam

101 866 255 916 cyclicus
279 863 399 910 fieret,
425 862 536 898 fuisse
562 867 752 910 usurpata.
796 861 870 898 Iam
891 875 979 900 uero
1007 863 1056 899 illi
1081 863 1275 912 scriptores
1302 875 1323 899 a
1344 864 1545 901 Censorino

99 927 294 974 nominati,
329 925 390 975 qui
425 925 588 961 notitiam
622 922 669 958 de
703 934 798 959 anno
833 922 1036 960 decimestri
1070 924 1318 974 imperfectam
1353 923 1545 973 haberent,

98 989 250 1038 uestigia
275 988 404 1036 exigua
424 986 484 1022 illa
507 997 529 1021 a
544 983 745 1021 Niebuhrio
770 997 804 1034 p.
821 986 894 1021 315
923 992 1096 1022 annotata
1122 984 1450 1035 deprehenderent,
1478 999 1545 1023 no·

97 1052 194 1089 mine
228 1049 437 1086 Decembris
473 1047 608 1083 inducti
645 1045 887 1096 undecunque
923 1053 1136 1097 argumenta
1171 1047 1364 1083 maximam
1403 1054 1546 1098 partem

97 1112 285 1149 dissimilia
311 1109 630 1159 conquisiuerunt,
667 1108 764 1145 unde
796 1108 1005 1156 efficerent,
1041 1115 1080 1144 ut
1105 1107 1255 1144 Martius
1291 1108 1427 1157 primus
1460 1109 1546 1146 anni

97 1172 321 1211 decimestris
348 1172 480 1208 mensis
505 1170 644 1206 suisset.
692 1170 748 1206 Ea
775 1175 987 1218 argumenta
1014 1169 1137 1206 iisdem
1164 1181 1283 1216 paene
1311 1169 1432 1206 uerbis
1457 1182 1545 1219 pro-

95 1236 219 1273 ferunt
238 1232 393 1270 Ouidius
419 1236 455 1277 3,
476 1233 688 1268 135--148
710 1238 746 1268 et
765 1231 970 1269 Macrobius
999 1236 1036 1279 1,
1055 1235 1115 1277 12,
1136 1244 1174 1281 p.
1192 1232 1281 1278 242,
1301 1233 1391 1278 243,
1418 1230 1544 1280 credo,

96 1309 143 1334 ex
168 1296 357 1340 Varrone,
391 1295 490 1330 cuius
527 1306 608 1329 cum
645 1294 765 1329 uerbis
801 1293 847 1329 de
874 1294 898 1330 l.
927 1294 951 1330 l.
979 1295 1017 1340 9,
1039 1295 1088 1328 86
1115 1292 1278 1328 conferes
1306 1291 1418 1328 Ouid.
1448 1304 1544 1329 uers-

95 1357 182 1396 125.
234 1357 458 1393 Niebuhrius
485 1368 565 1391 cum
601 1357 728 1404 p.313
761 1361 867 1403 neget
901 1366 1036 1390 annum
1069 1354 1319 1389 decimestrem
1355 1354 1471 1390 solum
1507 1354 1543 1390 in

94 1432 162 1457 usu
195 1419 328 1463 fuisse,
362 1416 460 1467 quod
487 1429 560 1452 non
588 1416 819 1464 negauerim,
859 1428 932 1465 quo
960 1416 1038 1452 iure
1063 1428 1102 1465 p.
1124 1414 1198 1451 315
1224 1415 1394 1451 Martium
1420 1415 1545 1465 proxi·

93 1493 192 1519 mum
217 1479 410 1517 Decembri
436 1478 548 1514 fuisse
574 1483 732 1522 statuat,
768 1490 838 1514 non
866 1477 1049 1526 intelligo:
1086 1483 1201 1513 totum
1229 1474 1317 1512 illud
1342 1475 1389 1512 de
1415 1475 1545 1513 additis

91 1542 261 1579 Ianuario
288 1547 325 1577 et
350 1540 551 1577 Februario
583 1541 765 1576 mensibus
792 1540 1080 1575 commenticium
1108 1539 1283 1575 existimo.
1337 1536 1378 1573 Si
1403 1536 1451 1574 de
1475 1537 1543 1574 illis

93 1602 314 1652 argumentis
340 1602 506 1651 quaeris,
542 1601 649 1637 facile
675 1606 730 1637 est
757 1599 959 1636 dedocerez
998 1600 1123 1637 laurea
1157 1600 1339 1636 curiarum
1365 1603 1402 1634 et
1427 1598 1544 1635 fiami-

90 1677 177 1702 num
204 1664 367 1713 ignisque
387 1664 522 1700 Vestae
547 1668 714 1713 spectant
741 1661 787 1698 ad
815 1661 1016 1711 perfectam
1035 1661 1217 1711 superiori
1243 1672 1367 1697 mense
1394 1659 1543 1696 februa-

91 1726 248 1763 tionem:
275 1725 361 1761 noui
386 1725 616 1774 magistratus
643 1724 690 1760 ad
711 1724 971 1772 Regifugiumz
998 1722 1190 1771 uectigalia
1217 1721 1262 1757 ad
1291 1722 1541 1771 magistratus:

90 1794 232 1835 uotum,
259 1792 298 1822 ut
323 1797 459 1821 annare
486 1792 522 1821 et
548 1797 753 1835 perennare
779 1784 968 1820 commode
995 1784 1133 1830 liceret,
1161 1788 1335 1820 consueta
1361 1787 1442 1818 erat
1465 1781 1543 1818 for-

91 1849 190 1887 mula
216 1848 366 1885 aliorum
393 1859 540 1897 quoque
565 1859 773 1894 sacrorum,
810 1846 882 1882 uid.
912 1845 986 1883 Ou.
1013 1847 1049 1889 4,
1072 1845 1169 1893 775;
1198 1849 1234 1892 1,
1250 1845 1321 1881 87:
1357 1842 1543 1880 mercedes

94 1910 381 1961 Quinquatribus
407 1907 605 1946 soluendae
640 1914 677 1944 et
712 1919 847 1944 coenae
881 1919 1068 1944 seruorum
1095 1918 1162 1956 per
1186 1918 1226 1943 se
1252 1917 1323 1942 non
1350 1911 1435 1942 sunt
1458 1904 1543 1942 ido-

92 1985 185 2011 neae
212 1972 259 2009 ad
285 1970 526 2021 probandum.
581 1969 828 2016 Consimilem,
857 1975 896 2004 ut
922 1969 1070 2018 opinor,
1096 1969 1144 2005 ob
1171 1979 1316 2004 causam
1344 1966 1460 2003 uisum
1486 1972 1542 2004 est

90 2035 128 2072 in
155 2046 250 2071 anno
277 2032 558 2069 duodecimestri
582 2031 823 2068 Februarium
850 2029 1045 2075 aliquando
1080 2030 1244 2066 ultimum
1276 2039 1435 2065 mensem
1461 2039 1541 2065 esse

91 2096 283 2142 debuisse,
318 2107 426 2144 quam
454 2094 665 2144 opinionem
700 2098 900 2142 posuerunt
928 2091 1084 2129 Ouidius
1118 2094 1159 2137 2,
1184 2091 1234 2128 47
1260 2103 1314 2140 sq.
1342 2095 1379 2127 et
1403 2089 1541 2126 Paulus

88 2158 272 2195 Diaconus
298 2170 335 2207 p.
349 2157 413 2204 85,
442 2159 487 2192 13
514 2155 640 2192 Muell.
693 2153 828 2191 Ouidio
854 2154 890 2190 in
918 2165 963 2190 eo
989 2153 1070 2189 loco
1096 2163 1263 2201 magnam
1291 2151 1455 2187 iniuriam
1482 2150 1538 2188 se-

90 2220 138 2256 cit
163 2220 323 2256 ldelerus
351 2217 488 2255 enchir.
515 2216 642 2254 chron.
668 2220 705 2264 2,
731 2228 769 2266 p.
788 2216 861 2263 53,
896 2214 998 2264 quasi
1024 2215 1245 2263 ignorasset,
1272 2219 1314 2249 ut
1338 2213 1456 2250 Varro
1482 2212 1538 2249 lo·

89 2282 233 2332 quitur,
271 2292 343 2317 non
368 2282 488 2317 minus
518 2281 557 2316 in
591 2277 788 2325 fornicibus
821 2282 966 2327 propter
997 2278 1187 2314 sinistram
1223 2275 1392 2312 dextram
1423 2277 1535 2319 stare,

89 2356 196 2392 quam
215 2347 360 2392 propter
384 2344 572 2379 sinistram
597 2340 785 2377 dextram:
810 2341 945 2376 scilicet
970 2343 1134 2388 tempora
1161 2350 1254 2376 uerS.
1275 2337 1325 2373 54
1349 2342 1434 2372 sunt
1458 2335 1536 2372 dies

88 2405 181 2454 prid.
222 2404 283 2440 ΚΓ
310 2404 420 2440 Febr.
450 2409 487 2439 et
522 2402 606 2438 Kal.
635 2402 770 2450 Mam,
805 2404 964 2450 spatimn
1000 2413 1093 2437 uers.
1129 2400 1179 2436 53
1212 2406 1267 2435 est
1299 2403 1534 2434 menstruum.

88 2466 193 2516 Apud
221 2466 373 2502 Paulum
399 2460 515 2501 ¹codex
542 2477 563 2500 a
589 2476 646 2500 me
673 2472 865 2514 usurpatus
894 2463 1023 2499 habet:
1052 2463 1137 2511 quia
1160 2465 1234 2497 lum
1255 2464 1413 2496 extremo
1432 2471 1480 2495 m.
1496 2471 1533 2495 a.

84 2527 236 2564 Praeter
262 2527 352 2563 haec
380 2527 491 2563 uerba
519 2532 633 2562 totum
666 2525 702 2561 id
733 2526 864 2562 lemma
891 2525 1057 2561 Verrium
1085 2523 1168 2559 olim
1199 2533 1218 2557 a
1247 2522 1411 2558 Varrone
1436 2533 1534 2556 sum-

84 2589 198 2638 psisse
223 2587 330 2625 fidem
356 2588 443 2624 facit
462 2588 681 2624 Censorinus
707 2591 743 2634 l,
759 2591 821 2634 22,
850 2600 888 2638 p.
908 2590 991 2623 121.
1042 2585 1171 2622 Donec
1197 2583 1332 2633 liquido
1359 2595 1403 2620 ex
1430 2582 1534 2619 bonis

83 2648 189 2687 codd.
216 2649 402 2687 docebitur
428 2650 496 2686 ista
523 2650 634 2686 uerba
660 2661 704 2687 ex
730 2650 947 2699 glossemate
975 2647 1172 2697 irrepsisse,
1199 2646 1322 2683 omnia
1348 2656 1414 2682 sua
1440 2641 1532 2682 Oui-
