1685 2954
139 77 244 108 XCVI
664 76 847 107 vmuuvs
876 78 1063 110 FLAccvs

140 175 385 217 mactabam.
401 196 452 208 ·-
477 174 552 214 ou.
577 179 614 224 1,
627 172 724 214 2373
748 177 841 216 Inde
864 177 928 216 diu
951 181 1048 228 genti
1069 181 1206 220 mansit
1231 182 1414 221 Saturnia
1435 195 1580 228 nomen.

139 241 241 279 Fest.
257 252 295 290 p.
313 242 401 286 322,
415 238 483 274 24:
511 238 694 275 Saturnia
719 239 836 277 Italia
859 245 894 278 et
917 253 1032 287 mons,
1059 245 1121 292 qui
1145 256 1239 281 nunc
1263 248 1317 280 est
1345 246 1581 295 Capitolinus,

127 302 340 349 ,Saturnius
359 298 754 348 appellabat=ur—-.-
781 300 856 339 ou.
877 307 911 347 l,
932 306 1030 342 2763
1057 317 1136 342 cum
1161 310 1260 342 strue
1284 306 1385 352 ferta
1409 308 1506 353 suin
1531 309 1582 346 ita

141 365 237 402 enim
263 360 454 410 legendum
482 372 560 398 esse
586 362 763 411 existimo,
789 375 1007 415 quamquam
1028 367 1166 402 mutaui
1192 367 1291 403 nihil.
1343 366 1448 402 Paul.
1463 379 1503 416 p.
1517 367 1582 417 85,

140 426 187 462 9:
213 424 360 460 Fertum
385 422 452 468 (ita
479 421 558 459 cod.
585 422 726 471 Berol„
752 437 859 474 quem
887 426 1044 473 contuli3
1071 425 1224 472 lit-ctum,
1251 427 1404 475 fer-ctum
1429 426 1496 476 al.)
1519 440 1584 476 9⁶-

139 497 209 524 nus
234 483 295 521 bibi
320 483 474 528 dictum,
509 483 602 532 quod
635 485 791 523 crebrius
824 486 874 524 ad
898 498 1011 524 sacra
1035 486 1241 533 ferebatur,
1276 500 1339 526 nec
1372 491 1449 525 sine
1473 493 1584 534 strue,

140 547 256 586 altero
286 557 412 595 9enere
442 544 526 590 libi,
562 557 653 595 quae
687 549 748 597 qui
783 546 984 595 afferebant
1016 547 1262 594 sti-uferctarii
1290 550 1584 600 appellabantur.

140 608 239 646 Idem
266 620 304 658 p.
326 607 416 654 295,
445 610 488 643 13
531 608 797 655 Sti-ufertarios
830 608 1124 655 (Scurfertarios
1149 610 1229 647 cod.
1255 611 1369 658 Ber.)
1406 611 1585 660 «licebant,

140 672 203 720 qui
227 667 407 718 quaedam
429 667 615 716 sacrificia
640 670 691 707 ad
719 668 866 706 arbores
890 669 1091 718 fulyoritus
1124 671 1223 716 (cod.
1251 672 1355 718 Ber.)
1388 672 1584 719 faciebant,

141 744 168 770 a
191 730 286 778 ferto
312 729 438 777 (ferro
464 743 496 767 c.
522 730 596 776 B.)
622 730 757 767 scilicet
783 729 882 776 (del.
911 742 945 767 c.
970 730 1056 778 B.)‚
1084 732 1241 781 quodam
1265 732 1437 779 sacrificii
1462 746 1587 782 genere

140 794 286 842 (gratia
311 804 342 828 c.
362 791 439 837 B.).
463 813 514 820 -—
541 791 613 829 Ou.
638 795 674 837 l,
692 794 788 827 322:
825 792 973 839 Semper
997 798 1140 840 aquine,
1161 799 1279 842 rogat.
1317 794 1416 830 Fest.
1442 806 1480 842 p.
1496 794 1586 841 351,

142 859 212 892 103
239 855 398 897 arietem,
425 854 486 902 qui
509 865 576 901 pro
601 865 639 888 se
665 857 812 900 agatur,
841 852 1027 890 caedatur.
1052 873 1104 881 —
1139 854 1213 892 Ou.
1242 859 1278 902 l,
1307 856 1401 889 347:
1430 856 1500 890 Hic
1526 856 1588 902 qui

141 929 237 955 nunc
263 916 380 965 aperit
402 916 563 964 percussi
587 916 731 951 uiscera
754 916 866 951 tauri.
917 914 1022 951 Paul.
1050 927 1085 961 p.
1102 915 1166 962 50,
1193 916 1238 951 6:
1272 915 1484 952 clunaclum
1508 915 1589 952 cul-

141 984 240 1018 trum
264 977 542 1024 sanyuinarium
576 975 730 1020 dictum,
750 976 820 1012 —uel
849 978 935 1025 quia·
965 975 1086 1012 clunes
1111 975 1314 1013 hostiarum
1344 976 1496 1021 diuidit,
1530 976 1589 1014 uel

142 1041 230 1090 quia
256 1037 305 1075 ad
330 1037 451 1074 clunes
476 1037 654 1087 dependet.
681 1057 730 1064 —
767 1035 842 1074 Ou.
870 1041 906 1084 l,
926 1038 1019 1073 609:
1048 1042 1207 1085 auyusta
1231 1043 1410 1076 uocantur
1438 1038 1589 1088 Templa

141 1108 213 1140 etc.
263 1099 370 1136 Paul.
395 1111 434 1148 p.
459 1102 495 1146 1,
525 1099 592 1135 15:
630 1099 818 1147 Auyustus
844 1098 942 1135 locus
966 1103 1116 1135 sanctus
1142 1097 1187 1134 ab
1215 1101 1339 1135 auium
1363 1104 1486 1147 gestu,
1513 1098 1590 1139 uid.

140 1163 268 1201 Muell.
295 1167 420 1197 annot.
441 1181 491 1210 -5
517 1158 591 1197 Ou.
611 1164 650 1207 2,
670 1163 764 1196 201:
798 1160 1000 1197 Carmentis
1024 1164 1151 1209 portae
1176 1159 1308 1196 dextra
1333 1165 1386 1197 est
1411 1163 1475 1198 uia
1500 1173 1589 1211 pro-

142 1227 248 1262 xima
264 1226 358 1260 Iano
379 1228 449 1258 etc.
486 1221 585 1258 Fest.
615 1234 651 1270 p.
667 1222 755 1268 285,
771 1221 815 1258 53
843 1222 1023 1270 Religioni
1048 1226 1101 1258 est
1127 1221 1341 1270 quibusdam
1365 1226 1474 1271 porta
1495 1224 1589 1260 Gar-

142 1285 293 1324 mentali
323 1283 440 1333 eyredi
465 1288 498 1320 et
524 1285 560 1320 in
597 1282 683 1320 aede
707 1285 808 1330 Iani,
836 1296 928 1332 (luae
953 1288 1007 1319 est
1032 1289 1141 1320 extra
1167 1295 1247 1320 eam
1275 1290 1344 1320 etc.
1398 1283 1477 1320 Csr.
1502 1286 1592 1332 334,

142 1351 181 1385 2.
208 1369 258 1377 —-
284 1345 358 1383 Ou.
385 1349 425 1392 2,
446 1345 545 1381 235:
572 1345 770 1382 Herculeae
792 1348 919 1394 yemis.
971 1343 1075 1381 Paul.
1093 1357 1139 1393 ,p-
1156 1346 1220 1390 87,
1240 1347 1281 1380 7:
1310 1343 1402 1393 quod
1427 1346 1592 1395 princeps

140 1410 259 1458 gentis
284 1409 360 1444 eius
384 1418 430 1443 ea·
456 1419 500 1443 ea
526 1411 637 1443 natus
651 1408 712 1451 sit,
724 1419 817 1455 ,cum
842 1419 915 1455 qua
932 1406 1105 1443 Hercules
1130 1408 1167 1442 in
1192 1405 1303 1453 fouea
1329 1404 1593 1443 concubuit.—

144 1469 219 1507 Ou.
246 1469 344 1505 375:
381 1467 535 1515 Fabios,
571 1470 668 1504 377:
708 1468 934 1514 Quinctilios.
994 1466 1097 1505 Paul.
1126 1480 1163 1516 p.
1182 1469 1246 1512 87,
1269 1469 1338 1503 183
1374 1468 1535 1504 Fauiani
1558 1472 1594 1505 et

145 1530 366 1578 Quintiliani
400 1529 678 1580 appellabantur
703 1532 861 1578 Luperci
895 1542 919 1566 a
954 1531 1070 1567 Fauio
1106 1533 1139 1565 et
1167 1527 1342 1574 Quintilio
1375 1530 1593 1578 praepositis

141 1594 235 1630 suis.
260 1611 311 1619 —-
339 1590 413 1628 Ou.
440 1595 479 1638 2,
501 1592 596 1628 4753
627 1593 714 1628 Siue
740 1590 834 1639 quod
858 1590 970 1628 hasta
999 1593 1095 1628 curis
1121 1591 1251 1640 priscis
1276 1593 1329 1625 est
1354 1588 1453 1626 dicta
1478 1590 1593 1628 Sabi-

141 1655 214 1698 nis,
240 1655 334 1690 478:
363 1655 436 1689 Seu
462 1654 549 1701 quia
575 1654 757 1690 Romanis
781 1654 954 1690 iunxerat
980 1652 1039 1689 ille
1069 1653 1190 1689 Cures.
1242 1651 1348 1687 Paul.
1376 1663 1414 1700 p.
1434 1651 1499 1698 49,
1523 1654 1592 1689 10:

145 1717 252 1753 Guris
277 1719 331 1752 est
353 1713 488 1751 Sabine
507 1713 631 1750 hasta.
674 1713 768 1750 unde
793 1714 973 1751 Ronutlus
1002 1714 1197 1759 Quirinus,
1235 1714 1298 1761 qui
1328 1723 1409 1748 eam
1443 1711 1593 1758 ferebat,

142 1781 197 1814 est
222 1775 340 1813 dictus
366 1802 376 1812 .
407 1801 416 1811 .
446 1801 455 1811 .
488 1775 647 1821 Quidam
675 1777 774 1819 [uero
801 1788 833 1811 c.
856 1776 921 1820 Β.]
952 1787 1032 1811 eum
1057 1773 1191 1811 dictum
1218 1777 1350 1822 putant
1376 1785 1401 1810 a
1430 1772 1594 1819 Curibus,

144 1850 237 1889 quae
270 1836 345 1884 fuit
374 1835 462 1873 urbs
487 1836 761 1886 opulentissima
788 1835 1020 1873 Sabinorum.
1073 1835 1248 1885 Suspicor
1274 1843 1393 1871 tamen
1422 1834 1479 1871 hic
1505 1847 1597 1872 non-

142 1899 232 1937 nihil
256 1911 299 1936 ex
327 1897 461 1935 Ouidio
487 1897 522 1933 iu
549 1897 701 1934 Paulum
728 1898 928 1947 irrepsisse,
955 1905 995 1934 ut
1020 1896 1115 1934 alibi.
1141 1920 1191 1926 --
1226 1896 1300 1934 Ou.
1328 1901 1367 1943 2,
1393 1895 1486 1931 5353
1523 1898 1596 1932 Te-

141 1960 233 2010 gula
267 1960 504 2009 porrectis
542 1959 618 2003 (ita
644 1960 737 1994 enim
766 1959 902 2006 codd.)
938 1961 1032 1996 satis
1058 1964 1110 1995 est
1135 1958 1261 1996 uelata
1287 1959 1440 1995 coronis.
1494 1956 1594 1994 Fest.

144 2035 182 2073 p.
197 2024 287 2069 218,
305 2023 376 2057 283
405 2021 626 2066 [Porricitur
648 2025 768 2057 autem
792 2023 829 2057 in
849 2022 983 2057 mensis
1003 2023 1166 2069 ar]isque
1188 2019 1282 2068 quod
1300 2017 1597 2067 consmranfflum

144 2088 198 2121 est
223 2083 316 2128 deo].
345 2103 397 2109 -—-
433 2081 508 2118 Ou.
537 2086 575 2128 2,
602 2081 699 2118 558:
741 2083 869 2119 Comat
902 2084 1086 2129 uiryineas
1112 2081 1225 2118 hasta
1258 2092 1414 2118 recavum
1448 2092 1595 2117 manus.

144 2145 251 2184 Paul.
279 2157 314 2194 p.
333 2146 397 2190 62,
418 2145 485 2180 163
536 2142 716 2180 Caelibari
741 2143 853 2180 hasta
888 2148 999 2193 caput
1031 2141 1194 2179 nubentis
1219 2140 1425 2178 coutebatur
1450 2147 1521 2178 etc.
1547 2163 1597 2170 —-

146 2205 221 2244 Ou.
242 2209 279 2252 3,
300 2206 397 2241 5213
428 2205 500 2250 Qui
524 2208 646 2241 tamen
671 2206 783 2240 eiecta
806 2205 840 2240 si
866 2203 963 2251 forte
987 2203 1162 2240 tenebitur
1185 2202 1297 2247 unda,
1328 2201 1472 2240 Caelius
1497 2203 1598 2240 acci-

145 2270 226 2318 piat
258 2266 532 2316 puluerulentus
565 2277 683 2314 equos.
738 2264 843 2303 Paul.
872 2278 908 2314 p.
927 2268 1013 2312 131,
1038 2267 1104 2300 133
1144 2264 1340 2301 Ivlartialis
1374 2275 1525 2312 campus
1558 2265 1598 2300 in

148 2328 269 2367 Caelio
294 2333 413 2365 monte
438 2327 582 2374 dicitur,
611 2326 705 2375 quod
730 2328 767 2363 in
793 2338 833 2363 eo
852 2327 1005 2375 Equiria
1024 2324 1186 2362 solebant
1210 2323 1300 2371 fieri,
1327 2327 1359 2361 si
1385 2323 1465 2369 (sed
1485 2336 1517 2360 c.
1530 2324 1596 2368 B.)

145 2388 289 2439 quando
309 2401 427 2437 aquae
450 2387 589 2425 Tiberis
615 2401 782 2437 campum
796 2389 979 2425 Martium
1006 2391 1254 2435 occupassent.
1273 2405 1323 2412 --
1349 2384 1424 2422 Ou.
1447 2387 1486 2431 3,
1500 2385 1596 2422 8453

147 2450 242 2500 quod
265 2449 370 2487 babet
393 2449 527 2498 leyem,
562 2452 691 2498 capitis
719 2461 810 2498 quae
835 2448 985 2497 pendere
1009 2460 1146 2497 poenas
1172 2450 1233 2484 Ex
1259 2447 1321 2484 illo
1345 2446 1466 2483 iubeat
1491 2446 1598 2493 furta.

143 2515 290 2560 reperta
314 2510 402 2548 loco.
456 2511 562 2548 Paul.
589 2524 626 2560 p.
644 2513 707 2558 66,
725 2515 768 2547 13
806 2509 987 2558 Capitalis
1012 2509 1138 2556 lucus,
1166 2508 1226 2544 ubi
1250 2510 1283 2544 si
1310 2507 1395 2557 quid
1418 2508 1600 2545 uiolatum

147 2577 212 2618 est,
239 2577 350 2622 caput
373 2572 563 2610 uiolatoris
588 2575 770 2621 expiatur.
798 2591 845 2598 —-
874 2570 948 2608 Ou.
976 2572 1016 2619 4,
1036 2571 1130 2607 364:
1158 2570 1288 2606 Amnis
1314 2572 1343 2606 it
1370 2571 1504 2606 insana
1528 2581 1599 2607 no-

147 2635 241 2673 mine
260 2634 394 2674 Gallus
420 2646 530 2684 aqua.
574 2635 644 2680 Qui
670 2632 754 2671 bibit
780 2632 860 2670 inde
884 2632 994 2680 furit.
1033 2631 1171 2669 Eadem
1192 2632 1304 2682 plane
1319 2631 1455 2668 Paulus
1481 2630 1597 2682 p.95,
