1685 2954
152 53 238 109 280
615 39 619 45 “
678 49 1024 100 'rnsroavu

265 163 393 208 Vrbis
418 163 460 205 in
485 163 636 205 Iliacae
662 162 882 206 desiluisse
907 160 1020 218 iuga.

211 233 324 277 Cura
349 230 490 273 uidere
519 227 607 273 fuit.
644 231 728 273 uidi
755 231 1029 283 templumque
1056 229 1292 284 locumque:

265 301 360 342 Hoc
387 304 577 352 superest
603 299 704 340 illio:
740 297 909 339 Pallada
934 297 1066 339 Roma
1093 303 1220 338 tenet.

212 367 451 411 Consulitur
477 366 726 417 Smintheus,
755 365 929 418 lucoque
958 365 1155 406 obscurus
1183 375 1314 418 opaco

270 436 362 476 Hos
387 446 467 487 non
494 432 663 473 mentito
688 432 860 472 reddidit
889 445 957 472 ore
983 444 1125 473 sonos:
1512 431 1592 469 420

212 502 463 544 Aetheream
490 504 653 540 seruate
682 499 816 552 deam,
844 501 1061 541 seruabitis
1088 500 1245 540 urbem:

265 568 481 623 Imperium
509 578 653 607 secum
679 564 898 614 transferet
925 565 992 605 illa
1020 565 1111 605 loci.
1171 599 1174 606 ,

211 635 374 687 Seruat,
404 639 447 674 et
473 633 672 674 inclusam
699 626 859 671 summa
887 636 1004 671 tenet
1030 632 1114 672 Ilus
1141 631 1182 671 in
1210 643 1325 672 arce:

267 704 459 754 Curaque
488 699 541 741 ad
568 697 762 738 heredem
789 697 1072 738 Laomedonta
1099 697 1224 738 uenit.

214 769 302 813 Sub
330 768 489 810 Priamo
519 770 685 807 seruata
710 776 863 818 parum.
900 762 962 805 sic
990 764 1081 816 ipsa
1108 764 1278 805 uolebas
1515 765 1615 804 425‘

266 838 335 878 Ex
362 847 443 889 quo
471 832 620 875 iudicio
648 833 776 873 forma
803 831 960 873 reuicta
986 836 1058 871 tua
1087 837 1165 871 est.

211 905 302 947 Seu
330 913 466 957 genus
491 899 672 952 Adrasti,
701 911 778 940 seu
806 898 926 939 furtis
952 903 1075 950 aptus
1105 897 1265 951 Vlixes,

270 971 359 1012 Seu
386 969 480 1023 pius
505 966 675 1007 Aeneas
703 964 904 1019 eripuisse
933 963 1062 1006 datur.

218 1038 378 1081 Auctor
404 1036 447 1077 in
472 1032 643 1085 incerto,
673 1045 741 1073 res
770 1038 837 1073 est
863 1032 1061 1073 Romana.
1098 1036 1234 1072 tuetur

274 1104 427 1156 Vesta,
454 1100 563 1155 quod
591 1098 758 1141 assiduo
784 1099 934 1140 lumine
960 1104 1112 1140 cuncta
1138 1097 1264 1140 uidet.
1520 1100 1601 1138 430

216 1171 313 1214 Heu
340 1174 536 1224 quantum
563 1166 734 1208 timuere
761 1173 916 1220 patres,
944 1179 1024 1221 quo
1051 1173 1233 1220 tempore
1260 1165 1397 1206 Vesta

274 1237 402 1289 Arsit,
432 1241 476 1276 et
505 1240 573 1276 est
599 1234 727 1275 tectis
754 1234 896 1274 obruta
922 1247 1031 1288 pene
1058 1232 1168 1275 suis!

215 1359 303 1396 416.
328 1358 364 1394 in
390 1369 460 1394 om.
478 1355 654 1405 bma.pr.
695 1355 784 1392 Vrb.
804 1355 849 1391 ab
866 1355 902 1391 il.
929 1358 972 1392 Τ.
1011 1355 1049 1391 il.
1076 1354 1268 1392 dissiluisse
1293 1355 1377 1404 iugo
1402 1354 1434 1392 b.
1474 1354 1511 1391 il.
1540 1353 1605 1391 de-

167 1409 324 1447 stituisse
345 1418 369 1455 9
381 1419 464 1443 var.
479 1418 549 1443 scr.
589 1406 691 1442 desii.
716 1407 800 1454 iugo
832 1402 1283 1454 cmANIH‘AETg,
1297 1419 1321 1453 p
1337 1418 1357 1442 r
1371 1418 1390 1442 s
1407 1407 1452 1441 13
1478 1405 1608 1453 uiginti

172 1463 344 1509 quamtum
374 1459 425 1493 M
437 1467 606 1493 mansor.
644 1455 720 1492 des.
749 1455 838 1504 iugis
864 1467 883 1491 e
901 1460 1066 1505 quatuor.
1167 1457 1252 1492 418.
1279 1456 1348 1491 Hic
1370 1467 1451 1504 sup.
1472 1467 1508 1502 p.
1547 1467 1608 1490 su-

170 1515 293 1559 perest
319 1508 369 1544 illi
399 1504 510 1542 (1²33.
559 1506 695 1555 pallida
721 1505 900 1554 smmpr.
1023 1508 1110 1543 419.
1149 1506 1259 1542 Cous.
1286 1505 1446 1541 sintheus
1475 1505 1560 1549 01¹5
1583 1517 1609 1553 p

169 1570 255 1597 παν.
270 1570 340 1595 scr.
379 1556 540 1592 cintheus
558 1559 594 1591 D
609 1557 701 1592 GN.
739 1555 955 1592 simuthreus
975 1559 1010 1592 E
1023 1569 1097 1593 ma.
1110 1568 1167 1604 pr.
1208 1555 1418 1591 Consulitur
1434 1565 1505 1604 que
1520 1553 1610 1590 deus

171 1610 244 1647 luc.
272 1611 392 1645 Ema.
409 1619 479 1643 sec.
534 1612 664 1642 tuneus
688 1603 749 1642 A.
807 1606 941 1641 linceus
967 1609 1026 1642 M.
1074 1606 1208 1641 sitheus
1233 1602 1352 1652 H²I53
1379 1607 1421 1641 N
1437 1616 1519 1642 nar.
1537 1616 1610 1641 sor.

174 1657 350 1695 cinitheus
376 1660 420 1693 Ρ.
459 1654 614 1692 scitheus
641 1657 850 1692 Puar.scr.
891 1655 1040 1691 clitheus
1068 1659 1104 1692 3.
1144 1654 1324 1692 siinitheus
1351 1653 1392 1691 A
1400 1667 1433 1693 r.
1472 1654 1611 1691 sinthus

176 1706 224 1748 Σ.
265 1707 388 1744 sithius
413 1706 446 1742 b.
486 1706 693 1742 simintheus
720 1704 925 1753 f.pitl1ius
950 1718 1127 1754 ymmpr.
1173 1705 1323 1754 cynthus
1349 1718 1385 1753 p.
1426 1712 1562 1742 meteus
1587 1717 1612 1752 p

175 1769 345 1796 tzar-mor.
385 1755 552 1804 cynthius
573 1767 603 1793 s.
645 1755 807 1803 phoebus
833 1759 861 1790 t.
901 1755 1040 1791 sicheus
1066 1757 1127 1792 44.
1172 1769 1236 1793 sm.
1262 1756 1375 1802 (sim.)
1401 1756 1553 1804 locoque
1580 1756 1615 1792 Ε
1675 1766 1680 1773 ’

176 1821 252 1846 mia.
269 1819 326 1856 pr.
341 1820 370 1844 e.
415 1808 494 1842 luco
521 1805 619 1841 obse.
644 1805 677 1852 f.
779 1807 865 1841 420.
895 1817 965 1841 non
993 1807 1105 1842 inuito
1123 1809 1158 1843 E
1168 1818 1309 1854 onwpr.
1349 1818 1422 1842 non
1448 1805 1615 1842 mentitos

178 1858 290 1895 edidit
316 1869 378 1893 ore
405 1853 461 1892 H.
502 1855 619 1891 reddit
645 1867 708 1891 ore
732 1867 764 1892 r.
867 1856 955 1892 421.
983 1856 1185 1892 Aetlieriain
1217 1856 1289 1893 Gb.
1392 1858 1481 1893 422.
1509 1855 1616 1904 Inpe-

180 1909 271 1944 rium
302 1909 351 1944 D.
398 1905 592 1942 transferat
617 1909 686 1953 223
711 1918 735 1954 p
752 1917 833 1942 nar.
850 1917 919 1942 sor.
1038 1909 1123 1942 423.
1159 1907 1352 1944 inclausam
1372 1907 1456 1956 [Gr.
1503 1905 1617 1941 inclu-

180 1971 258 1995 sum
286 1954 333 1992 Σ.
376 1957 441 1992 ilus
467 1958 505 1993 in
530 1967 607 1993 ras.
633 1968 680 1994 m.
785 1957 871 1992 424.
900 1955 1105 1992 lainedonta
1130 1968 1161 1994 r.
1209 1958 1315 1993 laom.
1344 1956 1436 1993 redit
1461 1957 1543 1991 429
1555 1957 1617 1992 33.

231 2008 319 2044 425.
353 2018 481 2055 parurn
517 2012 571 2041 est
605 2007 656 2042 sic
680 2004 741 2043 A.
799 2007 944 2042 uolebat
970 2008 1057 2042 Nm
1071 2019 1145 2043 nia.
1156 2019 1212 2056 pr.
1233 2011 1278 2043 12
1299 2011 1345 2045 22
1364 2009 1410 2042 33
1438 2005 1520 2042 ἀιιο.

233 2059 320 2093 426.
354 2056 477 2092 iuditio
504 2058 552 2093 D.
604 2056 733 2092 iudicio
766 2063 819 2092 est
851 2055 969 2091 forma
995 2056 1067 2102 ΕΓ.
1118 2058 1235 2094 forma
1267 2058 1379 2094 relata
1406 2054 1453 2094 Σ.
1503 2056 1620 2092 forma

183 2114 323 2144 retacta
348 2109 409 2143 41.
452 2105 569 2142 forma
595 2107 720 2142 relicta
745 2105 834 2151 (Ιιιος
861 2108 1063 2144 Fam-,sen
1109 2120 1185 2144 reu.
1211 2119 1276 2144 sua
1305 2114 1359 2144 est
1384 2109 1427 2144 N
1435 2110 1479 2143 12
1491 2109 1538 2142 33
1556 2104 1620 2142 de-

184 2170 268 2195 cem.
321 2169 399 2193 reu.
426 2169 492 2192 suo
521 2161 575 2192 est
599 2167 667 2204 ym
679 2160 741 2193 22.
790 2169 867 2192 reu.
895 2163 957 2192 tuo
984 2156 1022 2204 f,
1050 2157 1183 2195 abiecto
1207 2163 1247 2194 ut
1274 2161 1307 2195 E
1332 2170 1466 2207 quoque
1488 2153 1618 2201 iri-fine

185 2215 252 2245 est.
355 2208 442 2242 427.
480 2206 555 2243 Seu
583 2218 693 2257 gener
722 2204 1151 2256 (DMPffffmpssm
1176 2211 1304 2257 uiginti
1330 2209 1400 2246 duo
1425 2206 1478 2244 ed.
1504 2203 1622 2250 Rttb.;

189 2255 312 2294 GNA
324 2268 485 2294 ua1r.scr.
522 2269 586 2293 seu
611 2257 713 2293 fustis
736 2260 784 2296 D.
823 2257 909 2294 furt.
939 2265 1064 2307 captus
1090 2259 1219 2296 ul..M.
1259 2259 1346 2295 furt.
1373 2265 1477 2294 notus
1501 2254 1550 2291 ul.
1575 2258 1619 2292 Τ.

192 2308 315 2344 Gloss.
333 2309 391 2344 N:
417 2319 529 2356 genus
556 2312 592 2343 et
618 2319 690 2342 non
709 2320 821 2355 gener
847 2307 999 2356 legatur.
1102 2311 1188 2346 428.
1216 2312 1290 2353 Ita,
1316 2308 1435 2354 datur,
1461 2318 1497 2354 p.
1536 2317 1622 2341 aen-

187 2360 376 2406 eripuisset
402 2368 481 2393 eam
507 2360 568 2393 23.
613 2357 787 2405 eripuisse
814 2358 931 2405 palam
958 2359 1019 2395 44.
1059 2360 1231 2408 eripuisse
1256 2359 1375 2395 ferunt
1398 2357 1521 2405 reliqui
1541 2360 1573 2392 et
1599 2367 1623 2404 p

185 2419 270 2443 παν.
290 2419 360 2444 scr.
456 2408 548 2443 429.
576 2407 686 2443 Actor
707 2407 888 2454 GAf44.
930 2409 1065 2446 incerto
1093 2417 1147 2446 est
1176 2423 1232 2446 res
1254 2404 1471 2446 RGEmM
1483 2402 1624 2443 NHA

186 2469 307 2497 emrs
327 2457 568 2505 ‹lnodmtiyinti
585 2456 660 2503 fere
679 2462 711 2494 et
731 2462 815 2494 uolt.
834 2457 888 2494 cd.
941 2470 998 2495 res
1025 2465 1062 2495 et
1087 2471 1235 2496 romana
1260 2471 1295 2494 m
1313 2457 1394 2495 duo.
1435 2456 1556 2494 Gloss.
1572 2460 1625 2497 E:

188 2508 339 2552 Auctor]
367 2509 427 2556 qui
453 2508 585 2556 rapuit.
697 2510 784 2544 430.
819 2508 931 2544 Vesta
957 2521 1103 2558 quoque
1134 2521 1201 2546 ass.
1230 2509 1269 2545 F.
1318 2506 1433 2544 ads-id.
1465 2504 1525 2544 G?
1569 2507 1626 2543 lu-

187 2557 284 2596 mina
308 2569 340 2594 s.
383 2558 469 2595 lum.
497 2557 594 2594 culta
622 2553 672 2593 Π
690 2557 798 2597 alius.
845 2558 930 2595 lum.
959 2559 1080 2597 iuncta
1106 2570 1135 2599 r.
1236 2559 1321 2596 432·
1349 2564 1403 2596 est
1428 2557 1531 2596 aditifl
1557 2557 1625 2600 ob-

188 2613 270 2649 ruta
297 2610 344 2645 12
355 2609 417 2648 20.
461 2607 591 2645 obruta
615 2620 715 2646 casse
739 2608 810 2645 suis
842 2605 893 2649 Ψ.
1152 2616 1168 2649 ‘f
