1685 2954
572 110 628 138 DE
657 109 778 141 LOCIS
808 111 1043 142 RELIGIOSIS
1389 116 1538 147 CXLvn

84 209 256 246 librorum
293 221 487 247 consensus
524 209 705 257 obstabit,
747 211 941 259 quominus
976 211 1270 264 supplementum
1304 213 1405 251 Festi
1439 215 1540 266 quod

83 271 282 308 uiolentum
304 283 371 308 nec
390 276 515 320 aptum
542 281 621 307 esse
647 282 793 318 censeo,
822 272 1036 310 emendetur
1062 275 1096 310 in
1125 286 1205 311 eam
1224 277 1438 314 sententiam
1466 278 1539 315 ita:

84 332 312 382 [Tarentum,
336 331 353 376 Η
372 333 410 368 in
437 342 564 380 campo
589 333 736 369 Martio
763 332 913 378 laesum,
946 338 1137 372 'Parentum
1164 326 1217 373 ait
1243 336 1288 374 ab
1315 350 1355 375 eo
1377 335 1394 382 ΙΙ
1415 337 1538 375 dicen—

81 394 165 432 dum
192 396 322 443 fuisse,
355 392 449 441 qu'od
476 394 592 437 ἥσει-να
622 392 671 430 ibi
704 406 768 442 per
794 394 898 431 ludos
919 394 934 442 Η
953 397 1139 433 Secalaris
1165 400 1265 435 Ditis
1289 399 1537 449 patris[aram

80 458 242 495 occulens
268 459 464 504 tera-ntur
489 453 534 491 ab
553 457 654 504 equis
673 455 950 505 quadi-iyari[is,
979 457 1073 506 quod
1095 459 1255 506 (nomen)
1275 460 1425 507 fabulae
1446 461 1534 510 fu-ll

79 519 197 557 tilitas
227 518 428 566 aequiperet
457 515 620 565 moUeste
651 519 790 555 nomini
824 517 926 554 urbis
963 519 1259 565 Tarenti-Mane.
1298 522 1394 571 quod
1425 535 1537 573 quam

77 580 221 618 aniliter
244 577 421 623 remmam
445 580 495 613 sit
521 585 590 614 etc.
642 578 700 615 Ex
725 579 800 615 istis
822 592 910 616 uero
939 582 1149 618 testimoniis
1178 584 1278 620 locus
1299 584 1433 621 Valerii
1453 584 1536 621 Ma-

75 641 161 678 ximi
189 640 352 690 proxime
379 638 423 675 ad
453 637 627 675 Ouidium
655 641 814 681 accedit:
850 642 1011 690 loquitur
1044 644 1138 679 enim
1165 644 1212 681 de
1239 645 1318 694 ripa
1345 645 1534 683 Tiberina.

74 702 322 746 Quamobrem
350 700 396 737 ad
423 706 547 750 partes
575 703 780 738 uocauerim
810 703 927 740 Seruii
956 703 1074 740 locum
1103 704 1148 740 ad
1177 708 1267 742 Aen.
1289 708 1327 751 8,
1346 707 1418 742 63:
1446 708 1535 752 (Ti-

74 764 187 809 beris)
214 765 253 800 in
280 762 404 811 aliqua
432 765 541 800 etiam
567 763 668 801 urbis
692 769 799 813 parte
829 768 1027 802 Tarentum
1052 766 1152 811 (cod.
1181 767 1307 804 Guels.
1339 769 1533 815 Tarentus)

71 825 222 870 dicitur,
255 837 296 862 eo
330 825 424 874 quod
455 828 559 875 ripas
591 830 698 862 terat.
758 825 838 862 Nec
873 833 962 876 puto
994 828 1237 877 spernendam
1267 839 1348 865 esse
1376 829 1532 867 Nardini

72 889 316 925 coniecturam
345 891 383 934 3,
409 901 446 937 p.
466 889 515 924 97
542 887 588 925 de
615 886 735 936 quella
761 889 847 936 ripa
873 888 929 924 del
955 901 1082 938 campo
1108 890 1276 934 Marzio,
1305 889 1381 927 ch'k
1405 903 1532 940 presso

66 953 210 1000 piazza
236 951 391 987 Nicosia
416 961 434 984 e
459 950 501 985 S.
529 951 650 987 Lucia
676 948 796 986 della
825 950 984 998 Tinta,
1014 950 1117 987 dalla
1145 955 1348 989 can-natura
1374 951 1432 989 del
1461 955 1530 991 Te-

68 1023 151 1048 aere
175 1023 314 1060 sempre
340 1010 495 1047 battuta.

168 1072 224 1108 Ab
250 1074 316 1108 isto
344 1071 466 1108 Seruii
491 1071 695 1108 testimonio
723 1083 910 1120 emoneor,
941 1078 980 1108 ut
1005 1073 1076 1109 iam
1102 1086 1199 1110 nunc
1221 1074 1268 1111 de
1291 1073 1418 1112 Ouidii
1444 1088 1530 1113 uer-

66 1134 164 1170 sibus
191 1134 230 1180 4,
255 1134 331 1169 329
350 1138 388 1169 et
411 1136 485 1169 330
511 1145 631 1182 agam,
659 1133 694 1169 in
723 1134 853 1183 quibus
880 1134 950 1170 loci
977 1135 1147 1184 religiosi,
1174 1136 1239 1173 sed
1266 1137 1341 1173 ficti
1368 1149 1391 1173 a
1416 1143 1530 1187 poeta

0 1236 1 1242 ἵ
67 1194 287 1230 mentionem
315 1206 486 1243 agnosco.
540 1195 726 1239 Heinsius,
754 1196 816 1245 qui
844 1196 955 1231 uerba
983 1197 1144 1233 nondum
1171 1198 1258 1234 satis
1291 1198 1526 1248 intelligeret,

0 1243 1 1286 ἶ
63 1255 270 1305 sequendos
302 1257 447 1305 putauit
481 1256 645 1304 codices,
685 1269 777 1306 quos
809 1258 1000 1306 probasset
1033 1259 1118 1294 alibi
1151 1259 1390 1308 plerumque:
1427 1266 1529 1298 recte

0 1307 1 1312 ¹
61 1316 160 1354 fecit.
200 1316 424 1355 Posteriores
449 1318 620 1366 editores,
647 1319 700 1354 uti
725 1319 844 1355 solent
865 1325 1067 1356 metuentes
1087 1319 1134 1356 de
1155 1332 1220 1356 sua
1246 1321 1524 1368 existimatione,

60 1379 90 1416 si
112 1379 209 1429 quod
229 1380 398 1416 Heinsius
421 1380 591 1418 edixisset
611 1393 683 1417 uon
706 1380 962 1430 intelligerent,
987 1382 1158 1431 quicquid
1179 1382 1308 1419 uolunt
1327 1383 1525 1430 somniare,

60 1442 182 1479 nescio
203 1441 290 1491 quid
312 1441 445 1478 docent
468 1442 516 1479 de
535 1443 678 1479 sinistro
700 1442 806 1479 alueo
827 1443 972 1478 Tiberis
993 1443 1030 1478 in
1053 1455 1152 1479 mare
1172 1444 1387 1493 profluentis
1405 1457 1527 1496 prope

60 1502 202 1541 Ostiam
230 1504 453 1553 nauigationi
480 1505 635 1553 aptiore.
687 1503 865 1541 Restabat
890 1504 1002 1553 igitur
1028 1511 1068 1541 ut
1093 1504 1239 1542 indocte
1265 1506 1418 1543 insulam
1446 1508 1525 1546 Ve-

59 1566 155 1603 neris
181 1578 263 1602 cum
290 1566 407 1602 insula
432 1566 636 1615 Aesculapii
662 1565 950 1614 confunderent,
990 1567 1041 1603 uti
1067 1566 1205 1603 factum
1233 1574 1290 1604 est
1315 1580 1335 1605 a
1364 1569 1524 1607 Cellario

59 1638 186 1676 geogr.
204 1633 279 1664 ant.
301 1631 334 1672 l,
361 1640 400 1677 p.
419 1629 512 1664 634:
539 1628 683 1664 memini
710 1627 745 1664 id
773 1629 881 1665 etiam
907 1629 946 1664 in
973 1628 1131 1678 quodam
1159 1629 1314 1667 Sickleri
1340 1631 1434 1668 libro
1460 1643 1521 1669 me

57 1688 345 1737 deprehendere.
399 1689 495 1726 Nam
522 1690 590 1726 nisi
612 1688 751 1727 Ostiam
778 1690 875 1727 forte
902 1692 1010 1727 etiam
1038 1698 1103 1740 put
1137 1697 1266 1727 ierunt
1294 1703 1375 1728 esse
1401 1704 1522 1743 prope

57 1750 210 1787 insulam
236 1750 454 1799 Aesculapii,
480 1758 544 1788 aut
570 1752 799 1800 exploratum
827 1752 1036 1789 habuerunt
1062 1753 1217 1789 insulam
1243 1753 1399 1789 Veneris
1427 1766 1521 1803 quo-

56 1824 130 1863 que
157 1817 198 1848 ut
223 1811 319 1847 illam
347 1811 432 1847 olim
454 1824 527 1848 non
555 1813 681 1861 fuisse,
709 1814 808 1863 quod
833 1825 1012 1862 nusquam
1040 1814 1210 1861 traditur,
1239 1826 1313 1850 non
1343 1815 1521 1852 memine-

55 1880 142 1910 runt
176 1872 374 1909 aduentum
406 1873 509 1909 nauis
537 1872 677 1910 Ostiam
712 1875 782 1910 iam
822 1888 856 1911 u.
878 1876 953 1911 291
981 1875 1228 1924 assignificari.
1279 1874 1383 1911 Libri
1410 1875 1520 1925 igitur

53 1935 127 1973 fide
152 1934 252 1985 digni
277 1933 376 1984 quod
402 1933 595 1984 exhibent,
633 1936 745 1973 Atria
776 1935 966 1984 Tiberina,
1003 1949 1078 1972 non
1109 1936 1230 1981 Ostia,
1257 1937 1513 1987 explicandum

53 2003 109 2036 est
135 1996 183 2035 de
209 1996 389 2034 domicilio
415 1995 473 2032 dei
500 1996 706 2046 fluuiatilis3
734 1997 800 2036 cfr.
828 2004 915 2035 met.
940 2000 977 2043 8,
999 1998 1095 2034 562:

313 2059 462 2094 Pumice
485 2058 682 2097 rriulticauo
708 2071 772 2108 nec
796 2059 934 2098 leuibus
960 2060 1088 2097 atria
1113 2059 1234 2111 tophis

74 2160 80 2167 ,
313 2121 464 2157 Sti-vcta
488 2119 598 2158 subit.

49 2182 152 2232 Virg.
182 2182 274 2218 Aen.
303 2183 342 2230 8,
363 2183 430 2218 65:
470 2184 543 2220 Hic
567 2183 656 2221 mihi
681 2196 817 2233 magna
844 2183 984 2222 domus.

47 2244 106 2282 De
132 2256 175 2281 ea
203 2243 370 2280 Tiberini
400 2245 499 2294 regia
525 2244 632 2282 facile
655 2249 775 2295 potuit
800 2246 926 2282 fabula
953 2246 1149 2295 excogitari
1176 2251 1240 2282 aut
1265 2259 1286 2283 a
1311 2246 1507 2296 prioribus,

47 2312 112 2342 aut
138 2306 184 2342 ab
213 2305 376 2353 Ouidio,
410 2307 440 2342 si
466 2307 501 2343 in
529 2307 644 2344 altera
672 2316 752 2345 utra
780 2308 900 2344 inflexi
928 2310 982 2354 (u.
1003 2306 1098 2354 329)
1125 2307 1280 2344 fluminis
1308 2309 1388 2358 ripa
1414 2310 1510 2345 antri

46 2367 203 2416 speciem
232 2367 433 2404 effecerant
467 2369 601 2417 undae,
630 2369 702 2407 uid.
730 2370 815 2407 fast.
844 2372 882 2417 5,
902 2371 990 2416 662,
1020 2369 1329 2419 quemadmodum
1355 2370 1511 2408 Seruius

43 2428 118 2466 loc.
144 2428 221 2466 ind.
248 2429 377 2466 tradit:
415 2427 659 2479 Sti-ingehem
688 2434 808 2481 ripas]
837 2432 1039 2476 radentem,
1073 2434 1352 2469 imminuentem.
1405 2434 1509 2470 Nam

47 2487 112 2527 hoc
136 2496 189 2528 est
222 2491 382 2530 Tiberini
407 2491 570 2539 fluminis
595 2497 803 2543 propi-ima,
831 2493 922 2531 adeo
948 2499 989 2530 ut
1015 2493 1060 2530 ab
1087 2496 1250 2541 antiquis
1277 2497 1425 2532 Rumon
1450 2494 1510 2532 di-

49 2554 127 2588 ctus
151 2555 217 2598 sit,
253 2556 361 2604 quasi
394 2556 500 2604 ripas
525 2557 717 2592 rmninans
742 2560 776 2592 et
807 2556 972 2593 exedens.
1027 2559 1074 2593 1η
1110 2557 1230 2593 sacris
1255 2557 1367 2593 etiam
1394 2558 1509 2593 Serra

47 2609 227 2651 dzcebaaw
251 2638 324 2654 —.
346 2616 438 2661 ,Csr.
469 2616 516 2653 ad
541 2620 580 2664 8,
606 2617 666 2654 95.
719 2617 760 2655 Si
786 2618 929 2654 Romae
954 2630 1085 2667 essem,
1113 2629 1329 2667 quaererem
1356 2618 1410 2655 rei
1437 2629 1507 2654 ue-

38 2672 152 2722 stigia
180 2674 273 2714 circa
310 2679 446 2728 Campo
477 2681 606 2717 Morio
646 2679 706 2716 uel
738 2679 954 2717 Pisciarello
989 2686 1027 2716 et
1063 2681 1267 2729 cauponam
1299 2679 1338 2717 di
1379 2690 1508 2717 mezzo

1093 2741 1131 2779 K
1155 2744 1180 2777 2
