1685 2954
670 100 870 131 SELEC'I'IS
1280 98 1478 131 CCXXXIII

36 201 174 253 graecis
199 202 344 240 Cereris
370 200 479 239 sacris
505 199 711 250 desumpta,
739 206 780 237 ut
805 201 1032 249 cognoscitur
1057 213 1101 238 ex
1116 199 1295 238 Pausania
1311 203 1480 250 8‚31,7:

33 264 82 301 de
109 264 265 315 hospitio
291 263 388 314 apud
409 261 556 299 Orionis
583 269 724 311 patrem
745 262 884 306 5‚496‚
912 262 958 299 de
984 276 1056 312 qua
1084 263 1167 300 uide
1192 274 1302 313 supra
1328 274 1366 312 p.
1384 274 1480 300 xcu

34 332 73 363 et
98 326 206 363 Seru.
231 325 277 363 ad
306 327 396 362 Aen.
425 326 484 371 10,
504 325 597 361 763:
625 330 757 374 quarta
784 326 1077 361 commemoratio
1104 325 1220 361 cultus
1246 323 1413 361 Arcadici
1438 323 1478 372 5,

35 389 85 423 88
102 400 198 438 sqq„
224 387 271 424 de
295 379 368 437 quo
397 385 480 423 uide
505 385 722 422 Pausaniam
748 388 788 433 8,
809 388 871 433 17,
891 389 933 433 13
960 385 1004 433 53
1031 389 1159 434 31,7;
1183 388 1245 434 36,
1262 388 1327 434 10,
1355 387 1418 434 39,
1434 387 1479 434 65

33 450 96 494 47,
117 451 163 497 4;
193 451 250 493 16,
274 452 310 495 1,
338 459 456 497 neque
484 448 654 497 negligito
676 447 867 497 postremis
894 447 929 483 in
957 448 1057 494 locis,
1085 446 1143 482 uel
1170 454 1268 483 certe
1293 454 1479 498 postremo

33 516 71 546 et
97 511 209 547 altero
235 511 292 553 10,
310 510 409 556 32,5
436 509 531 546 idem
557 509 664 555 tradi,
691 509 789 559 quod
817 521 927 559 supra
955 522 991 560 p.
1009 521 1193 546 cnxxxn
1220 509 1317 560 apud
1337 509 1480 559 Lydum

34 571 226 608 conuenire
250 567 332 607 cum
359 570 493 608 Ouidio
520 571 787 619 demonstraui3
814 571 850 608 id
876 572 907 609 si
938 571 1037 621 apud
1058 571 1259 608 Varronem
1290 584 1361 607 non
1388 571 1481 608 exti-

33 633 118 668 tisse
145 631 365 669 credendum
395 639 450 670 est
475 634 699 683 Augustino,
726 634 787 683 qui
815 640 924 683 negat
950 634 1049 670 illum
1079 635 1276 678 inuenisse,
1305 632 1481 681 quomodo

31 695 258 730 Mercurium
282 694 432 742 referret
457 694 506 732 ad
541 695 689 744 aliquas
721 701 847 745 partes
879 695 1023 741 intendi,
1059 707 1151 744 quae
1180 699 1266 731 sunt
1297 694 1480 740 elementa,

32 766 107 791 non
134 762 255 792 tamen
284 757 487 806 neglectum
509 759 711 807 putauerim
733 759 779 794 ab
801 758 859 805 iis,
886 757 1093 807 quicunque
1113 756 1283 806 primum,
1312 763 1350 792 ut
1370 768 1482 806 supra

33 815 189 853 indicaui
215 830 252 867 p.
269 829 456 864 cxcwn,
490 832 600 869 quam
630 820 802 869 plurimas
828 819 1017 867 religiones
1044 818 1228 854 Romanas
1255 829 1300 854 ex
1325 818 1482 855 Arcadia

33 885 202 928 repetere
237 886 321 915 sunt
350 882 482 917 conati.
536 881 780 918 Mercatorum
807 881 962 916 maxime
989 879 1096 915 deum
1123 878 1343 915 Mercurium
1369 878 1481 916 fuisse

35 941 265 989 cognoscitur
291 953 334 978 ex
361 942 478 992 prima
505 943 603 980 aedis
630 943 859 979 dedicatione
884 940 982 991 apud
1001 940 1146 976 Liuium
1167 943 1205 988 2,
1224 943 1272 977 27
1298 953 1380 977 cum
1407 941 1484 978 col-

35 1001 120 1050 legii
147 1010 389 1039 mercatorum
416 1005 640 1042 institutione
666 1004 869 1040 coniuncta.
922 1003 1017 1039 Vota
1040 1002 1248 1039 mercatoris
1273 1002 1372 1053 apud
1390 1002 1484 1041 Oui-

35 1063 135 1099 dium
161 1065 200 1112 5,
221 1066 293 1101 631
309 1077 364 1114 sq.
393 1065 562 1102 Mercurii
588 1061 783 1114 ἀγοραίου
811 1072 847 1102 et
873 1061 1012 1101 δολίου
1039 1064 1280 1111 Graecorum,
1307 1064 1416 1101 Paus.
1444 1066 1483 1110 7,

34 1127 100 1172 22,
118 1128 163 1172 23
191 1127 256 1172 27,
277 1129 310 1170 l,
338 1125 546 1164 admonent.
601 1127 815 1175 Quaeritur,
842 1126 988 1177 quando
1015 1126 1169 1176 primum
1196 1138 1350 1175 graecae
1377 1139 1481 1164 usur-

35 1191 145 1235 patae
170 1185 307 1224 suerint
332 1186 480 1225 fabulae
508 1194 571 1226 aut
599 1189 837 1237 cerimoniae,
864 1200 954 1238 quas
982 1200 1053 1224 non
1081 1188 1345 1224 recentissimas
1370 1187 1484 1226 fuisse

33 1246 71 1283 in
97 1247 202 1284 Italia
227 1247 335 1286 docet
362 1250 535 1287 Varronis
562 1250 661 1301 apud
688 1250 928 1288 Censorinum
958 1262 989 1286 c.
1009 1253 1057 1285 22
1084 1248 1326 1285 testimonium
1353 1248 1400 1286 de
1424 1261 1483 1285 sa-

35 1309 106 1345 cris
142 1316 220 1347 toto
245 1310 353 1347 Latio
386 1311 569 1348 Mercurio
604 1319 641 1349 et
666 1313 788 1349 Maiae
822 1312 900 1349 fieri
932 1311 1067 1359 solitis,
1104 1311 1163 1347 uel
1189 1310 1311 1346 Plauti
1336 1310 1485 1361 Amphi-

35 1371 175 1408 truonis
201 1373 386 1423 prologus.
427 1373 529 1410 Leue
556 1373 699 1411 inuenio
726 1374 895 1411 indicium
917 1386 961 1410 ex
986 1373 1084 1410 libris
1104 1372 1287 1421 Sibyllinis
1313 1385 1484 1422 graecum

36 1431 172 1469 cultum
198 1434 406 1472 inualuisse.
459 1436 628 1472 Mercurii
655 1436 783 1473 aedem
803 1435 931 1472 Liuius
957 1436 1038 1472 loco
1064 1434 1223 1471 indicato
1249 1440 1286 1471 et
1312 1446 1344 1471 c.
1363 1438 1410 1472 21
1439 1447 1484 1472 eo

37 1505 132 1530 anno
159 1494 362 1533 dedicatum
390 1496 495 1545 dicit,
523 1511 595 1547 quo
623 1505 824 1550 pugnatum
852 1504 908 1536 est
931 1510 1012 1534 cum
1041 1497 1196 1544 Volscis,
1223 1495 1381 1545 Sabinis,
1408 1497 1485 1534 Au-

36 1556 176 1593 runcis:
204 1564 327 1594 uotum
355 1570 442 1607 ergo
469 1558 537 1596 suit
563 1561 674 1610 paulo
699 1567 798 1598 ante.
845 1561 920 1597 lam
949 1571 1037 1595 uero
1053 1558 1248 1606 Dionysius
1267 1559 1374 1606 6,17
1399 1565 1485 1597 ante

37 1605 252 1654 volscorum
287 1620 419 1656 bellum
452 1627 539 1658 uota
575 1629 699 1659 narrat
734 1622 871 1672 templa
906 1621 1049 1658 Cereris
1084 1620 1207 1656 Liberi
1241 1626 1278 1657 et
1308 1620 1485 1659 Liberae.

40 1672 261 1716 ἐσπάνισαν
287 1675 385 1731 γάρ,
420 1682 554 1732 inquit,
588 1697 630 1721 αι
657 1681 808 1735 τροφαὶ
841 1683 912 1720 τοῦ
938 1677 1117 1730 πολέμου
1143 1676 1234 1718 κατ’
1265 1675 1395 1731 ἀρχὰς
1419 1679 1485 1720 και

41 1736 167 1776 πολὺν
204 1736 342 1786 αὐτοῖς
378 1740 580 1792 παρέσχον
616 1739 750 1794 φόβον
787 1738 842 1788 ὡς
878 1741 1184 1793 ἐπιλείψουσαι,
1226 1742 1300 1791 τῆς
1335 1755 1378 1780 τε
1411 1743 1486 1794 γῆς

41 1795 226 1851 ἀκάρπου
252 1799 466 1854 γενομένης
491 1802 570 1841 καὶ
597 1805 681 1854 τῆς
707 1801 893 1850 ἔξωθεν
921 1801 1107 1855 ἀγορᾶς
1134 1800 1300 1841 οὐκέτι
1327 1817 1486 1854 παρα-

40 1860 378 1915 κομιζομένης
413 1861 481 1902 διὰ
513 1861 583 1903 τὸν
616 1862 803 1915 πόλεμον.
856 1868 1045 1904 Frumenti
1072 1873 1251 1903 mercatus
1277 1878 1355 1902 non
1380 1866 1488 1904 facile

39 1927 215 1975 pertinuit
240 1933 303 1964 aut
329 1927 374 1964 ad
403 1928 590 1977 Cererem,
617 1936 680 1966 aut
705 1929 752 1966 ad
774 1930 946 1966 Liberum
968 1929 1200 1976 Liberamue,
1225 1926 1288 1964 sed
1315 1926 1363 1964 ad
1389 1940 1486 1965 mer-

41 1994 183 2025 catores
209 1995 247 2026 et
271 1989 498 2039 praefectum
525 2002 716 2040 annonae,
749 1993 813 2042 qui
840 1998 1098 2041 nuncupantur
1126 1991 1163 2027 in
1189 1989 1289 2026 aedis
1314 1989 1487 2028 Mercurii

41 2048 269 2088 dedicatione
295 2052 393 2102 apud
419 2052 565 2089 Liuium
591 2065 624 2090 c.
644 2055 710 2102 27,
734 2054 805 2099 cfr.
831 2053 1010 2091 Niebuhr.
1035 2056 1070 2097 l,
1097 2065 1136 2102 p.
1157 2051 1244 2089 665.
1298 2053 1488 2097 Quamob-

22 2124 119 2152 ‘rem
151 2124 233 2149 cum
268 2114 432 2163 proxima
466 2126 489 2151 a
524 2115 633 2152 modo
666 2116 793 2166 positis
820 2116 982 2164 Dionysii
1017 2115 1129 2151 uerba
1152 2111 1235 2150 'sint
1269 2113 1377 2151 haec:
1420 2110 1490 2152 διὰ

42 2173 162 2211 τοῦτο
197 2170 240 2211 τὸ
276 2170 365 2219 δέος
399 2170 721 2224 ἀνασκέψασθαι
756 2172 807 2214 τὰ
834 2172 1052 2225 Σιβύλλεια
1080 2171 1174 2219 τοὺς
1201 2170 1388 2225 φύλακας
1415 2171 1490 2213 αὐ-

43 2235 124 2273 τῶν
150 2229 342 2281 κελεύσας
369 2243 456 2286 etc.,
491 2245 529 2275 et
562 2251 642 2275 cum
675 2251 771 2276 anno
804 2240 911 2275 etiam
940 2239 986 2275 V.
1015 2239 1059 2276 C.
1086 2239 1160 2276 535
1193 2244 1278 2287 post
1304 2238 1489 2275 Trasime-

45 2299 140 2335 niam
172 2311 334 2349 pugnam
366 2299 580 2337 decemuiris
607 2301 789 2349 Sibyllinis
819 2301 1048 2348 curantibus,
1084 2306 1124 2336 ut
1159 2311 1226 2349 ego
1257 2299 1491 2349 interpretor,

44 2367 196 2411 propter
221 2373 389 2399 annonae
415 2362 514 2399 domi
546 2368 653 2399 natae
680 2368 717 2399 et
743 2375 896 2412 peregre
923 2361 1160 2399 aduehendae
1186 2361 1391 2411 praeuisam
1417 2374 1489 2412 pe-

48 2423 208 2472 nuriam,
242 2424 502 2462 lectisternium
529 2418 657 2461 e‘odem
690 2423 750 2461 die
774 2425 955 2461 Mercurio
982 2429 1018 2460 et
1045 2424 1170 2460 Cereri
1195 2422 1332 2460 factum
1358 2423 1404 2460 sit
1428 2435 1490 2461 se-

48 2483 203 2521 cundum
229 2484 374 2522 Liuium
400 2490 466 2535 22,
489 2489 553 2534 10,
579 2486 728 2523 coniicio
755 2486 883 2523 eodem
910 2487 1018 2523 etiam
1044 2497 1140 2522 anno
1166 2484 1217 2525 V.
1238 2485 1282 2522 C.
1300 2485 1376 2523 258
1402 2497 1490 2522 ean-

50 2543 133 2581 dem
158 2547 205 2583 ob
231 2559 377 2584 causam
405 2548 530 2585 iisdem
556 2548 654 2585 libris
680 2548 886 2585 auctoribus
913 2554 1000 2586 uota
1026 2560 1104 2586 esse
1129 2547 1265 2598 templa
1285 2547 1429 2584 Cereris
1453 2552 1491 2583 et

51 2604 232 2656 Mercurii,
257 2609 323 2646 sed
349 2609 518 2647 dedicata
534 2617 720 2647 seorsum.
762 2610 955 2660 Superest,
983 2615 1022 2647 ut
1041 2622 1207 2648 moneam
1229 2610 1357 2647 aedem
1374 2610 1491 2646 Cere-

52 2667 101 2705 ris
121 2679 144 2706 a
163 2669 314 2709 Graecis
337 2671 531 2710 artificibus
551 2671 764 2712 adornatam
791 2672 860 2711 dici
882 2672 982 2725 apud
996 2671 1152 2713 Plinium
1171 2677 1245 2711 nat.
1260 2670 1488 2721 hist.35,45.
