1685 2954
617 61 804 95 sazcvm
833 62 1026 97 PROXIMA
1385 63 1549 97 chxlx

103 178 179 219 que
203 171 343 205 tantum
367 164 588 212 habeamus,
624 175 711 203 num
736 171 891 216 propter
915 165 1090 216 temporis
1113 163 1343 216 exiguitatem
1368 163 1435 203 hos
1461 171 1544 204 tan-

105 236 184 268 tum
210 225 522 280 recognoscendos
553 225 747 275 sumpserit
782 232 820 262 et
853 225 1008 264 sortasse
1038 227 1091 265 his
1117 240 1230 264 unum
1255 227 1456 265 alterumue
1480 240 1548 265 ex-

106 304 251 329 cursum
272 303 317 329 ex
332 302 395 328 sex
420 287 694 339 posterioribus,
718 286 764 323 ad
790 299 882 337 quos
907 288 1092 338 ablegauit
1117 289 1288 326 lectorem
1307 291 1346 337 3,
1364 290 1435 338 573
1454 293 1545 335 200,

105 353 144 401 5,
162 355 250 401 147,
276 349 546 401 interposuerit,
574 350 675 386 cuius
701 349 912 399 suspicionis
938 349 1038 387 leues
1059 349 1236 399 quasdam
1256 362 1382 388 causas
1408 351 1546 401 poteris

105 415 269 453 inuenire
293 413 330 450 in
355 413 416 460 iis,
444 423 540 461 quae
565 422 677 461 supra
706 423 744 460 p.
761 422 885 448 nvn
916 418 953 448 et
980 423 1094 448 Lxln
1122 412 1305 461 disputata
1333 418 1437 460 sunt,
1472 424 1547 450 non

105 477 223 515 habeo
246 475 387 512 dicere:
412 485 558 510 uersum
584 474 623 520 6,
640 473 734 509 792:
763 473 940 522 coeptis
964 472 1086 510 addite
1110 485 1278 511 summa
1303 475 1392 511 meis
1415 475 1475 511 uix
1501 487 1549 512 eo

106 537 315 583 retulerim,
341 536 427 585 quia
453 546 548 584 quae
571 540 773 584 sequuntur
801 534 964 584 proxime
989 533 1035 571 de
1061 534 1221 572 Marciae
1246 535 1364 573 forma
1389 541 1427 572 et
1452 535 1547 575 facie

105 612 143 637 u.
163 601 252 646 798,
272 599 362 644 799,
379 599 455 633 800
482 609 556 633 non
583 595 752 633 uidentur
785 595 981 633 conuenire
1014 594 1051 632 in
1076 596 1180 633 Fabii
1204 596 1351 634 Maximi
1384 597 1547 648 uiduam,

104 661 200 701 Tac.
218 672 304 697 ann.
327 663 364 706 1,
382 658 422 706 5,
448 657 705 707 debebantque
726 668 822 695 anno
843 660 919 695 770
944 658 1131 695 retractari
1156 665 1243 696 ante
1266 658 1398 695 omnia.
1440 658 1547 705 Illud,

105 721 204 772 quod
230 732 423 772 p.1.xxlv
450 719 498 757 de
524 720 644 756 aliena
670 731 778 755 manu
805 719 840 756 in
863 718 990 757 Ouidii
1016 719 1171 770 reliquiis
1197 726 1361 769 grassata
1384 720 1550 770 suspica-

105 789 164 820 tus
189 795 284 831 sum‚
309 783 340 820 si
365 782 444 834 quis
471 782 508 820 in
536 782 655 832 ipsum
673 787 821 832 poetam
846 780 1079 820 festinantem
1098 781 1264 820 conferre
1280 781 1450 830 uoluerit,
1475 779 1548 818 huc

105 844 313 895 pertinebit.

761 946 807 1007 ς.
854 948 893 991 7.

207 1035 384 1074 Proximis
409 1041 492 1074 octo
517 1034 669 1073 saeculis
701 1044 723 1070 a
757 1039 875 1071 morte
908 1039 1040 1085 poetae
1065 1047 1160 1087 quae
1184 1034 1298 1073 fuerit
1332 1034 1439 1072 liuius
1464 1046 1551 1073 car-

106 1098 210 1136 minis
237 1098 398 1147 fortuna,
425 1110 498 1135 non
519 1101 660 1133 constat
679 1096 829 1146 optime,
855 1102 893 1132 et
914 1101 1035 1134 tamen
1054 1098 1148 1134 scitu
1167 1096 1414 1147 dignissimum
1432 1096 1552 1146 foret;

105 1170 228 1209 neque
252 1157 360 1196 facile
386 1159 461 1196 ulla
487 1170 543 1195 res
569 1157 681 1207 magis
708 1158 927 1207 optimorum
953 1160 1271 1207 grammaticorum
1297 1170 1420 1196 curam
1446 1158 1553 1197 effia-

105 1220 249 1270 gitabit,
276 1232 388 1269 quum
414 1217 610 1270 aliquando
633 1218 804 1268 quicquid
825 1220 1155 1257 semibarbarorum
1174 1221 1398 1258 uoluminum
1417 1220 1552 1258 auxilio

105 1288 239 1332 potest,
264 1282 496 1332 profligatum
522 1287 560 1318 et
585 1287 832 1330 expugnatum
853 1281 936 1329 erit,
962 1281 1032 1318 hac
1054 1283 1274 1333 cognitione,
1301 1281 1486 1332 quomodo
1511 1282 1551 1319 in

105 1344 294 1381 uersandis
319 1343 503 1382 ueteribus
527 1342 683 1393 scriptis,
710 1342 864 1379 maxime
890 1344 1018 1393 poetiS,
1045 1351 1189 1382 ueteres
1214 1344 1264 1381 illi
1281 1343 1417 1382 Valerii
1438 1343 1551 1381 Probi

105 1418 149 1444 ac
170 1406 318 1443 Domitii
344 1412 459 1442 artem
486 1411 646 1441 nostram
671 1403 931 1443 factitauerint.
972 1405 1153 1443 Pendebit
1179 1418 1223 1444 ea
1248 1407 1413 1456 quaestio
1437 1406 1552 1456 inpri-

103 1468 171 1504 mis
205 1480 250 1504 ex
282 1467 363 1517 ipsa
395 1467 570 1503 librorum
602 1466 841 1516 scriptorum,
877 1467 940 1517 qui
974 1476 1191 1518 supersunt,
1227 1468 1552 1518 peruestigatione‚

106 1540 189 1566 cum
213 1529 425 1579 exploratur
451 1527 538 1578 quid
570 1528 797 1578 sequioribus
831 1529 1054 1580 temporibus
1080 1531 1254 1568 committi
1280 1530 1455 1567 auderiue
1481 1543 1552 1580 po-

106 1590 231 1638 tuerit,
258 1596 322 1626 aut
346 1602 418 1627 non
443 1591 623 1640 potuerit:
652 1596 764 1641 atque
784 1603 828 1628 eo
849 1592 994 1630 nomine
1014 1591 1150 1642 aliquid
1170 1593 1291 1643 opella
1316 1598 1441 1630 nostra
1464 1604 1554 1643 pro-

107 1648 244 1686 fectum
271 1662 350 1688 esse
374 1651 493 1698 infra,
527 1651 595 1688 nisi
618 1651 750 1701 fallor,
784 1652 975 1703 intelliges.
1027 1653 1105 1691 Sed
1131 1667 1224 1704 opus
1249 1660 1329 1703 est,
1354 1660 1554 1704 antequam

107 1710 255 1749 decerni
280 1712 474 1762 quicquam
499 1712 636 1762 possit,
672 1714 780 1750 simili
805 1714 931 1752 labore
958 1715 995 1752 in
1019 1714 1185 1765 pluribus
1218 1714 1379 1752 eiusdem
1407 1715 1553 1764 generis

108 1783 153 1810 ac
177 1773 282 1808 sortis
307 1773 449 1822 scriptis
473 1773 666 1812 collocato.
709 1774 837 1824 ltaque
852 1774 956 1812 nudis
977 1776 1194 1825 scriptorum
1217 1776 1430 1813 testimoniis
1456 1775 1552 1813 hanc

109 1835 135 1881 §
162 1832 300 1881 multo,
329 1846 440 1883 quam
467 1835 690 1884 optauerim,
722 1836 926 1873 breuiorem
953 1842 990 1873 et
1014 1835 1171 1875 fortasse
1196 1838 1404 1888 aliquanto,
1438 1849 1552 1888 quam

107 1894 285 1946 potuisset
310 1907 403 1944 esse,
429 1896 495 1933 nisi
520 1894 678 1932 fructum
699 1895 801 1933 citius
821 1896 1121 1948 desperauissem,
1148 1900 1330 1937 exiliorem
1355 1901 1552 1939 instruame

107 1957 319 1993 omittentur
342 1968 438 2007 quae
468 1957 504 1994 in
530 1957 764 1996 annotatione
788 1958 910 1995 uerbis
942 1959 1108 1998 carminis
1133 1961 1296 1999 subiecta
1326 1962 1472 2000 minoris
1497 1962 1552 2000 rei

108 2017 266 2055 indicata
290 2023 388 2055 sunt.
728 2017 739 2021 ’

207 2079 479 2129 Inscriptionem
497 2081 664 2118 carminis
684 2086 851 2119 astruunt
867 2081 1069 2121 Priscianus
1089 2089 1117 2121 t.
1135 2087 1170 2130 l,
1194 2097 1233 2135 p.
1249 2086 1324 2122 267
1335 2085 1425 2123 ΚΜ
1455 2086 1552 2124 Oui-

106 2138 191 2176 dtus
214 2139 398 2186 fastorum
422 2143 608 2192 inscripsit
638 2142 771 2188 libros,
808 2145 996 2193 Agroetius
1022 2158 1060 2196 p.
1077 2148 1177 2183 2274
1194 2147 1262 2184 P.:
1295 2150 1452 2186 luuenta
1483 2148 1553 2187 dea

105 2201 210 2252 ipsa,
235 2206 277 2238 ut
306 2204 437 2240 Graeci
462 2203 600 2249 dicunt,
627 2209 693 2242 aut
715 2210 862 2255 poetae,
888 2208 1042 2244 Iunonis
1064 2205 1165 2254 filia,
1191 2220 1287 2247 uxor
1311 2210 1499 2256 Hermus,
1525 2221 1554 2248 α

105 2275 182 2311 qua
206 2265 354 2301 lunium
378 2277 534 2303 mensem
559 2266 782 2315 appellatum
806 2269 845 2304 in
872 2267 972 2306 libris
996 2268 1181 2316 fastorum
1207 2270 1367 2320 legimus.
1419 2272 1552 2311 lisdem

106 2324 224 2362 modis
248 2325 459 2364 Lactantius
486 2331 591 2375 1,12
609 2334 647 2364 et
665 2332 725 2367 13.
780 2329 858 2367 Csr.
886 2329 961 2368 Ou.
984 2332 1022 2379 4,
1040 2333 1100 2369 19.

205 2385 296 2422 Loci
321 2394 418 2436 sunt,
443 2389 504 2425 ubi
529 2389 729 2439 scripturae
755 2398 818 2428 aut
844 2392 1025 2440 meliores,
1051 2405 1160 2443 quam
1186 2406 1282 2444 quae
1307 2395 1343 2433 in
1369 2394 1552 2434 codicibus

108 2453 206 2494 sunt,
233 2454 297 2485 aut
315 2451 567 2488 memorabiles
593 2459 806 2490 seruantur:
833 2454 895 2491 lib.
912 2459 951 2502 2,
963 2454 1013 2491 55
1040 2454 1139 2505 apud
1155 2454 1328 2494 Priscian.
1346 2462 1384 2506 1,
1410 2471 1450 2508 p.
1465 2461 1552 2504 183,

109 2509 248 2556 p.336‚
275 2523 428 2560 quorum
462 2513 625 2550 locorum
657 2516 773 2552 altero
808 2528 935 2553 omnes
968 2523 1115 2567 praeter
1146 2529 1257 2554 unum
1282 2518 1425 2557 Krehlii
1451 2519 1552 2556 codi-

111 2577 193 2615 ces,
231 2571 347 2609 altero
381 2585 507 2611 omnes
539 2574 700 2614 habent:
744 2576 928 2626 Phryyiae
963 2579 1183 2616 contermina
1214 2582 1415 2627 niatu-is,
1450 2580 1551 2631 quod

110 2638 271 2670 meorum
297 2646 390 2672 unus
414 2635 560 2674 infimae
584 2644 705 2676 notae.
744 2638 826 2677 Lib.
844 2642 885 2689 2,
907 2652 942 2678 u.
959 2639 1036 2678 597
1061 2652 1185 2679 ueram
1205 2643 1421 2693 scripturam
1440 2655 1549 2693 prae-
