1685 2954
682 121 836 153 cnn‘rls
1269 114 1484 147 chxxvu

43 228 100 268 ld.
126 228 164 274 4,
182 228 227 266 8:
252 227 446 279 pooucmnt
472 221 664 260 Forculum
687 220 844 270 foribus,
875 220 906 258 G
911 218 1102 258 ardeam
1126 215 1277 264 cardini,
1302 216 1486 255 Limenti-

43 302 132 330 num
156 291 322 336 (Limam
342 284 476 323 Arnob.
493 285 532 331 4,
547 285 589 331 8)
613 283 730 321 limini
755 282 840 329 (cfr.
858 284 897 330 6,
913 284 952 330 7,
980 282 1016 318 T
1019 281 1140 319 ertull.
1160 279 1207 318 de
1224 278 1310 319 idol.
1326 291 1364 329 p.
1378 279 1485 323 623).

44 351 181 389 Arnob.
208 353 244 395 4,
272 353 313 386 3:
337 346 406 384 dea
431 345 562 383 Panda
586 345 645 383 uel
670 346 846 388 Pontica,
879 345 918 391 4,
945 345 990 380 6:
1018 345 1252 389 Lateranus,
1282 345 1325 378 ut
1349 339 1485 385 dicitis,

45 414 131 452 deus
157 417 209 451 est
234 411 408 459 focorum.
435 429 485 436 --
511 407 604 457 Aug.
629 409 667 455 4,
682 410 750 444 21:
778 405 849 443 diis
875 404 1089 453 ayt-estibus,
1116 409 1156 441 ut
1179 404 1322 451 stactus
1346 400 1487 438 uberri-

44 487 124 513 mos
149 475 313 522 caperent
337 474 371 507 et
395 471 555 506 maxime
578 472 650 520 ipsi
676 469 785 506 diuae
811 469 1029 505 Fructiseae.
1069 465 1122 502 ld.
1140 467 1181 513 ’7,
1193 468 1262 502 23:
1293 462 1488 509 Telluri,

49 534 260 577 'I'ellumoni‚
285 531 418 576 Altori,
445 533 595 569 Rusori.
633 530 688 568 Id.
715 533 753 578 4,
771 533 814 567 8:
840 541 932 567 rura
958 527 1045 565 deae
1066 529 1245 575 Rusinae,
1269 528 1358 573 ’ξορα
1381 535 1489 561 mon·-

46 600 136 636 uum
159 595 223 632 deo
247 595 418 642 Iuyatino
444 595 598 640 (Ax-nob.
624 595 665 640 4,
691 594 737 630 9:
766 593 847 641 quis
871 590 1083 628 Montinum
1110 585 1349 634 manumve„
1385 584 1490 623 colli-

46 658 113 696 bus
139 655 243 694 deam
276 656 510 703 Collatinum,
536 654 695 693 uallibus
723 653 932 692 Valloniam
956 651 1218 702 praefecerunt.
1269 648 1408 685 Ibidem
1434 651 1491 684 est

44 719 115 758 dea
139 720 250 766 Seia,
277 719 420 766 Seyeua
446 717 502 765 (6,
519 719 562 754 8:
589 719 843 760 Saturnus,
871 714 938 751 cfr.
961 716 1021 761 18,
1038 714 1128 762 15),
1159 711 1345 756 Tutilium,
1372 711 1490 746 Pro·-

45 783 252 830 serpina,
278 777 460 823 Nodotus,
490 778 678 826 Volutina,
706 777 893 824 Panicum,
920 775 1118 820 Hostilium
1144 774 1300 819 Flora,
1326 772 1494 808 Lactar-

47 845 124 882 cius
140 843 265 889 (Seru.
284 839 332 878 ad
353 852 409 889 ge.
432 844 470 888 1,
488 840 581 878 315:
612 843 730 878 Varro
754 841 792 876 in
812 838 912 875 libris
932 837 1142 875 dinimarum
1164 835 1249 872 (licit
1266 836 1490 871 Lactantem

48 904 153 943 deum
178 916 254 942 esse
281 904 343 953 qui
367 914 405 939 se
430 901 592 949 infundit
617 901 790 950 segetibus
815 905 848 937 et
873 911 936 936 eas
955 898 1050 945 facit
1074 897 1292 944 lactescere),
1318 897 1494 941 Matura,

48 968 221 1005 Runcina
251 967 318 1012 (4,
343 968 412 1001 21:
451 965 674 1014 Spiniensis,
709 962 913 1010 Rubigo,
949 959 1016 996 cfr.
1042 959 1150 997 Seru.
1177 957 1223 995 ad
1251 970 1310 1007 ge.
1339 961 1376 1004 l,
1405 956 1496 1003 151,

51 1028 150 1066 Gen.
177 1029 217 1076 5,
244 1031 291 1064 12
317 1027 417 1072 fin.).<
461 1025 516 1062 ld.
544 1025 583 1070 4,
607 1024 678 1059 24:
717 1025 901 1068 Pomona,
935 1021 1109 1066 Bubona,
1148 1022 1188 1069 4,
1214 1022 1283 1057 34:
1315 1018 1495 1057 Mellona.

51 1090 210 1127 Tertull.
237 1088 286 1126 ad
312 1094 388 1125 nat.
411 1091 450 1133 2,
471 1089 514 1123 9:
541 1083 779 1122 Sterculinius.
821 1085 1000 1121 Arnobius
1019 1085 1058 1132 4,
1075 1086 1100 1120 7
1126 1090 1163 1120 et
1189 1083 1339 1120 Seruius
1363 1081 1410 1118 ad
1435 1091 1495 1130 ge.

51 1154 92 1199 l,
120 1154 168 1187 21
195 1150 327 1186 multos
353 1149 442 1185 alios
467 1147 554 1184 deos
580 1146 687 1182 huius
713 1146 899 1183 commatis
925 1147 1123 1183 rusticanos
1149 1145 1296 1181 habent.
1321 1162 1373 1173 --
1400 1143 1496 1191 Aug.

50 1214 88 1256 4,
107 1215 178 1248 21:
212 1211 276 1248 deo
307 1211 412 1248 Gatio
436 1213 559 1259 patre,
593 1209 654 1258 qui
679 1212 797 1253 catos,
827 1205 865 1244 id
890 1212 944 1244 est
970 1212 1098 1245 aciatos
1120 1206 1272 1254 faceret,
1298 1226 1351 1236 —
1386 1203 1497 1241 Bel-

52 1272 189 1311 lonae
213 1277 255 1309 ut
279 1271 364 1310 bene
387 1271 648 1320 belliyerarent,
674 1269 762 1307 deae
790 1271 973 1307 Victoriae
996 1274 1038 1306 ut
1062 1272 1253 1313 uincerent,
1280 1267 1344 1305 deo
1369 1269 1499 1305 Hono-

51 1335 135 1374 rino
159 1339 202 1371 ut
225 1334 501 1378 honorarentur,
527 1332 614 1370 deae
638 1333 819 1369 Pecuniae
842 1330 927 1377 (cfr.
953 1331 1089 1369 Arnob.
1119 1333 1157 1377 4,
1184 1333 1226 1376 9)
1251 1334 1294 1367 ut
1317 1328 1501 1380 pecuniosi

53 1402 188 1442 essent,
214 1396 278 1434 deo
303 1396 509 1433 Aesculano
534 1400 568 1432 et
591 1393 668 1443 filio
693 1396 771 1431 eius
795 1393 997 1442 Argentino
1022 1415 1072 1423 -
1096 1397 1242 1442 propter
1266 1392 1385 1440 fessos
1410 1390 1499 1427 diua

56 1460 248 1503 Fessonia,
282 1463 429 1508 propter
453 1457 575 1495 hostes
600 1455 824 1506 depellendos
857 1454 946 1492 diua
970 1455 1135 1492 Pelionia
1157 1474 1211 1483 —-
1235 1454 1299 1492 deo
1325 1451 1501 1491 Statilino

54 1525 205 1565 stantes,
231 1520 318 1558 deae
333 1520 504 1558 Adeonae
524 1518 708 1562 adeuntes,
735 1516 905 1555 Abeonae
930 1516 1109 1562 abeuntes,
1136 1516 1223 1555 deae
1239 1517 1385 1554 Menti
1411 1513 1499 1562 (cfr.

56 1585 96 1631 7,
113 1584 155 1629 3)
180 1589 221 1620 ut
246 1583 377 1620 bonam
403 1581 572 1620 haberent
592 1585 757 1627 mentem,
784 1579 848 1617 deo
870 1579 1046 1617 Volumno
1072 1583 1105 1615 et
1130 1578 1217 1616 deae
1236 1578 1436 1617 Volumnae
1460 1580 1501 1613 ut

57 1642 153 1681 bona
175 1644 307 1682 uellent
330 1665 402 1682 -—.
435 1644 489 1680 Id.
516 1645 554 1690 4,
576 1646 642 1679 11:
677 1644 823 1679 Praesit
853 1640 1019 1688 fortuitis
1049 1646 1263 1690 voceturque
1291 1643 1502 1678 Fortuna

59 1726 110 1734 --
135 1705 179 1743 de
201 1718 275 1755 spe,
301 1719 393 1756 quae
416 1707 529 1752 uenit,
557 1703 700 1741 Venilia
725 1703 811 1748 (cfr.
831 1706 868 1748 7,
890 1707 957 1740 22:
989 1703 1142 1748 Venilia,
1169 1705 1296 1752 inquit,
1323 1702 1422 1739 unda
1448 1705 1502 1738 est

61 1779 153 1816 quae
179 1767 228 1804 ad
253 1768 356 1805 littus
380 1769 490 1804 uenit.
542 1766 704 1815 Interpp.
732 1765 822 1802 Maii
848 1765 894 1801 ad
921 1766 1010 1802 Aen.
1041 1767 1102 1811 10,
1128 1766 1201 1801 76:
1239 1767 1357 1802 Varro
1382 1774 1504 1801 rerum

61 1828 272 1866 diuinarum
296 1830 427 1865 XIIII
448 1827 490 1863 (le
515 1826 571 1863 dis
597 1828 724 1863 certis:
749 1838 855 1876 spes
881 1839 971 1863 cum
997 1825 1250 1863 conciliata
1273 1837 1364 1863 non
1389 1825 1505 1871 fru-

63 1894 171 1928 stra
205 1894 328 1927 esset
362 1893 404 1926 et
437 1890 671 1926 euenisset
699 1914 816 1925 .....
842 1891 1022 1932 tantur,
1062 1899 1197 1936 quam
1233 1886 1369 1924 deam
1406 1897 1505 1923 cum

66 1953 276 2002 Neptuno
309 1952 606 1998 coniungunt.
660 1949 818 1986 Tertull.
845 1948 891 1985 ad
919 1955 993 1985 nat.
1021 1951 1060 1995 2,
1090 1953 1159 1985 11:
1193 1952 1270 1999 spei
1298 1948 1506 1993 Veniliam),

65 2013 108 2051 de
133 2013 319 2064 uoluptate
347 2012 522 2061 Volupia,
548 2011 591 2048 de
616 2016 700 2048 actu
725 2012 928 2060 Ayeronia,
955 2009 998 2047 de
1020 2011 1195 2056 stimulis,
1221 2011 1348 2061 quibus
1372 2010 1422 2048 ad
1445 2012 1508 2048 ni-

66 2077 178 2112 mium
212 2079 333 2112 actum
365 2073 470 2111 homo
500 2073 717 2123 impellitur,
737 2072 823 2110 'dea
854 2072 1062 2110 stimula
1095 2075 1315 2111 nominetur:
1349 2076 1509 2111 Strenua

25 2140 31 2145 ’
66 2136 151 2182 (cfr.
178 2136 274 2185 Lyd.
301 2135 348 2172 de
374 2147 488 2172 mens.
515 2137 554 2182 4,
583 2137 620 2180 4,
646 2148 684 2185 p.
703 2135 792 2172 152:
822 2131 877 2178 εἷς
902 2130 1022 2183 τιμὴν
1050 2131 1244 2183 δαίμονός
1269 2147 1377 2179 τινος
1403 2130 1510 2171 οὕτω

66 2193 489 2247 προσαγορευομένης,
514 2192 604 2246 ἣτις
630 2191 778 2246 ἴφορός
805 2194 862 2241 ἐςι
893 2196 972 2234 τῶν
998 2196 1134 2243 νικῶν)
1159 2197 1229 2235 dea
1253 2200 1302 2234 sit
1326 2202 1511 2234 strenuum

67 2259 256 2308 faciendo:
292 2261 493 2305 Numeria,
526 2271 618 2308 quae
641 2271 832 2296 numerare
858 2258 982 2296 doceat
1015 2260 1098 2306 (cst.
1123 2260 1223 2297 Non.
1250 2272 1288 2310 p.
1310 2260 1396 2303 352,
1423 2259 1509 2302 32):

73 2323 323 2366 Gamoena,
360 2333 451 2372 quae
483 2333 630 2358 canere:
668 2322 746 2369 ‘ipse
781 2323 830 2357 sit
861 2320 948 2358 deus
984 2322 1164 2358 Consus
1198 2320 1352 2367 (Arnob.
1380 2322 1418 2367 3,
1443 2319 1512 2364 23)

67 2382 269 2434 praebendo
296 2383 470 2430 consilia,
505 2388 561 2419 et-
572 2382 641 2420 dea
666 2384 793 2420 Sentia
821 2385 1017 2420 sententias
1040 2382 1267 2433 «inspirando.
1318 2381 1373 2419 Id.
1401 2384 1439 2429 4,
1467 2384 1513 2417 8:

70 2444 157 2481 deae
185 2444 386 2490 Cloacinae,
414 2446 450 2490 4,
472 2447 538 2482 16:
565 2444 668 2481 deam
694 2446 883 2482 Murciam
909 2444 994 2490 (cfr.
1025 2446 1158 2482 Arnob.
1187 2446 1226 2491 4,
1242 2441 1298 2491 9),
1324 2463 1374 2471 -
1403 2444 1514 2489 Quie-

71 2509 141 2542 tem
166 2508 329 2554 (Pausos
354 2507 490 2545 Arnob.
518 2511 554 2554 1,
582 2508 665 2554 28),
691 2507 729 2553 4,
756 2509 806 2542 20
835 2508 1011 2544 Virtutem
1037 2526 1083 2534 --
1114 2506 1220 2545 Fides
1243 2527 1293 2534 —-
1317 2505 1514 2551 Pudicitia,

72 2568 113 2613 7,
137 2571 182 2606 3:
218 2571 447 2614 Minerua,
484 2571 541 2616 cui
564 2580 628 2618 per
661 2570 735 2605 ista
763 2570 907 2605 minuta
941 2580 1052 2618 opera
1084 2579 1276 2617 puerorum
1306 2569 1517 2605 memoriam

75 2627 286 2667 tribuerunt.
331 2631 496 2668 Tertull.
520 2630 567 2666 ad
587 2636 664 2666 nat.
686 2633 728 2677 2,
748 2634 816 2666 ll:
845 2629 890 2666 ab
913 2628 1029 2678 effatu
1047 2632 1203 2670 Formas
1223 2652 1271 2658 ——
1293 2629 1516 2680 [praestaJn—

78 2693 151 2729 tiae
166 2693 415 2732 Praestitiam·
458 2693 594 2733 Arnob.
611 2695 647 2737 3,
662 2693 730 2733 25:
766 2691 1009 2741 Vnctionibus,
1034 2694 1165 2745 inqua,
1189 2698 1351 2741 superest
1381 2687 1515 2733 ania,
