1685 2954
678 59 789 89 CVRA
819 59 1012 89 SECVNDA
1408 60 1567 93 chxJu

379 162 443 199 Sic
465 159 635 208 Augusta
659 170 793 196 nouum
817 157 919 196 Iulia
946 170 1077 203 nttmen
1102 161 1181 198 erit.

118 222 215 260 Nam
243 222 345 272 quod
379 222 509 259 dicitur
540 219 678 257 sactum
707 219 853 270 quidem
889 232 962 257 non
997 227 1053 258 est
1077 228 1162 258 ante
1188 211 1330 259 Claudii
1355 222 1443 273 imp.
1471 230 1562 262 tem-

118 296 224 335 pora,
251 284 321 321 Dio
347 284 468 330 58,2;
496 283 561 329 60,
582 281 619 326 5,
647 281 832 330 Augustae
858 281 969 319 Iuliae
995 295 1084 320 uero
1112 295 1244 321 nomen
1271 295 1318 321 ex
1343 290 1562 323 testamento

116 346 267 395 Augusti
301 345 445 382 demum
477 343 655 393 inualuit,
690 342 765 380 uid.
792 343 921 380 Vellei.
948 348 988 392 2,
1006 345 1071 392 75,
1097 345 1190 382 Tac.
1217 357 1302 383 ann.
1330 350 1368 395 1,
1387 348 1427 394 8,
1453 346 1558 385 Suet.

117 407 203 446 Oct.
219 409 302 444 107.
345 405 476 455 Neque
497 416 645 442 necesse
671 406 740 442 erit
768 417 805 441 u.
824 403 898 441 533
925 417 969 443 eo
996 412 1161 455 tempore
1186 407 1266 456 ipso
1291 408 1466 458 scriptum
1490 421 1561 458 pu-

116 476 208 518 tare,
234 480 306 518 quo
323 467 492 504 Tiberius
518 479 560 504 re
584 478 671 504 uera
697 466 913 504 detrectauit
935 468 1193 518 principatum,
1220 468 1290 506 Dio
1308 469 1372 517 57,
1392 471 1429 507 7.
1467 470 1560 508 Ver·

114 533 213 569 sibus
234 531 447 566 191—-222
474 528 581 565 Ianus
600 529 773 578 temporis
795 529 865 565 acti
889 529 1060 566 laudator
1084 529 1266 566 inducitur
1283 537 1478 581 tueturque
1497 543 1560 570 eas

112 598 236 643 partes
272 590 462 628 commode
497 597 534 628 et
569 591 753 640 grauiter,
792 591 859 629 nisi
894 591 993 641 quod
1020 605 1055 629 u.
1074 595 1149 628 222
1175 592 1286 642 paulo
1312 592 1465 629 ieiunior
1490 600 1558 632 est.

110 653 188 692 Sed
213 653 361 690 dubium
387 652 473 689 mihi
507 652 569 689 uix
595 658 672 699 est,
707 653 792 702 quin
821 666 882 690 uu.
902 656 1117 691 223—226
1150 666 1232 692 cum
1264 654 1325 691 illa
1349 654 1558 704 insperatis-

110 717 200 752 sima
225 714 406 751 clausula:
441 717 532 752 Mos
562 719 682 751 tamen
711 719 766 751 est
792 727 902 764 aeque
928 714 1057 763 dignus
1081 720 1227 765 uterque
1253 715 1320 762 coli
1351 714 1462 752 additi
1487 716 1558 753 sint

110 783 239 828 postea
263 788 372 826 quam
399 789 457 814 res
483 783 586 826 gesta
612 783 682 824 est,
710 788 806 825 quae
831 776 879 813 ad
904 778 1059 827 priscam
1085 778 1182 814 illam
1208 776 1269 813 dei
1293 776 1558 826 simplicitatem

109 851 183 875 non
209 839 345 888 optime
371 838 626 875 conueniebat.
677 837 874 874 Probabile
900 844 955 874 est
978 837 1152 874 Ouidium
1179 850 1260 874 cum
1290 839 1445 888 primum
1473 850 1557 875 uer-

107 912 187 937 sum
211 900 286 936 257
311 900 498 948 scriberet,
527 912 636 936 unum
663 905 806 935 tantum
837 899 915 935 lani
941 899 1129 947 sacellum,
1155 899 1232 935 siue
1259 900 1434 949 templum
1461 900 1557 936 inter

108 961 183 998 duo
215 960 296 998 fora
323 962 466 998 uouisse
498 968 535 998 et
568 974 604 997 u.
620 963 696 996 277
729 959 777 996 ad
814 959 884 996 hoc
915 961 1081 998 retulisse
1117 967 1279 998 ueterem
1313 963 1420 998 ritum
1455 961 1556 998 clau-

107 1023 217 1060 dendi
243 1029 280 1059 et
306 1021 520 1072 aperiendi,
553 1028 663 1071 prout
687 1021 821 1070 etiam,
847 1021 960 1072 paulo
986 1021 1091 1058 aliter
1115 1021 1292 1071 sortasse,
1324 1022 1411 1060 fecit
1435 1023 1554 1061 Varro

104 1084 153 1122 de
177 1085 203 1121 l.
229 1083 254 1120 1.
282 1084 321 1131 5,
345 1085 429 1121 165.
481 1084 613 1120 Mirum
645 1082 742 1119 foret
777 1082 823 1120 de
853 1095 972 1133 paruo
998 1083 1130 1121 sacello
1156 1086 1305 1135 copiose
1336 1084 1490 1135 exponi,
1522 1084 1554 1122 si

103 1146 257 1182 alterum
284 1145 460 1194 templum
488 1144 739 1195 superfuisset,
766 1144 813 1182 de
838 1158 911 1194 quo
937 1145 1062 1182 Liuius
1082 1149 1117 1191 1,
1138 1147 1206 1183 19:
1233 1149 1368 1183 Ianum
1393 1146 1443 1184 ad
1466 1144 1553 1193 infi-

101 1219 202 1245 mum
225 1206 427 1256 Argiletum
452 1206 604 1244 iudicem
638 1209 743 1257 pacis
776 1206 924 1256 bellique
955 1207 1054 1254 feeit.
1106 1207 1252 1245 Nomen
1288 1207 1394 1245 huius
1426 1208 1553 1258 templi

101 1276 140 1308 et
174 1269 293 1306 locum
329 1276 454 1306 notum
490 1269 602 1306 fuisse
637 1269 746 1306 docet
781 1276 892 1319 poeta
917 1273 956 1316 2,
976 1272 1067 1317 201,
1093 1270 1154 1306 ubi
1180 1270 1417 1307 Carmentalis
1442 1277 1551 1320 porta

99 1334 271 1384 promimus
295 1334 393 1369 Iano
428 1331 569 1368 dicitur.
621 1331 759 1368 Verum
785 1343 867 1368 cum
894 1331 1001 1368 huius
1035 1338 1165 1381 portae
1199 1331 1272 1369 duo
1298 1334 1387 1370 Iani
1415 1331 1550 1368 fuerint

100 1400 194 1432 teste
219 1394 324 1430 Liuio
350 1397 389 1441 2,
415 1394 480 1441 49,
514 1392 580 1430 cfr.
609 1405 720 1443 supra
745 1405 783 1442 p.
805 1404 963 1441 cxmx,
995 1393 1026 1430 si
1060 1393 1290 1430 simulacrum
1325 1393 1384 1431 dei
1417 1394 1547 1431 fuisset

99 1456 161 1494 illo
187 1456 223 1492 in
249 1455 346 1503 loco,
373 1453 557 1505 quomodo
583 1453 652 1490 dici
679 1455 798 1505 potuit
818 1459 855 1502 l,
875 1456 950 1492 257
975 1460 1145 1493 sacratus
1162 1457 1201 1492 -ἱη
1219 1468 1293 1492 uno
1313 1453 1435 1492 stare?
1461 1467 1548 1491 nam

99 1522 291 1562 sacratus,
327 1523 366 1554 ut
393 1523 506 1566 puto,
532 1529 605 1553 non
632 1517 698 1553 nisi
724 1517 760 1553 in
790 1517 925 1553 sacello
953 1528 1070 1566 prope
1095 1517 1271 1555 fornicem
1295 1518 1432 1554 stabat:
1468 1517 1548 1566 ipse

101 1591 193 1630 pace
218 1579 322 1626 latet,
348 1592 383 1615 u.
405 1581 492 1625 277,
518 1581 621 1615 tectis
645 1578 723 1615 Pax
748 1578 922 1615 emittitur
948 1590 985 1614 u.
1003 1582 1088 1617 121.
1128 1579 1270 1617 Deinde
1286 1579 1438 1616 Tacitus
1459 1590 1545 1615 ann.

100 1645 138 1686 2,
154 1642 203 1677 49
222 1653 316 1677 anno
338 1641 381 1676 V.
399 1640 443 1676 C.
460 1642 536 1676 770
561 1640 650 1677 haec
676 1640 773 1677 facta
799 1647 942 1677 narrat:
968 1640 1102 1678 Iisdem
1119 1641 1336 1690 temporibus
1355 1640 1459 1678 deum
1480 1653 1546 1677 ae-

100 1702 163 1740 des
186 1706 365 1738 ⁴uetustate
389 1705 454 1737 aut
478 1703 553 1749 igni
578 1700 732 1739 abolitas
758 1707 969 1750 coeptasque
995 1702 1039 1740 ab
1059 1704 1226 1752 Augusto
1252 1702 1432 1740 dedica-uit
1457 1701 1544 1747 (Ti-

98 1761 253 1811 berius),
279 1761 412 1800 Libero
432 1762 650 1810 Liberaeque
675 1767 709 1799 et
738 1764 855 1800 Geren-i
879 1766 986 1800 iuxta
1012 1766 1144 1801 circum
1169 1767 1370 1801 mammam
1386 1786 1454 1807 —,
1480 1775 1544 1800 eo-

98 1825 245 1874 demque
268 1825 308 1861 in
334 1823 410 1861 loco
437 1823 559 1860 aedem
587 1823 720 1861 Florae
744 1846 815 1868 —‚
842 1828 876 1860 et
901 1827 996 1861 Iano
1022 1825 1211 1874 templum,
1238 1824 1333 1874 quod
1356 1824 1456 1874 apud
1478 1824 1542 1871 fo-

97 1899 180 1926 rum
212 1886 396 1925 olitorium
434 1887 472 1923 G.
508 1885 671 1922 Duillius
704 1891 904 1923 struxerat.
964 1886 1022 1923 De
1059 1886 1129 1923 hoc
1164 1888 1243 1924 loco
1278 1888 1312 1923 in
1349 1887 1542 1923 certiorum

97 1955 392 1998 argumentorum
419 1948 572 1998 penuria
599 1948 650 1984 ita
686 1960 839 1996 censeo,
876 1947 1170 1997 quandoquidem
1197 1949 1339 1986 Cereris
1365 1948 1541 1998 templum

97 2011 320 2061 superfuerit
346 2022 442 2047 anno
470 2009 515 2047 V.
544 2010 589 2048 C.
615 2010 690 2046 747
725 2010 817 2046 teste
841 2009 1017 2058 Dionysio
1045 2010 1126 2048 Hal.
1152 2012 1190 2057 6,
1208 2013 1273 2059 94,
1304 2010 1539 2047 uerosimilius

95 2085 176 2111 esse
202 2074 274 2109 hoc
299 2073 398 2122 igne,
424 2083 533 2121 quam
561 2077 741 2109 uetustate
767 2071 953 2116 abolitum,
979 2071 1134 2109 eundem
1161 2081 1281 2110 autem
1307 2074 1425 2122 ignem
1450 2084 1538 2121 pro-

91 2135 228 2172 ximam
246 2134 380 2170 Florae
405 2133 533 2170 aedem
554 2134 744 2171 absumere
764 2134 939 2183 potuisse,
965 2134 1042 2170 Iani
1067 2146 1154 2185 ergo
1180 2135 1354 2185 templum
1382 2134 1537 2171 fortasse

92 2196 209 2235 solum
238 2202 420 2233 uetustate
456 2197 656 2245 collapsum
690 2207 781 2232 esse.
834 2195 1118 2233 Concedendum
1151 2203 1249 2233 certe
1281 2201 1336 2232 est
1361 2195 1533 2233 Ouidium

93 2259 154 2297 uel
173 2258 268 2295 hanc
287 2259 334 2295 ob
353 2269 512 2305 causam,
540 2258 599 2295 uel
626 2258 708 2307 quia
734 2258 864 2295 lentius
890 2258 1130 2294 instauratum
1155 2264 1223 2306 est,
1249 2258 1536 2307 praetermittere

92 2320 176 2358 olim
202 2320 375 2371 potuisse.
427 2320 643 2356 Illud‘uero
678 2319 724 2356 de
752 2332 861 2357 attrce
886 2320 1017 2369 templo
1045 2333 1082 2356 u.
1099 2323 1173 2356 223
1202 2320 1406 2369 appositum
1432 2325 1534 2369 post-

92 2380 163 2418 hac
188 2382 284 2418 circa
309 2388 453 2432 tempus
479 2380 711 2418 dedicationis
739 2382 981 2430 Tiberianae,
1015 2394 1103 2429 nec,
1135 2387 1175 2418 ut
1201 2380 1297 2429 dixi,
1326 2381 1530 2432 aptissime:

93 2442 215 2481 incidit
249 2455 292 2480 ea
325 2443 505 2480 dedicatio
536 2443 572 2479 in
597 2443 666 2479 XV
687 2443 750 2479 ΚΡ
776 2443 875 2481 Nou.
908 2443 1107 2481 secundum
1139 2443 1251 2480 fastos
1277 2443 1530 2480 Amiterninus.

92 2504 249 2542 Aureum
284 2511 372 2543 tunc
405 2505 581 2555 templum
618 2505 754 2541 sactum
787 2517 865 2543 esse
888 2507 1030 2550 nescio,
1065 2517 1112 2542 an
1145 2506 1275 2555 probet
1300 2505 1404 2542 Plinii
1428 2505 1528 2541 locus

93 2571 169 2602 nat.
197 2565 278 2604 hist.
305 2557 368 2616 36,
388 2568 425 2613 4,
445 2570 485 2614 8,
518 2567 570 2603 ita
603 2567 931 2617 interpungendus:
975 2569 1070 2605 itemv
1090 2570 1208 2605 Ianus
1247 2572 1353 2617 pater
1387 2568 1426 2603 in
1459 2577 1529 2616 suo

95 2626 225 2677 templo
250 2627 414 2679 dicatus,
439 2628 484 2668 ab
510 2629 676 2680 Augusto
702 2641 748 2668 ea·
772 2630 935 2682 Aegypto
962 2629 1151 2676 aduectus,
1183 2629 1285 2668 cuius
1308 2640 1444 2666 mamts
1466 2629 1529 2674 sit,
