1685 2954
675 103 941 134 raenwmlvs
1404 105 1545 134 xxxix

86 202 236 241 tabulae
261 198 528 240 Praenestinae.
544 198 711 237 ducentis
744 199 824 239 sere
850 209 936 241 ante
961 202 1100 253 reliqua
1124 201 1227 240 annis
1260 201 1448 240 inuentum
1475 202 1543 241 do·

83 273 145 303 cet
171 277 252 302 eam
279 275 356 300 rem
380 267 520 311 gestam
547 273 627 298 esse
653 273 750 299 anno
778 261 830 301 V.
857 265 902 301 C.
932 265 1008 302 752
1034 264 1288 313 feriasqueex
1316 263 1358 300 S.
1386 264 1429 300 C.
1456 277 1543 301 con-

83 332 211 379 ceptas
236 335 339 373 esse,
374 334 497 373 neque
523 328 646 361 tamen
672 323 764 372 NP,
799 324 864 361 sed
890 325 928 362 N
952 326 1071 375 signat
1103 326 1198 362 diem
1231 325 1361 375 ipsum.
1415 327 1543 370 Quare

84 389 195 428 ualde
216 385 324 426 animi
349 383 500 431 haereo,
528 390 645 422 utram
668 390 792 423 notam
815 386 990 424 excidisse
1006 386 1124 424 dicam
1145 388 1178 423 in
1203 387 1325 437 lapide
1342 386 1542 426 Maffeano.

79 451 220 489 Dixerit
245 446 386 497 aliquis,
414 452 515 483 certe
538 446 596 484 N:
625 460 708 484 nam
735 447 890 485 frustum
919 448 1006 486 illud
1027 448 1304 486 Praenestinum
1329 461 1408 487 esse
1434 462 1542 500 argu-

79 518 222 558 mento,
258 510 344 547 istas
380 507 490 546 serias
526 508 684 546 minores
720 508 754 546 in
791 510 964 546 continuo
999 509 1138 547 dierum
1166 510 1388 548 nefastorum
1416 510 1542 548 ordine

79 572 209 612 eodem
236 572 318 609 loco
343 570 470 619 fuisse,
499 577 612 620 atque
639 571 793 608 maiores
821 571 922 608 binas
949 583 1072 608 mense
1099 572 1213 609 lunio.
1267 571 1403 609 Verum
1430 585 1541 623 quae-

75 633 230 671 rendum
258 640 313 670 est
342 639 475 679 antea,
511 645 598 669 num
634 632 731 670 sorte
756 632 878 669 Verrii
911 635 1131 672 senescentis
1166 640 1287 671 aetate
1320 633 1433 671 seriae
1459 635 1542 672 illae

73 701 240 745 propter·
253 707 354 741 rem,
396 705 468 743 qua
501 694 658 744 seipsum
696 694 883 744 indignum
910 694 1082 732 iudicauit
1108 695 1305 742 Tiberius,
1340 703 1541 745 conceptae

74 756 111 793 in
139 755 418 792 desuetudinem
446 755 615 804 abierint,
643 763 680 794 et
706 756 835 807 ecquid
862 757 957 793 inter
982 757 1059 794 dies
1087 757 1273 806 religiosos
1291 757 1423 796 mensis
1450 758 1540 795 lunii

73 825 112 855 et
135 817 327 854 Februarii
355 824 478 855 tamen
504 818 552 855 sit
578 817 803 856 discriminis.
856 818 986 856 Mense
1019 819 1114 856 enim
1141 818 1244 855 Iunio
1280 824 1371 868 quot
1404 819 1429 855 ii
1463 819 1540 856 dies

71 880 156 928 siut,
183 880 338 917 scimus:
366 879 569 917 Februario
588 893 779 930 quousque
797 881 1017 930 pertineant,
1038 880 1158 918 adhuc
1176 881 1398 930 ignoramus.
1433 880 1539 917 Men·

70 955 148 979 sem
174 941 416 978 Februarium
444 942 490 978 ab
526 942 566 979 iis
593 942 720 979 diebus
745 942 922 979 februatis
955 941 981 979 i.
1008 954 1042 979 e.
1072 942 1291 993 purgatoriis
1318 949 1355 980 et
1382 941 1457 980 deis
1483 942 1538 979 in-

70 1004 158 1042 seris
185 1004 333 1041 sacratis
361 1016 492 1041 nomen
519 1005 671 1041 traxisse
708 1016 781 1041 non
817 1011 893 1050 est,
932 1002 1032 1054 quod
1059 1003 1233 1041 Varronis
1260 1006 1298 1053 6,
1325 1005 1387 1049 34,
1423 1003 1537 1041 Laur.

70 1065 165 1114 Lydi
190 1078 230 1115 p.
253 1067 327 1102 170
354 1065 446 1112 Ra„
482 1065 627 1103 Leontii
653 1078 692 1116 p.
711 1068 798 1115 177,
829 1066 888 1103 uel
914 1067 1066 1103 aliorum
1096 1065 1216 1104 uerbis
1244 1065 1409 1103 doceam.
1460 1065 1536 1103 lam

71 1140 158 1164 nero
196 1127 384 1163 Macrobio
421 1127 502 1164 Sat.
531 1131 566 1172 1,
596 1129 643 1164 14
681 1134 774 1165 teste
811 1128 949 1165 Caesar
983 1128 1139 1164 dictator
1174 1127 1290 1166 noluit
1324 1128 1392 1165 sub
1426 1128 1536 1165 finem

66 1188 280 1236 Februarii,
314 1189 407 1226 sicut
436 1189 472 1226 in
498 1189 575 1226 aliis
602 1190 784 1227 mensibus
810 1188 922 1238 fecit,
959 1188 1036 1226 dies
1063 1201 1276 1239 apponere,
1310 1201 1357 1227 ne
1384 1189 1534 1227 deorum

66 1250 265 1289 inferorum
293 1249 422 1300 religio
447 1257 665 1300 mutaretur,
693 1251 763 1289 hoc
790 1258 859 1300 est,
886 1263 934 1289 ne
960 1251 1037 1288 aliis
1064 1251 1223 1287 numeris
1249 1250 1326 1288 dies
1347 1257 1431 1302 post
1452 1251 1535 1289 ldus

64 1313 337 1363 insignirentur.
391 1313 496 1351 Vltra
525 1312 608 1351 Idus
642 1314 752 1364 igitur
785 1313 943 1351 februati
981 1312 1058 1350 dies
1093 1311 1404 1363 producebantur.
1457 1313 1533 1350 Lu-

63 1375 226 1426 percalia
264 1374 478 1412 februatum
514 1375 608 1413 diem
644 1376 814 1414 dixerunt
846 1377 966 1414 Varro
993 1375 1040 1412 de
1075 1375 1100 1412 1.
1130 1374 1154 1413 l.
1181 1376 1220 1423 6,
1247 1377 1298 1412 34
1333 1382 1371 1413 et
1397 1375 1533 1413 Paulus

62 1437 247 1474 Diaconus
272 1450 310 1487 p.
326 1438 374 1474 85
395 1438 522 1475 Muell.
560 1439 787 1476 Terminalia
813 1438 907 1477 adeo
927 1438 1148 1487 Augustinus
1173 1436 1221 1474 de
1246 1438 1318 1477 eiu.
1344 1437 1402 1474 dei
1429 1439 1466 1483 7,
1483 1440 1530 1476 7:

61 1512 207 1538 sacrum
233 1502 498 1549 purgatorium,
525 1500 618 1551 quod
648 1506 782 1539 uocant
806 1500 998 1548 Fabi-uam,
1024 1499 1119 1537 unde
1143 1500 1280 1537 vitensis
1306 1511 1438 1537 nom-en
1463 1511 1528 1537 ac·-

63 1564 166 1611 ccpit‚
193 1561 293 1598 dixit.
338 1562 528 1599 Mittamus
556 1564 652 1600 hunc
678 1572 914 1614 postremum,
941 1562 1026 1599 Idus
1053 1568 1152 1599 certe
1179 1567 1331 1612 propter
1354 1561 1529 1611 templum

62 1623 192 1660 Fauno
220 1630 401 1660 sacratum
430 1637 464 1661 a.
494 1625 539 1663 V.
568 1627 645 1662 560
671 1626 779 1663 serias
813 1625 1001 1672 habuisse,
1039 1624 1260 1674 Lupercalia
1291 1623 1390 1661 feriis
1416 1623 1528 1660 maxi-

63 1684 129 1720 mis
153 1684 359 1723 interfuisse
396 1693 552 1724 constat.
606 1688 681 1732 Qui
717 1688 792 1724 dies
819 1699 901 1723 cum
928 1686 995 1723 NP
1022 1687 1232 1736 signentur,
1269 1684 1394 1736 quidni
1419 1685 1529 1722 etiam

65 1742 224 1781 Nonae?
264 1747 337 1783 Ista
365 1759 454 1785 uero
481 1751 645 1799 quaestio
672 1750 720 1787 de
746 1750 873 1786 diebus
907 1748 1081 1797 nefastis,
1118 1749 1177 1785 uel
1204 1747 1324 1798 potius
1350 1746 1529 1783 februatis

62 1806 233 1857 deinceps
271 1809 394 1857 positis
432 1812 545 1847 multo
583 1813 726 1848 maioris
763 1817 818 1847 est
853 1811 1025 1847 momenti
1064 1811 1098 1846 in
1137 1807 1374 1857 intelligendo
1401 1806 1525 1845 Ouidii

60 1868 141 1906 loco
167 1872 206 1916 2,
233 1870 468 1919 535—570,
493 1884 583 1910 sane
608 1872 759 1918 difficili,
786 1871 832 1907 de
858 1884 930 1919 quo
958 1871 988 1906 si
1013 1871 1155 1906 inutiles
1184 1871 1336 1907 aliorum
1363 1874 1521 1906 conatus

61 1930 206 1967 nouisse
243 1933 370 1981 cupis,
406 1933 464 1969 ndi
501 1934 736 1970 Vaassenium
773 1946 811 1983 p.
833 1933 1066 1972 277—282.
1134 1929 1289 1967 Ouidius
1325 1935 1410 1980 post
1443 1929 1523 1979 ipsa

61 1992 268 2037 Quirinalia
294 2007 397 2031 sacra
425 1996 606 2045 quaedam
639 1995 692 2031 dis
720 1994 889 2031 Manibus
924 1991 1092 2029 facienda
1120 1998 1378 2029 commemorat
1404 2003 1522 2040 eaque

60 2054 199 2104 aliquot
226 2067 424 2106 occupasse
451 2058 527 2095 dies
553 2057 777 2095 subindicat:
805 2054 1012 2105 parentales
1038 2054 1134 2091 enim
1160 2053 1235 2090 dies
1263 2053 1348 2090 dicit
1377 2066 1411 2089 u.
1432 2052 1519 2089 548.

59 2117 105 2153 lis
132 2116 241 2166 igitur
267 2116 394 2155 diebus
433 2129 544 2170 negat
573 2120 717 2169 nuptias
744 2126 842 2155 recte
868 2117 967 2153 fieri:
1003 2117 1052 2153 ita
1090 2116 1185 2151 enim
1222 2115 1330 2164 uulgo
1367 2114 1522 2164 legitur:

60 2181 159 2216 Dwm
186 2183 306 2216 tamen
332 2179 418 2218 haec
443 2180 550 2231 finnt,
580 2195 613 2219 u.
631 2183 720 2217 557.
769 2179 898 2221 lisdem
925 2178 1051 2215 diebus
1078 2177 1214 2226 templa
1240 2175 1381 2213 occludi
1405 2176 1520 2223 addit,

57 2241 123 2279 sed
157 2254 301 2278 omnem
339 2257 418 2280 eam
453 2245 664 2294 religionem
702 2255 775 2281 non
812 2253 891 2277 esse
927 2238 1193 2277 extendendam
1229 2239 1323 2275 ultra
1348 2237 1432 2274 xm
1459 2238 1518 2275 uel

57 2303 125 2341 VII
148 2303 234 2340 Kal.
261 2304 370 2342 Mart.
422 2305 570 2344 Scilicet
604 2306 690 2344 haec
717 2317 755 2342 u.
774 2304 849 2339 567
876 2314 948 2338 non
982 2308 1104 2352 potest
1130 2314 1201 2338 non
1238 2299 1285 2336 ad
1322 2306 1517 2352 utrumque

57 2365 169 2414 illud,
197 2365 296 2416 quod
322 2367 468 2416 publice
495 2376 531 2405 et
557 2367 727 2418 priuatim
753 2365 820 2411 fit,
843 2363 993 2411 referri,
1020 2365 1048 2400 si
1074 2363 1262 2413 superiora
1288 2363 1337 2398 ita
1364 2363 1514 2412 capiun-

58 2435 132 2477 tur,
158 2429 210 2464 uti
237 2430 354 2477 posui.
401 2429 521 2467 Verba
548 2437 668 2466 autem
698 2433 750 2465 tot
777 2426 930 2473 luciferi,
958 2431 1043 2475 φιοι
1069 2426 1231 2462 carinina
1257 2428 1385 2463 nostra
1407 2423 1514 2474 pedes

56 2489 186 2528 habent
221 2496 320 2526 certe
356 2490 558 2539 significare
595 2491 762 2528 uidentur
798 2491 951 2526 alterum
987 2493 1107 2523 utrum
1142 2498 1331 2523 numerum
1364 2486 1512 2536 pedum,

57 2559 119 2592 aut
144 2551 308 2599 distichi,
342 2558 406 2590 aut
431 2553 672 2602 pentametriz
711 2551 758 2588 de
794 2551 936 2587 senario
972 2560 1123 2586 numero
1158 2561 1232 2585 non
1269 2555 1323 2588 est
1350 2548 1511 2598 cogitan-

57 2612 156 2651 dum.
197 2614 366 2663 Pergitur
394 2627 429 2654 u.
449 2603 633 2651 569'eu1n
661 2613 755 2651 diem
781 2613 864 2650 Xlll
888 2613 947 2651 uel
968 2611 1034 2651 vll
1054 2610 1116 2663 ΚΡ
1143 2610 1213 2647 dici
1237 2611 1396 2649 Feralia.
1437 2610 1511 2647 Vea

57 2687 138 2714 rum
166 2676 270 2715 nullis
295 2677 332 2714 in
359 2676 461 2714 fastis
488 2676 604 2714 altero
642 2681 724 2714 utro
762 2675 842 2712 loco
871 2686 916 2713 ea
941 2673 1111 2725 reperies.
1162 2672 1297 2711 Mensis
1321 2670 1512 2710 Februarii
