1685 2954
729 60 921 94 scENlcls
1425 68 1565 106 021111

107 169 194 200 tunc
220 169 322 201 actos
348 173 439 201 esse.
490 159 548 198 De
573 159 770 198 luminibus
801 173 898 211 quae
928 163 1044 202 codex
1068 165 1253 215 perbonus
1279 164 1404 207 Ouidii
1427 170 1466 217 5,
1483 173 1561 210 364

105 223 225 262 tribus
252 223 374 262 diebus
398 221 545 260 affuisse
570 222 703 271 tradit,
737 223 840 260 locus
866 229 921 261 est
946 225 1092 276 insignis
1117 227 1248 266 Dionis
1270 229 1384 268 Cassii
1407 231 1473 281 58,
1494 235 1559 284 19,

105 286 204 324 unde
223 293 343 323 tamen
363 285 531 334 cognosci
558 285 685 334 nequit
710 284 851 322 ludisne
872 287 1034 332 scenicis,
1062 302 1107 326 an
1125 290 1354 338 circensibus,
1380 293 1427 330 an
1448 295 1558 332 utris-

101 359 175 397 que
200 349 261 385 ille
287 359 364 384 mos
391 346 582 394 peculiaris
608 346 731 384 fuerit.
783 347 945 384 Maxima
967 355 1022 385 est
1041 349 1247 398 difficultas,
1274 354 1383 391 immo
1400 355 1559 393 maxima

100 421 184 446 mea
216 408 419 458 ignorantia
445 407 491 444 de
523 407 635 455 locis,
673 408 804 458 quibus
830 408 865 445 hi
903 408 978 445 ludi
1007 411 1077 447 acti
1109 419 1205 450 sunt.
1263 416 1385 453 Terna
1409 415 1558 456 theatra

98 482 222 508 mense
245 470 357 519 Aprili
383 470 614 519 personuisse
640 469 725 507 dicit
751 469 851 507 Naso
874 476 920 509 tr.
943 474 981 518 3,
1003 475 1064 519 12,
1085 474 1148 511 24.
1201 475 1297 514 Sunt
1317 489 1360 514 ea
1378 476 1556 529 Pompeii,

96 532 216 579 Balbi,
243 530 423 579 Marcelli,
449 531 497 568 de
522 531 655 581 quibus
681 531 741 568 adi
767 531 877 569 Dion.
907 532 1011 569 Cass.
1040 535 1103 582 39,
1120 537 1189 584 383
1216 537 1280 586 54,
1298 537 1364 584 25,
1381 541 1442 578 26.
1478 539 1556 578 Lo-

94 605 157 630 cus
171 593 296 629 Dionis
317 605 426 643 quam
447 593 571 630 faueat
598 593 791 642 suspicioni
818 594 954 630 cunctis
982 594 1036 631 his
1061 596 1166 634 simul
1192 599 1402 649 spectacula
1426 600 1554 650 fuisse,

91 654 231 702 nescio,
258 665 301 691 ac
326 661 411 692 sunt
438 654 618 705 quaedam
648 667 720 691 non
748 656 959 705 grauissima
986 657 1146 707 quidem,
1173 659 1237 697 sed
1263 666 1386 698 tamen
1412 674 1553 701 memo-

90 715 233 762 rabilia,
259 727 355 765 quae
382 717 496 765 magis
523 716 632 753 etiam
662 728 739 753 rem
766 718 998 755 conturbent.
1051 719 1189 756 Auctor
1214 721 1386 759 orationis
1413 723 1460 761 de
1485 724 1565 762 ha«

89 777 272 826 ruspicum
304 779 486 828 responsis
516 790 548 814 c.
571 782 632 825 12,
659 791 699 828 p.
715 780 790 814 340
814 780 875 816 W.
903 780 990 817 dicit
1016 780 1121 818 ludos
1146 781 1407 830 Megalesiacos
1434 785 1552 824 factos

86 839 297 888 inppalatio
331 845 416 877 aitte
447 840 618 890 templum
641 842 691 881 ,in
722 843 802 889 ipso
834 843 966 877 matris
998 842 1103 879 deum
1135 847 1343 893 conspectu:
1377 846 1425 884 de
1456 859 1551 885 aeuo

86 902 263 938 maiorum
290 903 513 939 intellectum
535 902 593 938 uix
613 902 735 952 potuit
762 902 868 938 uelle.
910 901 1035 940 Simile
1064 909 1120 940 est
1149 904 1247 952 quod
1275 905 1321 942 de
1349 907 1443 944 ludis
1459 908 1550 946 Flo-

87 975 151 1000 rae
177 964 286 1001 habet
313 965 532 1014 Augustinus
559 977 590 1000 c.
619 963 656 1000 d.
685 967 722 1007 2,
739 965 808 1000 26:
846 968 931 1000 ante
955 966 1076 1014 ipsum
1102 969 1226 1003 tamen
1249 966 1451 1014 delubrum,
1485 969 1549 1008 ubi

84 1025 321 1063 simulacrum
347 1026 438 1063 illud
464 1026 622 1063 locatum
642 1024 962 1074 conspiciebamus,
990 1029 1152 1064 uniuersi
1177 1028 1334 1078 undique
1360 1029 1548 1078 confluen-

83 1090 139 1122 tes
163 1091 197 1122 et
225 1086 287 1123 ‘ubi
313 1090 460 1136 quisque
484 1091 629 1135 poterat
653 1091 795 1124 stantes
828 1087 968 1124 ludos
1001 1090 1062 1137 qui,
1087 1089 1290 1138 ayebantur
1314 1093 1547 1131 intentissimi

81 1147 339 1196 spectabamus
365 1151 539 1185 intuentes
559 1148 764 1185 alternante
789 1154 978 1198 conspectu
997 1149 1079 1186 hinc
1103 1154 1341 1189 meretriciam
1359 1166 1544 1203 pompam,

79 1209 180 1246 illinc
197 1212 373 1258 uiryinem
399 1210 517 1255 deam,
545 1209 647 1246 illam
670 1211 880 1260 suppliciter
906 1210 1070 1258 adorari,
1097 1217 1182 1249 ante
1205 1213 1309 1250 illam
1330 1215 1458 1264 turpia
1483 1228 1542 1253 ce-

78 1270 233 1308 lebrari:
259 1284 331 1310 non
358 1272 407 1310 ibi
430 1271 659 1322 pudibundos
682 1275 814 1321 magis,
841 1272 982 1310 vzullam
1006 1273 1294 1312 ueremmdiorem
1319 1277 1541 1316 scenicam

77 1331 248 1371 uidimus.

554 1479 708 1517 LIBER
741 1480 813 1518 VN
815 1480 1052 1519 DECIMVS.

173 1580 194 1602 *
218 1581 281 1618 Fr.
299 1585 333 1620 1.
371 1581 470 1619 Non.
488 1581 603 1618 Marc.
625 1594 664 1631 p.
678 1583 763 1627 194,
780 1583 828 1619 17
838 1597 847 1619 :
879 1583 999 1619 Varro
1018 1592 1140 1619 rerum
1157 1581 1364 1622 diuinarum
1383 1583 1534 1628 lib.X1=
1573 1602 1575 1604 ·

77 1644 273 1692 Trayita
297 1643 495 1681 uincula
520 1643 678 1680 baltea
705 1648 832 1681 sunt.

177 1704 197 1725 *
225 1708 261 1741 2.
301 1705 354 1742 ld.
374 1718 413 1755 p.
432 1707 522 1752 220,
542 1708 611 1740 22:
642 1707 763 1741 Varro
789 1716 909 1742 rermn
929 1704 1141 1742 diuinawm
1166 1705 1229 1744 lib.
1248 1708 1331 1744 xl.-
1356 1711 1530 1748 Prosi—

71 1767 183 1803 ciem
216 1771 435 1804 extorum
467 1765 539 1802 uel
575 1767 622 1802 in
653 1777 860 1803 mensam
893 1769 1157 1815 porriyere.
1218 1768 1296 1805 Cfr.
1323 1769 1451 1808 Muell.
1478 1770 1528 1809 ad

69 1827 175 1865 Paul.
203 1841 241 1878 p.
260 1828 350 1876 225,
372 1828 432 1865 15.
484 1828 584 1863 Fest.
612 1839 650 1876 p.
674 1828 760 1873 157,
775 1829 824 1863 26
843 1827 942 1864 dext.
971 1828 1056 1872 158,
1078 1830 1125 1863 18
1144 1828 1211 1865 sin.
1241 1831 1332 1877 329,
1351 1833 1401 1867 30
1419 1832 1488 1870 sin.

168 1890 225 1926 Ex
261 1897 334 1927 tam
369 1890 493 1940 paucis
528 1888 647 1925 uerbis
682 1887 729 1925 de
764 1897 978 1937 argumento
1007 1888 1087 1924 libri
1123 1889 1241 1939 colligi
1267 1890 1355 1928 nihil
1387 1899 1523 1942 potest.

67 1951 175 1988 Aliud
197 1952 296 2001 quod
323 1951 394 1988 huc
412 1952 595 2001 pertinere
620 1950 799 2000 potuisset
826 1949 924 1999 apud
942 1949 1155 1987 Diomedem
1177 1954 1215 1998 3,
1243 1964 1281 2001 p.
1300 1953 1377 1990 484
1395 1955 1453 2001 Ρ.,
1477 1967 1524 1994 ex

66 2016 102 2057 1,
116 2016 156 2060 2,
174 2016 220 2050 18
246 2013 294 2050 de
319 2026 360 2050 re
387 2019 477 2050 rust.
498 2024 578 2049 esse
603 2012 760 2049 uidetur.
816 2013 1089 2049 Consecrantur
1114 2012 1222 2061 igitur
1247 2015 1394 2053 numina
1421 2016 1522 2067 apud

46 2065 183 2113 'Cicera
205 2075 252 2112 de
269 2076 365 2125 legg.
386 2079 424 2122 2,
442 2079 501 2119 11,
529 2073 834 2124 quemadmodum
861 2073 960 2123 apud
981 2073 1152 2111 Ouidium
1174 2083 1366 2114 sacrantur
1378 2079 1416 2126 6,
1431 2081 1519 2124 201,

60 2136 277 2174 dedicantur
296 2141 333 2186 6,
344 2140 432 2183 631,
462 2142 643 2173 uouentur
662 2140 699 2184 1,
714 2138 810 2173 642:
838 2135 885 2173 de
903 2149 946 2172 eo
967 2148 1101 2186 genere
1123 2143 1178 2174 est
1196 2137 1349 2175 Fornax
1367 2143 1408 2188 2,
1427 2140 1517 2185 523,

59 2197 167 2235 Salus
185 2202 223 2247 3,
239 2201 328 2249 679,
354 2199 520 2235 Libertas
539 2199 576 2246 4,
594 2190 680 2251 623,
708 2199 927 2248 Tempestas
943 2202 982 2245 6,
999 2199 1086 2246 193,
1112 2199 1217 2236 Mens
1234 2201 1272 2248 6,
1291 2202 1380 2238 241.
1415 2202 1517 2239 Con-

58 2267 247 2296 secrantur
274 2261 436 2298 homines
462 2262 556 2297 inter
582 2260 670 2296 deos
697 2272 866 2309 superos:
895 2261 1070 2304 Quirinus
1097 2264 1137 2307 2,
1154 2261 1243 2309 496,
1270 2261 1387 2299 Diuus
1403 2262 1515 2301 lulius

59 2322 201 2370 2,144;
228 2324 366 2371 3‚703,
394 2335 440 2360 ne
460 2323 507 2360 de
523 2324 625 2359 Anna
640 2321 821 2370 Perenna,
850 2323 1006 2369 Matuta,
1034 2323 1260 2368 Castor-ibus,
1288 2323 1365 2360 aliis
1380 2323 1512 2362 dicam.

57 2380 154 2419 Deos
181 2396 305 2421 manes
332 2385 424 2422 ludis
450 2385 662 2421 funebribus
688 2385 892 2421 consecrari
910 2385 1028 2421 Varro
1056 2384 1223 2421 docuisse
1249 2384 1406 2430 uidetur,
1434 2385 1511 2425 uid.

59 2445 208 2493 August.
234 2459 267 2483 c.
288 2447 325 2483 d.
347 2449 383 2493 8,
402 2448 470 2483 26:
497 2450 675 2496 tanquam
693 2445 760 2483 hoc
785 2448 834 2482 sit
859 2448 1064 2483 maximum
1089 2444 1295 2484 diuinitatis
1320 2447 1507 2496 indicium,

59 2505 151 2552 quod
175 2519 248 2545 non
272 2508 413 2546 soleant
437 2508 523 2549 ludi,
538 2510 612 2545 nisi
636 2507 842 2545 numinibus
867 2507 1056 2551 celebrari,
1083 2513 1120 2544 et
1145 2507 1334 2546 Plutarch.
1365 2514 1508 2559 quaest.

58 2563 129 2602 Ro.
144 2579 181 2617 p.
193 2572 242 2606 82
258 2570 404 2608 Roisk.:
431 2566 486 2614 ὥς
502 2581 603 2620 φησι
621 2564 800 2621 Βάῤῥων
818 2590 868 2596 -
883 2563 1105 2612 καύσαντες
1131 2564 1227 2614 τούς
1250 2570 1380 2620 γονεῖς
1406 2564 1506 2606 ὅταν

57 2620 183 2679 ὀστέῳ
202 2633 360 2682 πρῶτον
386 2627 597 2682 ἐντύχωσι,
624 2628 724 2671 θεὸν
741 2627 940 2682 γεγονέναι
959 2627 1029 2669 τὸν
1049 2627 1280 2681 τεθνηκότα
1305 2626 1502 2682 λέγουσιν.

1100 2693 1133 2731 L
1158 2697 1183 2730 2
