1685 2954
201 95 286 140 204
759 114 1073 146 Fasronvnr

312 211 384 253 Ille
410 212 555 265 premit
580 212 719 255 duram
746 214 1084 269 sanguinolentus
1111 217 1285 259 humum.

257 280 375 320 Haec
402 279 470 322 ubi
497 294 571 321 rex
598 280 749 334 didicit,
776 283 966 325 lacrimas
994 285 1189 326 introrsus
1218 286 1383 327 obortas
1550 289 1631 327 845

310 347 502 399 Deuorat,
531 353 574 388 et
601 349 783 391 clausum
809 356 979 404 pectore
1008 352 1153 393 uolnus
1181 354 1318 394 habet.

255 413 377 454 Flere
405 415 536 467 palam
564 428 644 456 non
673 417 771 470 uolt,
801 418 1069 472 exemplaque
1097 419 1213 461 fortia
1242 425 1392 472 seruat,

309 481 463 535 Sicque
496 494 610 523 meos
638 496 774 525 muros
802 491 983 527 transeat
1010 487 1154 540 hostis,
1184 488 1253 528 ait.

252 547 336 589 Dat
362 554 497 590 tamen
527 551 735 604 exequias.
769 566 849 594 nec
876 554 957 594 iam
984 555 1236 606 suspendere
1265 555 1405 596 fletum

307 616 509 669 Sustinet,
538 623 583 657 et
608 619 743 671 pietas
771 619 1023 660 dissimulata
1052 627 1178 672 patet.
1201 622 1204 630 “
1552 624 1632 662 850

253 681 488 737 Osculaque
516 684 711 738 applicuit
737 686 871 738 posito
899 699 1089 738 suprema
1117 688 1279 740 feretm,

307 752 447 805 Atque
475 749 544 804 ait,
570 753 696 793 inuito
724 753 846 793 frater
874 753 1076 806 adempte,
1105 755 1218 795 nale!

251 819 508 872 Arsurosque
537 825 649 860 artus
676 820 803 874 mugit.
839 820 975 861 fecere
1005 821 1112 874 quod
1139 820 1220 875 ille,

305 886 529 927 Faustulus
553 893 597 927 et
624 893 807 928 maestas
830 889 949 930 Acca
977 890 1112 930 soluta
1137 902 1299 931 comas:

251 953 355 992 Tum
383 952 572 993 iuuenem
608 954 785 995 nondum
821 955 921 996 facti
949 956 1101 998 fleuere
1132 955 1326 1007 Quirites.
1549 960 1629 997 855

304 1018 458 1059 Vltima
486 1021 639 1072 plorato
667 1021 828 1062 subdita
856 1023 1017 1065 flamma
1043 1037 1144 1078 rogo
1171 1030 1250 1065 est.

249 1084 361 1127 Vrbs
390 1088 524 1139 oritur,
550 1088 642 1140 quis
670 1093 769 1130 tunc
796 1090 876 1130 hoc
901 1091 969 1131 ulli
997 1091 1165 1132 credere
1193 1088 1370 1145 posset?

303 1154 516 1195 Victorem
544 1156 664 1196 terris
690 1155 926 1209 impositura
952 1158 1110 1210 pedem.

248 1221 413 1263 Cuncta
438 1234 563 1277 regas
592 1228 635 1264 et
661 1222 722 1264 sis
748 1236 898 1279 magno
925 1226 1002 1266 sub
1031 1226 1215 1267 Caesare
1242 1238 1414 1280 semper,

303 1289 443 1342 Saepe
470 1291 595 1330 etiam
624 1291 760 1343 plures
788 1292 959 1333 nominis
987 1293 1107 1333 huius
1134 1293 1251 1333 habe.
1547 1298 1628 1333 860
1678 1295 1680 1297 ’

247 1357 304 1398 Et
331 1358 521 1410 quotiens
549 1360 716 1399 steteris
742 1359 893 1399 domito
922 1361 1105 1401 sublimis
1132 1361 1173 1401 in
1197 1360 1305 1412 orbe,

302 1423 448 1467 Omnia
474 1425 556 1466 sint
584 1425 761 1468 humeris
788 1426 975 1469 inferiora
1003 1426 1099 1470 tuis.

241 1621 328 1657 844.
362 1633 475 1670 prem.
504 1621 615 1658 diram
642 1623 999 1672 AEma.pr.P933
1025 1633 1106 1667 seoe3
1133 1624 1356 1658 Maur-sor.
1405 1631 1519 1678 prem.
1548 1619 1629 1669 plu-

191 1682 268 1706 ram
298 1674 342 1708 B.
388 1685 503 1721 prem.
531 1686 658 1721 puram
686 1676 827 1710 Nm20
853 1674 935 1709 duo.
1038 1673 1123 1708 845.
1160 1673 1239 1707 Hoc
1265 1671 1324 1706 ubi
1355 1673 1426 1716 Ty.
1474 1676 1629 1706 lntorsus

188 1721 221 1767 f.
266 1722 438 1758 introssus
474 1723 642 1759 obhortas
676 1727 796 1760 Ema.
814 1735 869 1772 pr.
934 1724 1016 1758 intr.
1045 1723 1189 1758 abortas
1215 1718 1545 1758 ΛΓΖΠΠΨΤε
1565 1722 1630 1777 'ui-

188 1773 282 1819 giuti
299 1775 450 1821 quinque
467 1777 501 1809 et
516 1773 594 1809 edd.
613 1786 795 1811 sueaxv.
897 1775 983 1808 846.
1010 1773 1119 1808 claus.
1147 1778 1292 1821 pectora
1320 1773 1381 1808 34.
1422 1771 1521 1807 uuln.
1549 1769 1631 1807 labri
1670 1802 1676 1812 ,

190 1827 334 1870 praeter
357 1824 406 1859 A.
508 1826 594 1859 847.
633 1825 709 1859 uult
735 1823 815 1860 libri
840 1828 982 1872 practer
1006 1823 1054 1859 A.
1095 1822 1209 1858 forcia
1233 1819 1315 1858 ΕΓ
1314 1847 1325 1857 .
1363 1821 1453 1857 sor-c.
1478 1820 1630 1870 praebet

189 1875 235 1908 Ε.
338 1876 424 1909 848.
453 1885 551 1910 meos
578 1886 695 1910 mores
721 1875 769 1910 A.
871 1876 957 1910 849.
992 1874 1023 1909 lt
1050 1881 1169 1909 tannen
1194 1885 1230 1908 m
1250 1872 1314 1908 sub
1331 1884 1407 1909 ras.
1447 1884 1546 1920 susp.
1564 1871 1629 1907 fle·
1653 1904 1657 1914 ,

190 1930 249 1958 tus
274 1922 323 1959 A
342 1923 450 1960 alius.
552 1926 639 1962 850.
670 1925 755 1973 piet.
783 1923 1037 1960 dissimulanda
1064 1923 1134 1960 dno
1159 1924 1284 1971 scripti
1302 1927 1335 1958 ct
1353 1926 1439 1958 uctt.
1457 1921 1510 1958 ed.
1555 1920 1628 1956 dis-

186 1973 266 2008 sim.
292 1981 425 2020 manet,
452 1975 547 2022 perit
573 1974 717 2022 singuli.
818 1976 904 2011 851.
933 1974 1081 2022 aplicuit
1109 1975 1153 2009 E.
1200 1985 1270 2021 que
1296 1973 1467 2022 app'osuit
1491 1968 1630 2008 AOm

188 2026 215 2058 t.
259 2036 330 2072 que
358 2024 532 2072 implicuit
560 2029 644 2061 tres.
690 2037 885 2073 supprema
911 2027 991 2060 DE
1003 2025 1050 2060 G.
1092 2035 1169 2071 pos.
1197 2030 1380 2070 postrema
1407 2023 1626 2059 BGlez
1644 2040 1654 2049 ·

185 2075 294 2108 2022
321 2076 485 2122 quinque.
585 2075 671 2111 853.
700 2083 768 2112 art.
794 2075 906 2110 iunxit
931 2071 1259 2110 AEFMPHA
1270 2072 1317 2109 Τ.
1357 2079 1425 2110 art.
1453 2072 1556 2109 tinxit
1576 2071 1627 2106 20

185 2132 264 2160 sem.
306 2131 375 2161 art.
403 2125 491 2160 iuuit
518 2124 694 2174 bma.pr.
734 2131 802 2161 art.
830 2126 927 2160 iussit
951 2136 987 2172 9.
1037 2131 1105 2160 art.
1133 2124 1225 2160 misit
1249 2135 1354 2159 unus.
1395 2122 1492 2171 quod
1517 2121 1566 2158 ini
1589 2115 1628 2155 Σ

184 2172 416 2220 bsma.sec.;
444 2177 508 2222 Ep
523 2187 603 2211 nur.
618 2187 688 2212 scr.
800 2176 887 2211 854.
924 2175 1093 2210 Fastulus
1119 2173 1151 2210 b.
1197 2180 1327 2210 mestas
1354 2181 1433 2209 acta
1458 2173 1548 2209 DE.

234 2225 323 2261 855.
353 2225 461 2260 Tunc
490 2224 571 2261 labri
597 2228 753 2274 eoeceptis
777 2222 1227 2262 ABDFGPAEbmr.
1268 2225 1415 2260 iuuenes
1439 2231 1621 2259 snm-sec.

183 2279 270 2311 vett.
292 2275 345 2311 etl.
395 2276 470 2311 iuu.
498 2277 583 2311 sacti
616 2276 773 2311 nondum
801 2274 928 2321 FAf.
1039 2278 1124 2311 856.
1161 2276 1304 2310 flamma
1337 2274 1419 2310 foco
1451 2281 1621 2318 sma.pr.
1684 2295 1685 2318 ἱ

183 2331 239 2361 est
265 2325 337 2362 abi.
359 2322 453 2361 HA
471 2337 548 2361 sex.
654 2327 739 2362 857.
768 2327 846 2375 quis
874 2338 969 2361 nunc
995 2329 1130 2362 P312.
1175 2332 1260 2361 tunc
1285 2317 1513 2367 haecssssy.
1553 2319 1624 2356 hoc
1684 2328 1685 2334 ¹

183 2374 231 2410 ilii
253 2373 1065 2418 FADINOHAmsduodecimetuett.ecl.
1105 2376 1219 2424 possit
1249 2374 1395 2419 BGNp
1408 2374 1453 2406 12
1464 2372 1513 2405 20
1530 2374 1620 2407 octo.
1682 2373 1685 2420 ᾖ

232 2426 319 2462 858.
357 2427 544 2465 Victorem
571 2426 712 2462 mundis
743 2429 789 2464 G.
841 2433 926 2463 terr.
954 2427 1164 2475 imposuisse
1188 2423 1277 2470 Af.
1324 2423 1440 2470 inpos.
1469 2422 1519 2456 D.
1593 2469 1602 2478 ι
1683 2465 1685 2474 ⁴

231 2477 318 2512 859.
354 2477 447 2513 Cun.
475 2488 580 2525 rogas
606 2476 661 2513 bt.
704 2489 808 2525 regas
834 2478 880 2513 sis
908 2483 944 2513 et
970 2489 1101 2525 magno
1132 2473 1184 2511 Φ.
1229 2481 1265 2510 et
1289 2473 1317 2507 si
1344 2483 1474 2517 magno
1505 2469 1535 2516 f.
1574 2481 1621 2506 sis
1684 2502 1685 2530 ;

180 2537 261 2562 cum
288 2538 419 2573 magno
446 2536 592 2563 caesare
620 2525 667 2564 Σ.
722 2529 768 2563 sis
803 2529 871 2563 sub
897 2539 1028 2576 magno
1059 2535 1204 2562 caesare
1228 2518 1333 2560 ΛΠ
1356 2526 1442 2558 nell».
1465 2519 1520 2556 cd.

230 2577 316 2612 860.
354 2576 402 2612 Et
436 2588 579 2625 semper
614 2579 735 2627 plures
763 2581 809 2612 12
832 2580 891 2615 20.
941 2577 1014 2613 hui.
1043 2576 1151 2612 habet
1175 2585 1223 2609 m.
1335 2573 1420 2608 861.
1456 2569 1491 2607 O
1518 2574 1618 2620 quot.

185 2626 389 2663 Guar.scr.
444 2628 614 2675 quociens
644 2626 830 2666 DEGF.
959 2629 1043 2665 862.
1081 2631 1164 2661 suut
1194 2624 1257 2671 Gy
1287 2627 1376 2660 octo.
1426 2620 1619 2659 Gloss.D=
1684 2681 1685 2687 ἵ

179 2677 434 2727 prosopopeia.
