1685 2954
123 85 227 114 LXVI
649 82 822 113 ovmws
852 83 1042 116 ctova

125 185 229 234 lippi,
256 183 503 229 Euctemonis‚
531 172 692 231 Calippi,
717 182 929 233 Hipparchi,
955 183 1112 235 Eudoxi,
1137 183 1338 223 Metrodori
1361 185 1564 237 fragmenta

124 245 223 296 apud
249 246 464 288 Geminum,
499 242 774 292 Ptolemaeum,
800 244 943 294 Lydum
969 245 1017 283 de
1042 247 1249 294 mensibus,
1276 246 1441 285 Caesaris
1467 250 1564 300 apud

123 306 268 344 eosdem
296 313 330 342 et
356 305 510 341 Plinium
536 305 596 342 uel
616 305 866 352 Columellam,
891 307 1065 345 Varronis
1091 314 1130 345 et
1149 307 1284 357 Nigidii
1309 309 1441 359 passim
1467 312 1565 361 apud

124 369 276 414 multos,
304 366 390 402 nibil
415 378 533 416 paene
557 373 711 416 prosunt
736 367 893 416 Ouidio,
920 369 988 405 nisi
1014 369 1249 407 intercessore
1277 371 1346 407 isto
1374 371 1566 420 scriptore,

123 443 228 480 quem
256 430 324 464 iam
351 428 632 478 nuncupandum
658 440 738 466 esse
764 429 882 467 uideo.
934 429 1004 467 Est
1037 431 1066 466 is
1090 429 1240 467 Clodius
1268 431 1435 479 Tuscus,
1467 433 1567 469 cuius

121 493 234 528 fastos
260 491 517 527 astronomicus
544 502 673 540 graece
701 490 746 527 ad
778 492 941 536 uerbum,
972 497 1012 528 ut
1037 492 1100 539 ait,
1127 491 1288 529 redditos
1312 493 1404 530 libro
1430 506 1495 530 suo
1521 492 1570 531 de

123 553 268 589 ostentis
295 551 442 589 inseruit
464 551 681 589 Laurentius
703 550 843 600 Lydus,
871 563 978 601 quem
1001 552 1131 588 librum
1157 564 1202 589 ex
1229 553 1353 591 codice
1375 555 1568 591 Caseolino

122 615 234 651 edidit
267 614 360 650 Ben.
388 614 518 650 Hasius
544 613 692 650 Parisiis
728 614 840 649 1823.
902 611 958 649 Ea
993 613 1072 663 ipsa
1107 625 1192 662 pars
1227 615 1303 651 eius
1336 615 1440 664 libri,
1474 629 1569 666 quae

120 677 275 714 maximo
304 676 405 712 nobis
431 675 499 711 suit
525 675 627 721 usui,
656 673 726 708 iam
753 672 892 721 pridem
918 680 1004 710 nota
1031 680 1134 722 erat,
1167 674 1230 711 sed
1258 683 1466 727 contempta
1490 678 1570 714 iure

120 739 275 784 iacebat,
302 743 401 774 certe
427 735 474 772 ad
501 733 672 771 Ouidium
700 732 867 771 conferre
893 735 979 771 nihil
1007 742 1174 785 poteratz
1200 735 1397 774 Ptolemaei
1422 738 1566 774 diceba-

122 807 181 836 tur
206 811 304 846 esse,
342 809 454 847 quare
478 796 617 833 etiamsi
645 795 724 844 quis
750 807 832 831 cum
861 794 995 832 Ouidio
1020 797 1253 844 contulisset,
1280 805 1378 835 certe
1406 811 1452 835 ex
1477 798 1568 836 Oui—

121 861 180 897 dio
209 861 457 897 consarcinata
487 859 563 894 uisa
589 861 704 903 esset,
731 857 944 905 praesertim
971 870 1052 894 cum
1079 858 1190 894 latine
1215 866 1366 896 extaret.
1418 859 1568 896 Clodius

121 924 264 959 Tuscus
292 922 542 970 grammaticus
567 918 650 966 suit,
679 918 781 954 cuius
804 920 1145 956 commentariorum
1172 920 1281 957 libros
1307 928 1464 970 quatuor
1481 920 1569 958 Ser-

122 985 201 1021 uius
228 983 274 1020 ad
291 983 492 1030 Virgilium,
518 982 656 1018 litteras
682 978 729 1015 ad
747 978 919 1016 »Sinnium
941 979 1156 1029 Capitonem
1183 980 1286 1018 datas
1304 982 1444 1019 Gellius
1471 995 1569 1019 com-

122 1051 297 1081 memorat
326 1045 363 1091 5,
392 1046 464 1090 203
512 1042 627 1079 Sinnii
654 1040 840 1090 Capitonis
866 1041 1007 1090 scriptis
1035 1039 1118 1078 usus
1145 1049 1199 1079 est
1225 1043 1374 1080 Verrius
1401 1044 1570 1091 Flaccus,

122 1106 243 1143 Ouidii
271 1105 441 1154 aequalis,
473 1103 556 1140 uide
573 1103 722 1140 Festum
745 1101 910 1138 Muelleri
936 1115 973 1152 p.
989 1105 1075 1140 443.
1118 1104 1269 1147 Quanto
1294 1111 1379 1141 ante
1401 1105 1568 1141 Verrium

122 1176 285 1217 tempore
312 1174 465 1215 uterque
491 1165 641 1209 uixerit,
677 1161 736 1201 uel
763 1164 814 1200 ita
848 1165 1063 1213 apparebit,
1100 1166 1128 1201 si
1155 1179 1235 1201 cum
1261 1166 1321 1202 illo
1349 1166 1460 1203 Gellii
1486 1167 1568 1202 loco

120 1230 167 1265 de
200 1228 407 1264 soloecismo
443 1224 633 1263 contuleris
667 1225 776 1262 alium
806 1228 867 1273 13,
895 1227 919 1260 6
955 1224 1000 1262 de
1025 1225 1270 1271 barbarismo,
1306 1228 1367 1264 ubi
1393 1229 1566 1265 Verrium

120 1290 268 1339 intelligi
295 1300 488 1338 cognosces
515 1299 560 1324 ex
580 1287 689 1323 Festo
715 1299 752 1336 p.
770 1290 805 1334 l,
823 1291 870 1323 12
896 1287 975 1325 Vrs.
1027 1287 1111 1324 Non
1139 1289 1289 1325 multum
1316 1291 1448 1336 obstat,
1477 1302 1568 1339 quo—

121 1354 237 1388 minus
257 1353 432 1395 Tuscum,
461 1351 522 1400 qui
548 1349 756 1385 nominatur
776 1361 796 1384 a
816 1349 957 1385 Seneca
983 1348 1129 1387 rhetore
1155 1363 1292 1387 suasor.
1335 1356 1374 1399 2,
1402 1363 1473 1387 nou
1500 1364 1568 1401 pro

123 1414 303 1460 historico,
326 1412 389 1448 sed
410 1417 559 1461 propter
577 1411 785 1447 historicum
806 1410 941 1446 dictum
963 1411 1057 1447 male
1078 1418 1310 1460 usurpatum:
1340 1412 1425 1448 nihil
1446 1412 1567 1462 plane,

122 1475 311 1524 quominus
338 1474 500 1509 Tuscum
528 1471 651 1510 Ouidii
684 1471 844 1508 sodalem
873 1471 982 1509 Pont.
1010 1474 1049 1519 4,
1079 1475 1140 1520 16,
1165 1476 1216 1509 20
1249 1486 1316 1524 pro
1343 1473 1412 1510 boc
1438 1473 1568 1511 Clodio

123 1538 247 1572 Tusco
283 1535 492 1571 habeamus.
563 1535 638 1570 lam
674 1545 762 1570 uero
797 1535 1052 1571 astronomiam
1089 1534 1134 1570 ad
1169 1535 1420 1583 grammaticos
1455 1536 1567 1585 perti-

122 1599 242 1634 nuisse
277 1598 336 1632 uix
371 1603 447 1642 est,
483 1603 521 1632 ut
548 1594 704 1645 Nigidii,
742 1595 938 1643 Varronis,
976 1596 1034 1632 uel
1061 1596 1311 1644 Graecorum,
1348 1597 1408 1633 uel
1435 1597 1567 1646 Hygini

122 1659 237 1705 istius,
264 1659 556 1707 quandocunque
583 1657 686 1704 uixit,
714 1657 880 1706 exemplo
907 1657 1094 1694 doceatur,
1147 1658 1308 1693 Amicum
1339 1671 1426 1694 uero
1452 1660 1568 1694 amico

123 1721 169 1756 de
196 1721 317 1766 rebus,
344 1732 432 1768 quas
459 1718 589 1755 rectius
616 1718 775 1761 calleret,
802 1717 930 1754 librum
957 1719 1150 1755 inscribere
1176 1731 1219 1755 ac
1244 1718 1477 1768 suppeditare
1503 1732 1570 1769 per

124 1794 162 1819 se
188 1788 472 1818 consentaneum
508 1785 586 1824 est,
619 1784 655 1815 et
688 1777 775 1815 secit
809 1779 845 1814 id
871 1779 1087 1815 Parthenius
1115 1779 1281 1818 Graecus
1316 1781 1569 1830 grammaticus

126 1851 161 1880 et
188 1849 296 1892 poeta
323 1841 432 1877 Gallo
459 1840 642 1876 Cornelio.
697 1839 801 1875 Illum
836 1840 945 1888 igitur
978 1840 1107 1876 librum
1135 1841 1252 1878 Clodii
1285 1843 1507 1891 grammatici
1531 1844 1568 1880 in

127 1905 249 1942 Ouidii
273 1916 373 1954 spem
401 1902 537 1951 gratiae
562 1901 805 1951 conscriptum
830 1902 988 1950 putabo:
1017 1903 1067 1938 uti
1094 1909 1192 1939 certe
1217 1904 1277 1940 illo
1305 1903 1475 1941 Ouidium
1501 1917 1569 1954 po-

127 1969 235 2003 tuisse
263 1965 434 2015 temporis
455 1964 563 2011 ratio,
590 1970 627 1999 et
655 1976 757 2000 usum
784 1975 862 1999 esse
890 1975 946 1999 res
973 1963 1050 2012 ipsa
1075 1965 1248 2013 coarguit.
1290 1966 1330 2002 ln
1356 1978 1400 2002 ea
1426 1978 1466 2003 re
1490 1966 1569 2016 ipsa

126 2027 342 2078 exponenda
368 2025 528 2062 ordinem
556 2037 689 2074 sequar
714 2025 834 2073 hunc,
862 2031 902 2060 ut
929 2025 1083 2073 primum
1109 2037 1244 2074 ponam
1271 2039 1333 2064 eos
1359 2027 1481 2075 locos,
1506 2029 1568 2078 qui

129 2090 317 2137 utrobique
343 2086 453 2137 plane
476 2093 560 2123 sunt
585 2087 738 2133 similes,
766 2087 842 2123 siue
869 2098 955 2122 uera
981 2087 1192 2134 continent,
1217 2088 1310 2134 siue,
1337 2089 1506 2137 quoniam
1531 2088 1568 2125 id

128 2161 193 2198 per
218 2149 394 2186 ldelerum
422 2149 517 2195 licet,
542 2147 657 2196 salsa;
691 2147 822 2184 deinde
849 2159 914 2191 ea,
941 2158 1036 2196 quae
1062 2148 1281 2184 conueniunt
1306 2148 1400 2185 inter
1424 2154 1568 2188 utrum-

128 2222 223 2259 que,
266 2211 294 2246 si
329 2217 391 2247 aut
425 2210 578 2248 Ouidius
611 2210 741 2246 rectius
776 2209 1008 2258 intelligitur,
1055 2215 1118 2245 aut
1155 2207 1303 2244 Clodius
1338 2210 1567 2259 emendatur,

128 2272 382 2321 suppleturue:
410 2278 484 2307 tum
512 2283 606 2321 quae
632 2269 817 2308 discedere
840 2270 1019 2307 uidentur.
1041 2292 1089 2296 ——
1116 2269 1257 2305 Initium
1282 2269 1488 2308 faciendum
1513 2279 1566 2309 est

129 2333 174 2368 ab
200 2332 329 2369 infelici
357 2335 428 2382 aui,
456 2346 548 2384 quae
574 2332 702 2369 ldeleii
720 2331 938 2380 diligentiam
958 2329 1085 2380 effugit
1110 2331 1291 2381 planeque
1309 2332 1357 2368 ab
1376 2345 1420 2370 eo
1438 2334 1567 2371 omissa

129 2401 197 2441 est,
223 2395 397 2441 Miluo,3
403 2398 528 2442 ,2793
558 2402 596 2431 ut
625 2393 858 2431 nesciendum
882 2394 939 2437 sit,
965 2404 1073 2442 quam
1101 2393 1205 2438 bene,
1229 2405 1324 2442 quae
1351 2393 1504 2432 Ouidius
1530 2404 1566 2432 et

129 2456 276 2493 Clodius
312 2457 468 2504 habent,
503 2457 549 2493 ad
587 2457 774 2494 ueritatem
811 2455 1087 2492 astronomicam
1123 2454 1340 2503 collineent,
1375 2465 1412 2494 et
1445 2463 1565 2494 utrum

130 2529 258 2564 mane,
293 2530 339 2554 an
368 2520 507 2567 uesperi
533 2519 680 2555 oriatur.
733 2516 774 2553 Si
797 2522 932 2553 certum
959 2523 1075 2564 esset,
1102 2528 1207 2554 mane
1232 2528 1315 2553 eum
1340 2518 1448 2566 oriri,
1474 2531 1565 2568 quo-

129 2580 224 2615 niam
250 2578 312 2616 illa
340 2584 438 2615 nocte
457 2580 553 2628 apud
578 2578 749 2616 Ouidium
775 2579 1010 2628 posteriorem
1031 2579 1227 2627 Argeorum
1254 2578 1350 2615 diem
1375 2579 1566 2629 significat,

129 2648 252 2689 posset
276 2641 422 2690 cogitari
450 2641 496 2677 de
524 2641 679 2677 diluculo
713 2640 888 2677 matutino
915 2651 949 2675 a.
976 2638 1013 2675 d.
1040 2639 1107 2676 XV
1133 2639 1218 2676 Kal.
1244 2640 1375 2690 ApriL,
1406 2653 1481 2691 quo
1505 2639 1565 2678 die
