1685 2954
636 86 973 116 12113.Pn131vs
1472 65 1525 107 29

145 191 238 233 Non
267 189 398 231 meriti
425 198 596 242 poenam
626 188 792 240 pateris,
822 185 896 226 sed
926 183 1098 226 numinis
1126 184 1234 225 iram.

200 261 277 299 Est
306 257 454 311 aliquid
481 255 642 309 magnis
671 253 824 295 crimen
857 253 1009 293 abesse
1038 253 1165 293 malis.

145 326 324 368 Conscia
350 335 466 365 mens
492 328 538 362 ut
565 323 712 375 cuique
743 333 819 361 sua
848 326 927 373 est,
955 320 1013 360 ita
1044 320 1221 373 concipit
1249 319 1353 359 intra
1445 318 1524 356 485

199 395 374 434 Pectora
401 403 472 444 pro
502 390 612 430 facto
642 400 840 441 spemque
868 394 1102 440 metumque
1130 400 1217 427 suo.

145 463 233 503 Nec
261 467 397 500 tamen
426 464 472 498 ut
499 457 652 510 primus
680 468 817 495 maere
848 457 954 496 mala
983 456 1080 496 talia
1108 466 1278 507 passus:

200 527 343 568 Obruit
373 527 565 579 ingentes
594 525 675 564 ista
704 524 881 577 procella
909 523 1028 563 uiros.

143 595 302 636 Passus
332 592 440 633 idern
467 598 545 645 est,
576 592 712 645 Tyriis
740 592 808 644 qui
839 591 1041 645 quondam
1069 591 1212 644 pulsus
1240 588 1290 629 ab
1320 588 1400 629 oris

201 660 384 702 Cadmus
413 661 454 700 in
483 660 616 700 Aonia
645 658 833 700 constitit
862 660 958 700 exul
986 660 1119 699 humo.
1450 656 1530 695 490

143 730 300 770 Passus
329 728 436 768 idem
467 727 650 781 Tydeus,
679 733 722 768 et
751 727 859 768 idem
886 727 1130 780 Pagasaeus
1159 727 1293 778 lason,

198 797 255 836 Et
283 809 386 850 quos
417 802 631 849 praeterea
659 796 784 849 longa
814 794 963 835 referre
991 807 1102 834 mora
1131 799 1207 833 est.

142 863 275 903 Omne
297 865 427 904 solum
458 863 551 903 forti
579 864 711 916 patria
741 869 818 903 est.
859 867 905 902 ut
929 861 1111 913 piscibus
1141 871 1304 913 aequor,

197 931 258 971 Vt
285 931 451 984 uolucri,
476 943 610 971 uacuo
641 929 830 984 quicquid
858 930 899 968 in
928 928 1025 967 orbe
1052 934 1180 980 patet.

143 999 238 1040 Nec
266 999 352 1038 fera
376 1003 608 1051 tempestas
633 1003 721 1038 toto
750 1003 886 1037 tamen
914 996 1049 1036 horret
1076 995 1117 1034 in
1146 1006 1271 1035 anno:
1451 995 1530 1035 495

196 1067 252 1106 Et
281 1067 364 1118 tibi,
395 1065 516 1105 crede
545 1064 654 1117 mihi,
686 1070 870 1117 tempora
898 1064 1008 1104 ueris
1038 1068 1168 1104 erunt.

142 1131 329 1172 Vocibus
356 1132 548 1172 Euander
578 1131 736 1171 firmata
764 1137 902 1172 mente
930 1131 1115 1184 parentis

197 1200 319 1242 Naue
346 1208 467 1241 secat
496 1200 650 1240 fluctus
678 1198 1004 1253 Hesperiamque
1034 1204 1162 1239 tenet.

137 1294 224 1331 483.
251 1294 332 1331 Nec
357 1294 472 1330 meriti
497 1295 616 1331 GFN
628 1293 728 1332 ²111»st
753 1299 839 1332 velt.
861 1294 913 1331 ed.
953 1294 1033 1331 Nec
1060 1294 1186 1330 merito
1205 1306 1311 1331 unns.
1352 1293 1431 1330 Nec
1456 1305 1534 1331 me-

85 1346 160 1381 ritis
176 1342 224 1382 Σ.
263 1357 430 1394 paenam,
457 1344 514 1381 uel
533 1356 663 1394 penam
684 1345 776 1390 libret,
803 1349 844 1381 ut
863 1345 1017 1382 uidetur.
1055 1348 1238 1394 paenasP
1256 1347 1419 1394 quinque.
1455 1357 1531 1382 me-

92 1397 150 1432 riti
176 1397 310 1445 pateris
335 1407 471 1445 paenas
490 1408 552 1444 9³·
654 1398 741 1432 484.
768 1397 887 1445 magni
912 1397 1010 1432 crim.
1038 1395 1104 1432 Ab
1131 1408 1204 1433 ma.
1224 1407 1278 1445 pr.
1318 1397 1450 1431 crimen
1478 1397 1534 1431 in-

89 1458 167 1484 esse
199 1443 250 1482 ²1¹.
366 1447 453 1482 485.
492 1447 628 1483 Concia
655 1444 762 1483 sbr.
814 1454 854 1483 ut
880 1459 1046 1496 quaeque
1071 1445 1131 1483 A.
1184 1454 1239 1482 est
1264 1447 1314 1482 sic
1341 1459 1442 1482 conc.
1470 1445 1532 1492 bf.

89 1497 248 1546 concipit
273 1495 366 1533 infra
397 1499 442 1533 Τ.
491 1498 649 1547 concipit
675 1498 762 1533 iram
789 1509 821 1534 r.
948 1499 1034 1533 486.
1071 1497 1172 1533 Pect.
1200 1496 1366 1546 profecto
1390 1496 1423 1543 f.
1465 1509 1534 1546 pro

89 1547 166 1583 sato
193 1544 330 1583 ΒΓΠ
349 1550 410 1583 41.
514 1549 600 1584 487.
634 1555 754 1584 tamen
783 1555 819 1584 et
845 1548 980 1597 primus
1006 1554 1142 1584 maeret
1168 1549 1263 1584 mala
1288 1560 1336 1584 m.
1380 1554 1421 1584 ut
1445 1548 1534 1584 reris

89 1598 226 1646 primus
253 1599 348 1634 mala
372 1601 407 1634 P
430 1610 502 1634 ηια.
521 1610 577 1647 pr.
623 1599 757 1648 primus
783 1611 922 1635 maeres
947 1596 1051 1634 ΛΠ
1067 1596 1336 1648 ΨΣΤ91ιρες
1371 1601 1435 1635 Pr
1458 1610 1533 1634 ma.

89 1659 159 1683 sec.
186 1651 271 1684 uett.
298 1648 351 1684 ed.
379 1660 501 1684 maere
526 1649 620 1684 male
646 1649 700 1685 ed.
728 1651 840 1686 Ezen.
869 1649 1050 1685 mendose.-
1076 1651 1259 1693 incertum,
1285 1661 1371 1685 num
1396 1650 1534 1698 scripti.

141 1698 229 1732 488.
266 1697 429 1746 ingentes
454 1698 514 1734 illa
541 1695 588 1735 Σ.
632 1699 796 1747 ingentes
824 1700 900 1736 dira
927 1698 1034 1746 florii.
1060 1699 1179 1736 Berol.
1214 1700 1376 1748 ingentes
1402 1710 1535 1747 magna

89 1759 154 1795 ys.
193 1748 265 1795 ing.
295 1748 389 1783 laeta
417 1750 452 1784 8.
495 1749 657 1796 procella
684 1749 809 1785 domos
837 1752 899 1786 27.
1002 1751 1088 1786 489.
1114 1750 1208 1785 idem
1235 1751 1333 1797 tyriis
1358 1751 1536 1786 FGKM

97 1795 413 1843 OPAETfhs
438 1798 714 1846 quatuordecim.
761 1800 849 1835 tiriis
878 1798 1059 1848 quondam
1086 1801 1146 1848 qui
1173 1797 1220 1835 Γ.
1271 1799 1454 1848 quondam
1480 1805 1536 1836 est

97 1848 222 1897 pulsus
246 1860 282 1896 9.
325 1848 508 1896 quondam
534 1849 659 1884 missus
684 1851 746 1885 40.
791 1850 835 1885 ab
864 1849 960 1885 horis
980 1851 1141 1886 DEGr.
1244 1852 1331 1885 490.
1359 1849 1536 1886 Cathmus

97 1897 199 1935 Gbr.
240 1900 389 1935 Catmus
416 1896 464 1934 Γ.
507 1897 702 1934 Cahatmus
728 1898 758 1945 f.
798 1900 834 1935 in
860 1900 956 1935 ionia
986 1900 1032 1935 G.
1072 1901 1106 1935 in
1133 1900 1236 1935 eonia
1263 1903 1385 1937 Ema.
1400 1912 1457 1949 pr.
1495 1901 1534 1937 in

94 1948 286 1985 haemonia
312 1953 396 1985 tres.
434 1949 469 1984 in
497 1949 611 1984 aeolia
637 1961 741 1985 unus.
782 1950 818 1985 in
845 1950 991 1986 ausonia
1016 1961 1036 1986 ἰ-
1060 1962 1133 1986 ma.
1151 1962 1218 1986 sec.
1260 1951 1360 1986 exsul
1385 1950 1536 1999 aliquot.

141 2001 229 2036 491.
267 2002 369 2036 Vers.
396 2012 465 2036 om.
491 2001 540 2035 D.
583 1999 677 2036 idem
705 2007 758 2036 est
785 1999 912 2048 tydeus
938 1997 981 2036 K
992 1997 1078 2036 Hb.
1118 2000 1211 2036 idem
1237 2000 1381 2037 theseus
1405 2013 1442 2049 9.
1484 2002 1535 2037 ti-

92 2055 172 2086 teus
203 2051 237 2087 G
256 2062 330 2087 vna.
347 2062 403 2098 pr.
450 2048 565 2086 tideus
590 2052 635 2086 E.
686 2052 767 2094 Ita,
794 2062 1013 2099 pegasaeus,
1040 2055 1125 2087 vett.
1151 2050 1204 2087 ed.
1233 2056 1266 2087 et
1291 2051 1378 2097 fort.
1411 2049 1535 2100 ΦΨ9

94 2099 158 2136 hs.
200 2102 388 2149 pegaseius
417 2102 461 2136 B.
502 2112 701 2149 pegasaeus
726 2100 783 2136 uel
810 2113 984 2149 pegaseus
1009 2101 1149 2150 reliqui.
1257 2104 1344 2138 492.
1379 2109 1431 2138 est
1458 2101 1532 2139 abi.

93 2151 259 2199 quinque.
361 2152 446 2186 493.
485 2158 539 2186 est
564 2163 630 2186 ceu
656 2152 744 2200 pise.
771 2148 816 2187 Π
835 2154 896 2188 41.
998 2154 1084 2188 494.
1118 2153 1167 2188 Et
1192 2153 1263 2188 uol.
1295 2150 1422 2189 130OE
1448 2151 1535 2199 (ηο-

90 2204 193 2237 tante
204 2201 349 2246 Heius.)
366 2200 429 2247 sm
447 2203 471 2237 8
491 2200 617 2237 decem.
654 2213 769 2238 uacua
788 2202 836 2238 A.
874 2214 1026 2238 uacuum
1047 2200 1128 2248 flor.
1150 2203 1266 2239 Berol.
1370 2203 1456 2239 495.
1483 2202 1535 2240 Et

91 2249 170 2287 fera
191 2249 242 2287 Φ.
287 2251 367 2288 Nec
392 2263 472 2287 sera
503 2253 548 2288 G.
588 2254 663 2295 Ita,
691 2251 824 2296 horret,
851 2265 886 2288 m
906 2255 930 2289 8
949 2255 1112 2301 (μιῑηφισ.
1157 2261 1232 2289 toto
1262 2265 1331 2289 non
1356 2259 1452 2290 errat
1477 2251 1533 2290 (D.

94 2306 215 2338 tamen
242 2308 338 2338 erret
363 2299 402 2337 Γ
407 2301 427 2338 b
452 2314 525 2338 ma.
544 2313 611 2350 §ec-
641 2303 700 2338 14.
748 2309 868 2338 tamen
895 2311 991 2339 errat
1017 2303 1155 2352 reliqui.
1196 2304 1232 2339 in
1258 2315 1350 2339 aeuo
1376 2306 1425 2340 M
1446 2315 1532 2341 var.
1579 2325 1589 2333 ε

94 2361 165 2388 scr.
208 2353 245 2388 in
272 2353 360 2388 orbe
384 2351 495 2400 yloss.
517 2364 550 2389 r.
653 2354 738 2388 496.
767 2354 867 2388 Haec
892 2353 955 2389 tibi
980 2366 1013 2390 r.
1052 2354 1090 2389 ld
1117 2354 1179 2389 tibi
1204 2366 1253 2390 m.
1294 2354 1351 2389 En
1377 2354 1442 2390 tibi
1468 2357 1530 2391 33.

146 2403 233 2439 497.
261 2405 338 2449 Ita,
364 2402 507 2438 firmata
533 2409 666 2449 mente,
697 2402 847 2440 BGGh
865 2404 888 2439 5
915 2403 1030 2440 decem
1055 2403 1140 2440 Αἶά.
1170 2405 1287 2452 15023
1312 2415 1336 2452 9
1362 2416 1442 2441 um·-
1459 2417 1531 2441 scr.

96 2449 235 2489 firmata
262 2465 353 2489 uoce
380 2465 427 2489 m.
477 2453 637 2488 firmatus
663 2460 784 2489 mente
808 2465 914 2490 unus.
963 2454 1119 2490 formata
1145 2461 1264 2490 mente
1289 2456 1326 2490 8.
1371 2455 1532 2492 euander

95 2500 216 2539 firmus
242 2516 263 2539 a
287 2510 409 2539 mente
429 2504 459 2540 G
472 2515 552 2545 aar,
568 2515 637 2540 scr.
679 2503 838 2539 euander
855 2511 891 2540 et
909 2504 1032 2540 firmus
1051 2517 1072 2540 a
1093 2512 1212 2541 mente
1230 2502 1269 2540 Γ
1268 2532 1277 2541 .
1315 2504 1475 2541 euander
1495 2511 1532 2542 et
1584 2500 1609 2521 ³·
1632 2512 1638 2521 ¹

96 2549 213 2588 forma
237 2560 357 2590 mente
381 2554 444 2589 43.
484 2553 646 2589 euander
671 2561 707 2589 et
731 2554 834 2589 firma
861 2561 981 2590 mente
999 2552 1533 2604 AEFOEAPWAbfyprs
1572 2592 1578 2599 ,

97 2601 184 2635 340
205 2603 379 2640 tredecim.
428 2604 589 2640 euander
623 2610 660 2640 et
694 2604 816 2639 firmus
851 2611 972 2640 mente
1004 2604 1131 2653 reliqui
1155 2608 1280 2654 scripti
1304 2610 1338 2642 et
1362 2610 1448 2642 vett.
1475 2604 1530 2642 ed.
1667 2613 1669 2615 ’

98 2656 218 2687 mente
237 2660 381 2701 paratus
401 2653 434 2690 b.
536 2656 622 2690 498.
649 2654 780 2690 fluctus
806 2655 1013 2704 italiamque
1031 2657 1074 2691 N
1077 2654 1167 2692 Phs
1188 2656 1298 2693 codes.=
1316 2659 1396 2694 lac.
1418 2657 1530 2692 Gran.

98 2704 132 2737 et
155 2700 315 2740 undecim
329 2705 487 2751 Ηοίηεῑίς
516 2707 550 2742 Τ
566 2717 648 2742 uar.
666 2716 736 2742 scr.
775 2705 903 2742 fluctus
930 2706 1185 2756 ausoniamque
1210 2709 1261 2744 M
1278 2718 1360 2743 uarr.
1375 2717 1448 2743 scr.
