1685 2954
626 66 741 97 LIBRI
770 66 941 97 semr’rt
1341 64 1504 96 CCLXXI

62 172 103 220 4,
122 170 218 208 275:
251 170 289 219 4,
311 167 381 206 151
402 178 458 218 sq.
488 164 586 217 apud
614 166 815 216 Eutychem
840 180 880 217 p.
904 168 978 203 190
1002 165 1131 204 Lind.=
1164 166 1204 218 4,
1222 164 1296 203 583
1315 178 1371 215 sq.
1400 165 1502 217 apud

60 233 282 271 Priscianum
316 235 360 278 l,
384 242 422 280 p.
447 228 538 275 501,
563 228 657 266 512:
694 231 739 277 4,
765 231 986 266 787—792
1019 229 1166 266 dissolui
1201 228 1368 265 uidentur
1402 228 1502 278 apud

60 294 232 332 Lactant.
253 297 293 341 2,
310 294 360 329 9:
387 292 426 336 4,
441 291 516 326 888
542 290 641 340 apud
661 290 883 328 Priscianum
909 297 1032 328 extant
1053 295 1089 337 l,
1116 304 1153 340 p.
1169 291 1261 328 353:
1288 290 1327 336 5,
1349 289 1398 326 25
1423 289 1502 325 for-

61 361 159 394 tasse
184 356 270 405 legit
288 351 556 402 Tertullwadu.
576 352 753 390 Marcion.
784 353 844 389 lib.
864 356 888 388 2
914 352 994 388 init:
1027 354 1161 389 Vnicus
1185 352 1244 390 eol
1268 357 1321 388 est
1345 364 1367 389 ο
1392 351 1499 389 homo

61 421 123 468 qui
146 419 238 456 hamc
261 414 433 454 mundum
459 419 655 463 temperat:
683 417 722 463 6,
740 415 814 452 285
831 416 953 451 -288
981 421 1035 451 est
1062 413 1159 464 apud
1186 414 1289 452 Lact.
1319 418 1356 463 l,
1374 418 1434 453 12.

714 563 759 625 ς.
807 565 849 609 e.

156 663 317 701 Historia
341 662 520 702 fastorum
548 662 817 702 Ouidianorum
844 661 929 700 inde
954 674 977 699 a
1001 662 1147 700 saeculo
1173 674 1269 699 nono
1295 661 1502 699 continetur

57 726 221 764 codicum
246 738 358 763 manu
388 727 605 777 scriptorum
631 727 778 763 notitia:
806 737 959 776 quorum
987 737 1068 761 cum
1094 731 1235 761 tantum
1261 723 1346 760 mihi
1372 736 1503 761 accre-

57 789 153 825 uisse
178 799 370 825 numerum
398 788 581 836 uiderem,
614 794 790 838 quantum
817 801 901 824 mox
928 788 1129 836 intelliges,
1162 786 1252 823 duas
1277 786 1502 835 potissimum

57 850 181 888 inueni
206 861 348 898 causas,
376 862 441 887 cur
460 862 586 888 omnes
609 862 733 887 eorum
757 850 952 898 scripturas
978 848 1167 885 commode
1192 847 1348 897 digestas
1374 848 1504 886 lectori

56 913 233 951 sisterem.
286 911 445 948 Primum
474 913 568 949 enim
594 911 735 961 insigni,
763 921 836 959 qua
861 921 946 945 usus
971 922 1065 954 sum,
1090 909 1252 957 fortuna,
1278 909 1356 946 siue
1379 911 1502 960 potius

55 986 190 1025 magna
215 974 529 1011 illustrissimorum
556 974 716 1010 uirorum
742 972 984 1018 humanitate,
1010 972 1074 1021 qui
1099 971 1223 1021 copias
1247 971 1502 1009 Berolinenses

56 1043 95 1074 et
120 1037 357 1074 Monacenses
383 1034 466 1071 mihi
493 1034 744 1082 indulserunt,
780 1045 1011 1083 nequaquam
1037 1039 1158 1070 tamen
1183 1032 1321 1070 factum
1347 1039 1425 1081 est,
1459 1039 1502 1070 ut

55 1097 154 1135 aliud
174 1095 274 1146 quid,
304 1108 412 1145 quam
433 1103 599 1145 coeptam
626 1107 716 1142 rem,
745 1095 792 1133 de
811 1107 884 1145 qua
907 1094 1040 1143 agitur,
1067 1101 1204 1145 putem.
1253 1096 1501 1144 Quamquam,

53 1159 85 1196 si
110 1157 199 1209 quid
225 1157 355 1205 uideo,
389 1157 528 1194 absolui
554 1169 627 1194 non
652 1158 788 1207 poterit
813 1157 1023 1194 assiduitate
1048 1164 1085 1194 et
1117 1157 1312 1206 industria,
1349 1158 1414 1195 sed
1439 1171 1502 1195 ra-

54 1221 171 1258 tione:
198 1219 326 1256 mirum
351 1218 460 1267 soret,
487 1220 516 1256 si
542 1218 684 1256 codices
710 1226 784 1257 tres
810 1227 873 1257 aut
898 1226 1056 1270 quatuor
1081 1219 1228 1266 uetusti,
1257 1232 1349 1269 quos
1375 1227 1502 1258 extare

53 1294 130 1319 non
154 1282 303 1319 collatos
329 1282 508 1329 nouerim,
535 1287 682 1331 praeter
708 1294 820 1317 unum
845 1282 1047 1318 alterumue
1072 1281 1192 1318 locum
1218 1282 1350 1319 rectius
1375 1295 1502 1320 serua·

53 1350 130 1382 tum
156 1343 203 1380 ad
228 1355 406 1380 summam
438 1342 662 1394 quaestionis
697 1343 850 1379 multum
884 1342 1104 1380 conferrent.
1158 1343 1293 1380 Verum
1321 1346 1357 1381 in
1384 1356 1424 1382 re
1448 1345 1501 1383 ita

52 1411 140 1444 nata
165 1412 204 1442 et
228 1406 265 1442 in
292 1405 361 1441 hac
386 1418 458 1455 qua
484 1417 543 1442 me
568 1411 693 1441 natum
720 1406 805 1441 noui
824 1404 1072 1442 mediocritate
1095 1406 1145 1442 ita
1172 1405 1257 1442 mihi
1282 1408 1499 1445 sententiam

50 1467 239 1506 ferendam
258 1467 399 1517 putaui,
426 1473 467 1504 ut
493 1467 606 1503 cuiuis
631 1466 866 1504 dissentiendi
892 1467 1034 1516 copiam
1058 1465 1219 1504 facerem
1247 1474 1285 1505 et
1309 1469 1500 1507 materiam

53 1529 338 1579 suppeditarem.
381 1528 524 1566 Deinde
545 1541 627 1565 cum
654 1541 749 1579 quae
775 1530 810 1565 in
838 1529 1072 1566 annotatione
1097 1540 1179 1566 mea
1205 1530 1327 1567 critica
1354 1531 1502 1568 maximi

53 1591 161 1640 pretii
184 1597 283 1638 sunt,
310 1591 426 1628 minus
452 1591 646 1641 expediant
673 1604 765 1639 rem,
791 1603 900 1641 quam
922 1591 1120 1640 implicent,
1145 1591 1181 1628 in
1203 1599 1309 1641 parte
1329 1591 1501 1631 deteriori

54 1651 144 1688 nihil
166 1650 319 1689 sortasse
345 1659 414 1699 est,
443 1653 531 1702 quin
559 1653 734 1704 prodesse
754 1653 870 1702 possit
891 1651 938 1690 ad
965 1652 1135 1691 iudicium
1162 1653 1209 1691 de
1234 1654 1386 1691 aliorum
1412 1656 1502 1692 scri-

53 1719 201 1763 ptorum
226 1719 322 1749 statu
349 1712 577 1751 faciendum:
612 1715 717 1751 multi
743 1721 850 1762 sunt,
885 1727 1040 1764 quorum
1073 1714 1225 1752 historia
1251 1716 1374 1753 critica
1403 1718 1502 1755 ultra

53 1773 238 1811 saeculum
264 1774 409 1810 tertium
434 1774 613 1812 decimum
640 1789 713 1812 non
741 1777 938 1825 repetitur,
973 1782 1058 1826 post
1083 1777 1182 1826 quod
1208 1784 1351 1828 tempus
1380 1778 1415 1814 in
1443 1778 1499 1816 his

53 1835 230 1873 fastorum
258 1835 358 1872 libris
383 1836 484 1873 nulla
508 1835 588 1874 sere
613 1843 669 1873 est
695 1836 858 1873 codicum
885 1837 1110 1885 constantia,
1135 1839 1281 1875 turbata
1307 1839 1501 1877 incredibi-

53 1897 157 1945 liter,
183 1908 303 1948 neque
326 1902 449 1935 tamen
474 1898 552 1935 sine
577 1898 659 1948 lege
683 1898 841 1948 quadam
869 1905 907 1936 et
931 1899 1072 1947 ordine,
1101 1900 1180 1936 ueri
1206 1901 1369 1950 uestigia.
1421 1901 1500 1938 Ex-

52 1971 189 2010 ponam
215 1971 313 1996 nunc
337 1959 385 1997 de
409 1959 540 1997 horum
573 1960 745 1997 librorum
773 1962 891 2010 pretio
918 1973 963 1999 eo
992 1960 1143 2009 ordine,
1177 1974 1252 2012 quo
1277 1961 1314 1998 in
1340 1969 1501 2013 quatuor

53 2021 186 2058 classes
211 2020 398 2059 distinctos
429 2022 597 2072 intelligis
623 2022 660 2059 in
686 2023 941 2060 annotatione:
976 2034 1059 2059 nam
1086 2029 1258 2061 accurate
1283 2025 1498 2063 collatorum

27 2086 31 2092 '
51 2083 272 2120 uetustiores
298 2089 363 2121 aut
387 2097 460 2121 non
486 2085 704 2122 recentiores
730 2085 876 2122 saeculo
895 2084 1110 2122 duodecimo
1135 2085 1256 2123 latinis
1280 2087 1420 2137 magnis
1438 2087 1500 2124 lit-

52 2143 139 2180 teris
164 2143 390 2194 indicantur3
417 2145 551 2183 saeculi
578 2146 673 2182 tertii
698 2145 828 2184 decimi
854 2148 916 2198 qui
942 2154 1046 2196 sunt,
1078 2148 1238 2198 graecis3
1274 2147 1344 2185 hoc
1371 2160 1500 2187 recen-

51 2204 162 2243 tiores
187 2206 352 2255 minutis3
380 2209 537 2245 numeris
563 2208 817 2257 insigniuntur,
844 2210 906 2259 qui
932 2209 1060 2259 integri
1086 2222 1160 2247 non
1185 2216 1270 2246 sunt
1295 2211 1446 2248 excussi.

152 2271 190 2305 1.
242 2267 519 2307 vetustissimus
546 2270 706 2306 omnium
740 2271 832 2307 liber
857 2277 913 2308 est
937 2271 1214 2309 Petauianus
1243 2272 1433 2322 primus,
1467 2273 1499 2310 si

52 2334 151 2367 recte
175 2328 224 2367 de
248 2341 294 2367 eo
319 2332 462 2381 scripsit
482 2331 668 2369 Heinsius:
696 2332 773 2369 cod.
801 2335 880 2372 Pet.
907 2338 991 2370 ante
1018 2346 1135 2372 annos
1161 2335 1378 2383 octingentos
1401 2336 1501 2374 scri-

52 2393 150 2438 ptus,
173 2390 237 2428 sed
262 2404 335 2430 non
357 2395 492 2443 integer
518 2398 551 2430 et
572 2395 633 2443 qui,
658 2393 707 2430 ad
730 2396 876 2432 initium
901 2395 984 2433 libri
1006 2397 1039 2433 V
1064 2396 1120 2441 (u.
1136 2396 1203 2444 24)
1231 2394 1360 2443 deficit.
1406 2397 1500 2435 Col-

53 2449 147 2489 latus
172 2460 227 2491 est
252 2466 275 2491 a
301 2455 441 2503 tribus,
468 2455 497 2492 Ι.
524 2455 570 2492 F.
596 2456 786 2494 Gronouio
812 2458 873 2507 qui
899 2457 1042 2495 Parisiis
1069 2458 1115 2495 ab
1141 2458 1220 2508 ipso
1247 2458 1356 2496 Alex.
1383 2462 1500 2497 Peta-

53 2511 116 2548 uio
142 2515 347 2554 consiliario
373 2517 548 2556 utendum
576 2519 760 2568 accepisse
784 2519 951 2567 uidetur,
986 2520 1161 2570 cuiusque
1185 2521 1247 2557 ubi
1273 2521 1320 2558 ab
1346 2521 1498 2559 Heinsio

52 2574 291 2614 testimonium
317 2578 468 2616 discedit
492 2579 643 2627 (differt
668 2585 789 2617 autem
815 2592 926 2631 saepe
951 2588 989 2618 et
1012 2588 1067 2619 est
1091 2582 1153 2619 ubi
1178 2583 1359 2632 grauiter,
1395 2583 1499 2621 uelut

51 2636 93 2683 2,
112 2636 214 2683 780)
237 2640 391 2678 maxima
416 2652 490 2691 qua
515 2641 618 2692 potui
654 2641 840 2693 diligentia
865 2642 902 2680 id
927 2643 1095 2684 indicaui.
1145 2644 1243 2683 Nam
1269 2645 1350 2697 ipse
1376 2645 1497 2683 Hein-
