1685 2954
141 95 220 139 132
699 107 1024 136 PAsTonvn

193 210 262 252 Ne
289 210 406 250 refer.
446 207 593 261 aspexi
620 218 701 249 non
729 206 796 248 illo
825 213 994 261 pectore
1024 206 1151 262 digna

250 277 443 328 Volnera,
473 278 693 316 Tartareas
723 289 849 316 ausus
880 275 991 316 adire
1023 275 1176 315 domos.
1511 276 1591 311 620

196 345 255 385 At
284 351 341 394 tu,
371 356 447 383 seu
476 344 576 382 ratio
606 349 650 383 te
679 343 828 384 nostris
858 343 1012 396 appulit
1042 344 1135 395 oris,

253 411 353 451 Siue
382 410 504 462 deus,
535 412 651 465 regni
681 411 894 453 commoda
924 423 1048 462 carpe
1076 409 1168 449 mei.

199 477 332 518 Multa
357 478 438 527 tibi,
459 490 673 530 memores,
702 477 756 518 nil
784 492 864 518 non
895 478 1092 517 debemus
1120 477 1303 517 Elissae:

253 545 430 585 Nomine
460 551 579 598 grata
609 552 690 597 tuo,
722 552 841 599 grata
868 545 1018 585 sororis
1048 545 1140 584 eris.

199 613 316 652 Talia
346 609 512 663 dicenti,
548 625 681 665 neque
711 611 817 652 enim
847 624 947 664 spes
976 612 1106 651 altera
1136 616 1279 662 restat,
1515 612 1594 647 625

256 678 454 730 Credidit,
485 692 642 720 errores
672 679 946 731 exposuitque
977 691 1088 718 suos.

199 746 342 799 thue
373 746 533 786 domum
564 746 741 797 intrauit,
771 744 920 798 Tyrios
949 744 1092 785 induta
1121 750 1302 798 paratae,

254 812 401 866 Incipit
432 814 612 852 Aeneas.
651 818 818 853 caetera
847 812 964 851 turba
992 812 1106 852 silet:

200 883 320 922 Hanc
350 881 421 920 tibi
446 893 519 921 cur
548 879 715 932 tradam,
745 872 813 933 pia
841 891 982 931 causa,
1012 879 1183 919 Lauinia
1211 877 1401 931 coniunx,

256 949 335 988 Est
362 947 469 987 mihi.
505 947 742 1000 consumpsi
770 945 992 1000 naufragus
1021 945 1143 987 huius
1173 959 1290 1000 opes.
1518 949 1598 984 630

201 1013 301 1055 orta
331 1016 441 1068 Tyro
473 1021 553 1067 est,
585 1027 756 1068 regnum
784 1015 943 1068 Libyca
972 1014 1159 1067 possedit
1188 1014 1229 1054 in
1253 1025 1336 1054 ora.

259 1081 394 1133 Quam
421 1093 564 1134 precor
593 1088 639 1121 ut
668 1094 789 1122 carae
818 1094 929 1121 more
955 1082 1105 1122 sororis
1130 1094 1256 1122 ames.

201 1148 349 1190 Omnia
377 1147 588 1201 promittit,
616 1149 845 1202 falsumque
874 1150 1045 1190 Lauinia
1073 1150 1220 1190 uolnus

258 1217 405 1256 Mente
434 1216 581 1268 premit
610 1215 752 1268 tacita,
783 1216 1093 1270 dissimulatque
1121 1217 1309 1258 fremens.

203 1284 406 1337 Donaque
431 1295 523 1324 cum
551 1282 692 1323 uideat
719 1289 883 1336 praeter
910 1296 987 1325 sua
1011 1285 1160 1324 lumina
1188 1284 1284 1325 ferri
1520 1285 1599 1322 635

258 1352 393 1392 Multa
422 1351 570 1403 palam,
601 1348 707 1390 mitti
737 1351 843 1390 clam
873 1364 1034 1405 quoque
1064 1353 1192 1392 multa
1219 1356 1350 1404 putat.

204 1420 301 1462 Non
329 1420 455 1460 habet
486 1424 693 1470 exactum,
723 1417 820 1471 quid
850 1425 960 1471 agat.
1001 1417 1196 1462 furialiter
1223 1417 1321 1471 odit,

261 1488 319 1528 Et
344 1491 463 1540 parat
492 1485 672 1539 insidias,
703 1492 748 1526 et
777 1486 891 1539 cupit
919 1486 1005 1527 ulta
1033 1486 1144 1528 mori.

201 1611 289 1647 619.
316 1609 397 1646 Nec
425 1609 522 1646 refer
550 1607 1013 1647 BEFGMNPAEmr
1038 1608 1212 1646 undecim.
1249 1608 1310 1645 illo
1337 1607 1444 1657 digna
1474 1618 1603 1644 cruore

152 1664 198 1699 E.
232 1664 311 1708 Ita,
337 1667 501 1710 pectore,
530 1659 744 1696 Bczbms
762 1665 846 1697 tres.
895 1672 1049 1709 corpore
1074 1660 1214 1708 reliqui.
1317 1660 1405 1694 621.
1441 1658 1537 1694 racio
1569 1658 1604 1695 G

150 1709 199 1748 Γ.
244 1712 374 1747 nostris
403 1712 523 1747 attulit
542 1707 663 1746 1141.
705 1722 791 1760 app.
822 1711 916 1746 horis
939 1707 1151 1747 DEGFb.
1185 1710 1375 1747 Gloss.E.·
1402 1709 1509 1753 ratio]
1538 1720 1603 1744 uo·

150 1763 287 1799 luntas.
390 1762 477 1796 622.
507 1773 636 1797 comm.
662 1773 763 1796 sume
790 1774 813 1809 p
826 1773 989 1798 uar.scr.
1092 1762 1180 1797 623.
1207 1773 1315 1797 mem.
1342 1759 1492 1796 multum
1519 1758 1603 1796 deb.

153 1810 225 1860 «29
246 1811 362 1856 alius3
388 1823 588 1860 puar.scr.
693 1811 780 1848 624.
807 1824 880 1848 sor.
908 1823 988 1847 eras
1005 1809 1054 1847 Γ.
1093 1824 1165 1848 sor.
1195 1812 1262 1848 erit
1286 1810 1320 1847 b.
1423 1810 1510 1846 625.
1537 1821 1605 1846 nee
1668 1812 1674 1819 '

151 1865 247 1899 enim
276 1859 407 1898 ‹DPA
417 1862 442 1898 h
460 1866 538 1899 octo
556 1866 589 1897 et
607 1866 693 1898 uett.
711 1860 765 1898 ed.
808 1863 871 1898 alt.
898 1869 1012 1898 restas
1030 1859 1078 1898 Γ.
1181 1864 1268 1898 627.
1298 1862 1410 1911 inque
1436 1860 1532 1897 dom.
1556 1861 1604 1898 G.

151 1913 250 1949 dom.
282 1914 435 1949 intrarat
470 1913 570 1948 tirios
595 1909 644 1948 Γ.
693 1918 762 1960 tyr.
790 1912 939 1948 inducta
964 1910 1057 1948 NA
1066 1924 1140 1949 ma.
1153 1925 1209 1961 pr.
1227 1924 1402 1961 yma-pr.
1513 1912 1603 1948 628.

152 1964 261 2000 turba
291 1969 390 1999 tacet
414 1960 535 1999 Λ43.
648 1964 735 1998 629.
769 1975 835 1998 eur
861 1963 1004 1999 credam
1038 1975 1062 2011 9
1088 1967 1174 1999 tres.
1285 1964 1374 1998 630.
1411 1961 1495 1998 mihi
1521 1973 1604 1998 cum

63 2039 77 2057 x
151 2013 288 2063 sumpsi
313 2024 508 2062 puar.scr.
613 2014 699 2049 631.
730 2014 845 2049 Horta
872 2011 905 2049 b.
945 2014 1015 2050 tiro
1042 2011 1078 2049 E
1087 2011 1125 2049 Γ
1131 2025 1163 2050 r.
1203 2018 1257 2050 est
1283 2025 1352 2050 om.
1381 2015 1443 2050 29.
1482 2019 1537 2049 est
1561 2012 1603 2049 li·

155 2065 235 2100 bica
262 2076 412 2113 regnum
443 2061 483 2098 (D
502 2067 565 2100 20.
617 2064 722 2111 libica
749 2061 963 2101 DEGFr.
1015 2065 1049 2100 in
1077 2063 1166 2100 hora
1192 2061 1404 2101 DEGFb.
1516 2064 1602 2099 632.

153 2115 286 2151 sororis
314 2120 392 2151 erat
410 2113 472 2151 A.
574 2116 663 2150 633.
690 2127 808 2163 prom.
827 2115 1048 2164 tacitumque
1078 2118 1197 2151 1011.
1238 2127 1357 2164 prom.
1386 2120 1603 2163 captumque

154 2167 216 2202 48.
257 2165 388 2201 falsum
417 2165 549 2201 lauinia
569 2161 643 2212 Hy
664 2163 746 2201 duo.
787 2165 918 2200 lauinia
941 2168 1044 2201 uultu
1065 2177 1096 2202 r.
1137 2165 1268 2201 uulnus
1295 2164 1375 2202 libri
1394 2168 1538 2213 excepto
1549 2161 1598 2198 A.

205 2217 292 2251 634.
320 2216 445 2252 Mente
463 2215 555 2264 gerit
575 2226 778 2263 911c1r.scr.
818 2215 968 2265 premit:
997 2217 1123 2252 tacitos
1144 2216 1227 2252 diss.
1245 2213 1292 2252 Σ.
1331 2218 1405 2259 Ita,
1432 2211 1601 2259 fremens,

158 2267 464 2315 Gmea.pr.s
483 2267 563 2302 413
576 2269 625 2301 22
636 2268 683 2300 23
697 2268 758 2302 33.
808 2266 1077 2316 dissimulatque
1103 2272 1238 2303 metum
1267 2269 1316 2310 D,
1348 2261 1520 2314 yloss.A
1536 2265 1600 2299 44.

154 2329 226 2366 que
247 2324 363 2353 metus
382 2318 525 2353 caeteri.
627 2317 714 2353 635.
741 2316 919 2366 Bonaque
935 2316 955 2353 b
972 2328 1113 2365 mmpr.
1155 2329 1236 2353 cum
1256 2317 1346 2352 uidit
1362 2315 1499 2352 Zm85
1515 2312 1599 2350 duo.

155 2379 221 2403 sua
246 2367 367 2403 limina
394 2369 628 2404 mea.sec.
641 2378 660 2403 r
671 2379 824 2404 ma.sec.
838 2371 886 2403 12
911 2370 1076 2416 (mitique.
1130 2367 1218 2407 lum.
1246 2367 1334 2403 mitti
1361 2364 1602 2412 bma.pr.89

153 2419 273 2466 pauci.
376 2415 461 2453 636.
498 2418 632 2454 Multa:
661 2419 780 2466 palam
808 2430 844 2467 p.
893 2418 1010 2454 Multa
1036 2425 1155 2454 tamen
1183 2418 1272 2453 mitti
1297 2410 1602 2452 ABGEFGOE

155 2464 763 2505 FAMNOPHWAbm-ma.
775 2481 830 2518 pr.
843 2471 894 2505 s3
921 2470 1049 2517 uiginti
1067 2468 1136 2505 duo
1156 2473 1189 2504 et
1203 2471 1288 2503 vett.
1305 2465 1359 2502 ed.
1402 2464 1519 2501 Multa
1545 2472 1600 2502 ta·

154 2529 238 2554 men
265 2518 392 2553 metuit
418 2518 508 2555 clam
537 2516 583 2555 Σ.
634 2531 779 2568 quoque
812 2520 914 2568 plura
947 2525 1052 2569 putat
1078 2518 1178 2555 h20.
1226 2517 1337 2552 multa
1372 2516 1473 2552 timet
1502 2512 1598 2553 ΦΊ.

154 2567 267 2604 multa
292 2574 404 2617 pauet
429 2566 549 2606 1141.
653 2571 738 2606 637.
776 2569 860 2605 Non
888 2576 1007 2606 tamen
1035 2575 1152 2607 exact..
1179 2579 1213 2603 m
1224 2569 1274 2602 20
1285 2570 1334 2601 22
1361 2565 1448 2610 ἄπιος
1473 2577 1496 2614 9
1515 2577 1599 2603 uar-

154 2629 225 2655 εον.
328 2619 414 2655 638.
442 2618 642 2668 Praeparat
668 2620 735 2656 ins.
766 2622 797 2656 B
813 2617 1598 2668 G(percompend.)Dst2022232833.

155 2669 255 2719 cupit
280 2668 374 2706 ultro
402 2667 433 2706 b.
473 2671 571 2719 cupit
597 2670 657 2705 illa
680 2681 704 2717 9
722 2681 882 2707 mmscr.
