1685 2954
152 88 232 134 194
701 92 1022 125 FAswonM

207 203 263 244 Et
289 206 427 242 tamen
453 194 631 239 assiduis
658 200 826 237 exercet
852 194 1018 236 brachia
1045 193 1151 247 telis,

262 268 557 318 Aduersusque
587 263 717 304 minas
743 262 905 316 frigoris
933 250 1044 303 arma
1068 267 1198 316 parat.
1506 267 1586 302 700

208 336 338 378 Filius
363 333 484 374 huius
511 334 600 372 erat
625 331 750 384 primo
778 330 960 370 lasciuus
987 330 1029 370 in
1058 342 1175 382 aeuo,

263 400 568 453 Addideratque
595 410 726 439 annos
754 397 806 438 ad
831 396 911 437 duo
942 398 1072 438 lustra
1101 397 1216 438 duos.

208 473 250 511 Is
279 469 390 523 capit
416 465 588 508 extremi
614 466 777 519 uolpem
804 465 990 507 conualle
1020 465 1172 506 salicti:

264 535 503 578 Abstulerat
531 533 680 573 multas
705 533 773 573 illa
800 532 980 573 cohortis
1008 544 1121 574 aues.

210 604 426 658 Captiuam
453 600 605 653 stipula
631 599 833 652 foenoque
861 598 1045 651 inuoluit,
1073 604 1118 639 et
1145 598 1266 651 ignes
1509 600 1588 639 705

264 670 480 712 Admouet.
518 673 686 708 urentes
714 666 860 719 effugit
890 666 958 705 illa
985 676 1143 705 manus.

210 738 302 792 Qua
330 736 447 790 fugit,
475 733 656 775 incendit
683 731 862 774 uestitos
889 730 1095 772 messibus
1124 742 1269 785 agros:

265 802 484 846 Damnosis
513 801 624 841 uires
649 799 815 854 ignibus
842 811 940 839 aura
967 798 1104 839 dabat.

209 875 385 916 Factum
408 867 518 921 abiit,
546 867 795 908 monimenta
812 871 988 907 manent.
1027 878 1122 906 nam
1141 865 1193 906 de
1211 877 1334 906 cruce
1354 871 1510 906 curtam

266 941 391 982 Nunc
419 948 581 990 quoque
608 935 677 976 lex
705 936 867 988 uolpem
896 933 1149 975 Carseolana
1175 939 1311 974 necat.
1513 938 1593 973 710

211 1009 353 1061 thue
379 1006 466 1045 luat
496 1015 653 1055 poenas
678 1015 786 1057 gens
814 1003 931 1054 haec,
961 1000 1203 1042 Cerealibus
1230 1000 1362 1042 ardet:

267 1074 442 1127 Quoque
471 1068 591 1110 modo
619 1075 793 1123 segetes
819 1067 1006 1122 perdidit,
1035 1070 1126 1123 ipsa
1153 1069 1268 1122 perit.

210 1205 400 1249 Proxima
427 1216 520 1245 cum
549 1202 689 1243 ueniet
718 1209 847 1243 terras
875 1200 1013 1243 uisura
1041 1207 1234 1255 patentes

265 1272 498 1314 Memnonis
525 1271 565 1311 in
594 1270 725 1312 roseis
752 1271 864 1310 lutea
892 1275 1021 1309 mater
1049 1268 1178 1323 equis,

207 1408 294 1444 699.
329 1406 432 1442 taelis
458 1404 524 1451 llf.
564 1402 655 1440 tedis
681 1403 729 1440 A.
768 1402 872 1439 tlielis
896 1414 928 1440 r.
1039 1404 1125 1438 700.
1162 1399 1435 1449 Aduersuinqne
1460 1399 1500 1436 A
1509 1401 1597 1448 bpss

158 1460 221 1495 26.
261 1468 332 1507 que
359 1468 428 1493 om.
450 1455 480 1502 f.
522 1466 592 1504 que
618 1465 743 1489 manus
762 1455 949 1502 Ema.pr.
1049 1454 1135 1488 701.
1163 1452 1275 1486 Filius
1301 1451 1383 1486 huic
1408 1451 1528 1487 inerat
1551 1455 1594 1488 Τ.

160 1515 240 1546 erat
264 1508 387 1557 primis
413 1507 499 1542 lasc.
526 1506 564 1540 in
591 1505 691 1540 aunis
719 1501 799 1549 Af.
846 1504 880 1538 in
908 1515 1001 1539 anno
1028 1515 1058 1539 s.
1169 1503 1255 1536 702.
1291 1501 1336 1536 ad
1360 1513 1425 1537 sua
1455 1504 1499 1538 T.

209 1562 297 1596 703.
327 1564 487 1593 extrema
513 1556 558 1592 0.
597 1554 699 1602 uulp.
727 1553 808 1590 libri
832 1558 974 1602 praeter
993 1553 1042 1588 A.
1083 1552 1230 1600 uulpem
1257 1563 1336 1586 cum
1365 1551 1460 1587 ualle
1485 1554 1597 1587 EMt

160 1611 323 1658 quinque.
363 1607 509 1655 uulpem
534 1605 581 1641 de
607 1605 701 1640 ualle
719 1603 785 1650 lif.
800 1601 1227 1652 Bcsmma.pr.1220
1244 1600 1378 1645 decem,-
1404 1613 1597 1648 ynar.scr.

161 1660 309 1708 uulpem
335 1657 370 1693 in
398 1657 560 1692 conualle
590 1651 924 1691 DGOEAPEbs
951 1655 1113 1701 quinque.
1164 1652 1307 1699 uulpem
1335 1652 1402 1686 sub
1429 1651 1525 1688 ualle
1549 1651 1599 1688 28
1655 1662 1660 1669 '

161 1713 223 1746 33.
265 1708 386 1745 Gloss.
407 1709 461 1743 D.-
488 1712 588 1742 notat
615 1706 830 1741 rusticanam
864 1704 1091 1739 sedulitatem
1119 1702 1179 1750 qui
1211 1709 1371 1737 extrema
1397 1701 1504 1737 uillae
1530 1702 1598 1738 cir-

162 1759 334 1796 comdant
362 1758 456 1793 ualle
491 1762 527 1792 et
558 1768 668 1804 super
702 1755 790 1790 haec
826 1755 992 1789 muniunt
1023 1754 1160 1788 salicta.
1270 1753 1356 1788 704.
1393 1752 1524 1788 coortis
1550 1755 1598 1788 D.

160 1809 319 1846 clioortis
349 1810 395 1845 G.
443 1806 598 1842 cohortis
630 1811 707 1840 erat
737 1803 802 1850 11f.
823 1803 900 1840 ead.
924 1815 998 1840 ma.
1021 1815 1112 1840 corr.
1163 1801 1242 1838 coli.
1279 1802 1354 1838 auis
1384 1803 1597 1839 Giton-scr.

167 1859 344 1897 Gloss.h:
369 1856 539 1904 cohortis]
568 1855 718 1903 curtigli.
820 1854 907 1890 705.
935 1854 1074 1902 stipulis
1094 1855 1142 1889 28
1153 1856 1216 1889 33.
1257 1853 1428 1901 stipulam
1453 1851 1484 1898 f.
1524 1853 1599 1889 sre-

164 1922 285 1959 noque
312 1912 432 1946 Ernst.
452 1919 506 1956 pr.
553 1907 734 1954 faenoque
761 1907 808 1940 D.
911 1906 997 1940 706.
1032 1903 1210 1939 Admonet
1235 1901 1301 1948 llf.
1318 1915 1392 1939 ma.
1409 1914 1466 1951 pr.
1513 1905 1598 1938 Am-

165 1967 286 1997 mouet
312 1971 344 1996 r.
387 1971 441 1994 ur.
470 1957 578 1994 efficit
603 1956 634 2002 f.
737 1957 824 1991 707.
849 1955 925 2003 sug.
953 1953 1115 1990 accendit
1140 1951 1262 1999 NAf
1283 1952 1366 1989 duo.
1410 1954 1487 2002 fug.
1516 1956 1597 1990 abs-

166 2011 290 2048 condit
314 2020 421 2045 imus.
469 2008 646 2043 mensibus
671 2018 778 2043 rum.
796 2018 852 2053 pr.
963 2007 1048 2041 708.
1084 2004 1298 2054 Dnmpnosis
1324 2006 1368 2040 Ε.
1412 2003 1598 2053 Dampno-

164 2074 222 2098 sas
253 2062 305 2105 G;
332 2062 380 2096 M
396 2070 478 2095 nar.
494 2070 563 2095 scr.
607 2057 759 2092 Dandsis
786 2055 851 2102 uf.
869 2066 1013 2103 mmpr.
1114 2057 1201 2091 709.
1238 2055 1368 2089 Fatum
1394 2067 1418 2102 p
1438 2065 1596 2091 itm-,son

165 2116 398 2148 monumenta
424 2109 509 2154 fort.
528 2108 576 2144 br
593 2112 625 2143 et
643 2107 755 2155 aliqui
770 2108 921 2143 Heinsii.
961 2106 1105 2143 monim.
1124 2111 1248 2154 patent
1268 2106 1319 2140 N.
1357 2105 1503 2142 monim.
1521 2116 1597 2143 mo-

167 2170 254 2198 nent
272 2174 319 2197 m.
364 2166 511 2196 manent
532 2171 602 2194 non
624 2159 745 2193 uiuere
765 2165 907 2206 captam
926 2157 962 2192 4.
1003 2168 1084 2191 nam
1104 2158 1225 2192 uiuere
1245 2161 1387 2203 captam
1417 2155 1447 2192 C
1460 2165 1596 2199 „mmm

166 2213 296 2250 recenti
313 2213 349 2247 in
368 2212 510 2257 victry?
535 2212 579 2244 13
592 2212 639 2245 33
660 2213 742 2245 tres.
784 2220 867 2243 nam
894 2219 1041 2243 cernere
1067 2214 1230 2242 cunctam
1258 2207 1317 2241 34.
1358 2217 1439 2241 nam
1465 2204 1596 2240 ducere

168 2269 304 2299 certam
335 2273 446 2305 unns;
471 2259 492 2295 b
508 2271 591 2295 mir.
609 2271 678 2295 scr.
726 2270 807 2293 nam
842 2258 961 2293 dicere
992 2264 1129 2293 curtam
1156 2256 1241 2302 111·.;
1265 2268 1288 2303 9
1304 2266 1466 2292 umuscr.
1511 2265 1595 2290 nam

169 2313 290 2348 dicere
315 2318 437 2348 eetera
466 2307 518 2346 Φ.
558 2321 639 2346 nam
667 2309 786 2344 dicere
812 2316 953 2357 captam
981 2304 1029 2345 Σ.
1056 2308 1229 2356 (namque
1244 2307 1338 2342 icere
1351 2311 1489 2354 captam
1504 2305 1593 2340 coni..

173 2362 242 2398 Th.
264 2365 326 2409 Β.)
344 2374 425 2397 nam
444 2360 562 2396 dicere
582 2366 679 2396 certa
703 2371 726 2407 9
741 2371 824 2395 ναν.
839 2371 908 2395 scr.
947 2370 1029 2395 nam
1056 2357 1176 2394 dicere
1201 2367 1343 2393 caecam
1367 2365 1472 2390 unus.
1512 2365 1594 2390 narn

169 2413 291 2447 dicere
317 2416 451 2448 certam
479 2409 546 2457 llf.
573 2422 686 2459 supra
709 2409 771 2446 lin.
799 2413 831 2445 et
857 2410 917 2457 qui
940 2413 1079 2445 restant
1103 2409 1228 2456 scripti
1252 2406 1384 2455 partim
1408 2416 1472 2452 per
1497 2417 1594 2440 com-

169 2462 312 2512 vestilia,
337 2467 422 2498 vett.
443 2461 497 2496 ed.
598 2464 683 2496 710,
719 2458 816 2508 uulp.
844 2459 938 2495 libri.
987 2460 1100 2494 carsio
1127 2461 1208 2494 lana
1233 2455 1299 2501 Ilf.
1342 2454 1538 2490 carsiolano
1565 2459 1593 2490 t.

170 2513 320 2548 carseol.
349 2520 453 2547 uocat
485 2514 532 2547 G.
578 2511 727 2547 carseol.
756 2518 885 2546 nocant
912 2523 936 2558 p
954 2522 1035 2546 nar.
1051 2521 1119 2545 scr.
1171 2506 1316 2542 carseol.
1345 2512 1443 2540 uetat
1470 2504 1596 2553 reliqui

171 2575 291 2599 onmes
310 2561 401 2597 libri.
502 2565 587 2598 711.
616 2565 691 2608 lla,
719 2574 804 2609 gens
823 2561 922 2603 haec,
950 2552 1593 2605 Alls.RDFGUJFMPbmssss
1637 2590 1641 2594 ,

170 2617 318 2661 scptmn3
351 2609 590 2658 ‘equum-‚scia
631 2624 741 2661 gemis
767 2611 835 2646 hoc.
860 2611 983 2658 reliqui
1006 2615 1038 2645 et
1058 2608 1122 2653 11s.
1137 2609 1168 2643 G
1184 2605 1409 2652 manuscr„
1436 2605 1596 2650 tortasse

170 2665 312 2700 rectius.
415 2664 499 2696 712.
530 2662 628 2708 perd.
651 2663 707 2696 illa
733 2675 807 2709 per.
838 2661 924 2696 151ιε
943 2660 1102 2695 wodecim
1120 2662 1150 2692 cl
1170 2661 1254 2692 uolt.
1277 2656 1349 2699 ed.;
1371 2668 1393 2703 9
1407 2667 1487 2692 nur.
1501 2667 1570 2691 scr.
