1685 2954
174 75 259 120 218
662 46 668 52 κ
733 92 1051 125 ΡΑετοιινΜ

285 192 343 232 Et
370 191 532 243 plenum
562 190 695 244 pomis
725 193 779 234 ad
807 195 917 234 louis
944 191 1015 236 ora
1041 193 1144 236 tulit.

228 259 298 299 Ille
327 259 395 298 ubi
422 271 490 299 res
519 257 624 299 caeli
652 260 796 313 tenuit,
826 262 1012 316 solioque
1039 270 1210 317 paterno
1532 271 1610 308 125

283 326 414 379 Sedit,
443 332 487 366 et
514 326 668 367 inuicto
696 329 750 368 nil
779 330 876 369 Iouo
904 332 1036 371 maius
1065 337 1164 383 erat,

228 392 374 434 Sidera
401 395 611 446 nutricem,
643 396 810 436 nutricis
838 397 973 438 fertile
1001 410 1126 439 cornu

281 460 414 513 Fecit,
443 462 550 515 quod
578 462 764 502 dominae
792 476 901 504 nunc
929 477 1089 518 quoque
1118 479 1265 507 nomen
1295 467 1430 508 habet.

227 527 496 570 Praestitibus
525 531 662 569 Maiae
690 531 865 571 Laribus
893 531 1030 572 uidere
1060 533 1261 575 kalendae

280 597 403 636 Aram
434 596 628 637 constitui
655 597 857 651 signaque
887 611 1013 648 parua
1043 600 1175 640 deum.
1203 622 1206 630 ·
1534 608 1614 642 130

229 664 340 704 Vota
369 671 456 704 erat
483 664 550 705 ina
579 665 740 719 quidem
769 664 956 704 Curibus.
996 666 1073 705 sed
1101 668 1226 708 multa
1252 674 1443 711 uetustas

283 733 480 783 Destruit,
509 739 552 772 et
579 745 682 772 saxo
711 733 838 785 longa
865 721 1039 773 senecta
1063 740 1199 774 nocet.

229 798 371 839 Causa
400 804 538 838 tamen
567 798 691 851 positi
719 798 853 839 fuerat
880 801 1134 852 cognominis
1163 802 1255 853 illis,

282 865 402 916 Quod
429 873 640 918 praestant
668 866 800 907 oculis
830 867 964 907 omnia
991 874 1081 908 tuta
1108 870 1208 909 suis.

228 933 352 974 Stant
380 946 542 986 quoque
572 947 643 987 pro
671 934 803 986 nobis,
834 941 878 974 et
905 941 1100 987 praesunt
1128 938 1341 980 moenibus
1369 938 1491 991 urbis,
1536 943 1613 980 135

277 1002 334 1041 Et
361 1007 458 1041 sunt
486 1007 729 1052 praesentes
758 1003 1033 1057 auxiliumque
1060 1005 1206 1046 ferunt.

222 1069 281 1109 At
309 1070 423 1110 canis
449 1075 544 1108 ante
571 1069 704 1121 pedes
732 1083 837 1110 saxo
866 1071 1088 1112 fabricatus
1116 1073 1261 1114 eodem

281 1136 440 1176 Stabat.
481 1149 588 1189 quae
617 1137 754 1177 standi
786 1151 879 1179 cum
905 1140 1011 1179 Lare
1039 1152 1168 1181 causa
1195 1138 1300 1182 fuit?

225 1204 377 1244 Seruat
405 1209 579 1257 uterque
607 1204 783 1259 domum,
813 1206 974 1247 domino
1006 1219 1168 1260 quoque
1194 1208 1301 1248 fidus
1331 1215 1525 1262 uterque:

168 1310 203 1335 r.
244 1309 316 1346 que
341 1299 546 1336 recentibus
573 1299 676 1336 herb.
708 1298 1479 1347 GAZm12202811n‹1ect⁷uze‹1.Mediol.
1497 1302 1615 1352 1510;

171 1345 313 1385 FMH
320 1360 401 1386 aar.
414 1361 486 1387 scr.
533 1362 604 1399 que
632 1351 829 1387 uirentibus
855 1351 957 1388 herb.
987 1354 1029 1387 N
1051 1356 1142 1396 tres3
1172 1350 1311 1389 OEuar.
1328 1365 1399 1390 scr.
1451 1367 1523 1403 que
1549 1367 1615 1403 po-

170 1399 326 1436 lentibus
353 1399 454 1436 herb.
482 1402 519 1436 ’7.
570 1401 663 1436 erbis
691 1398 739 1436 Γ.
853 1404 939 1436 124.
976 1403 1091 1451 pomis
1126 1403 1243 1439 attulit
1275 1415 1339 1439 ora
1370 1404 1459 1440 iouis
1485 1417 1516 1440 s.

223 1450 309 1485 125.
347 1451 412 1487 lue
439 1458 479 1486 ut
505 1463 561 1487 res
588 1453 640 1487 N.
694 1452 753 1486 ubi
781 1464 842 1488 rex
869 1453 960 1488 caeli
990 1453 1018 1489 G
1027 1450 1068 1488 A
1078 1465 1152 1489 ma.
1166 1465 1224 1501 pr.
1252 1455 1414 1502 quinqtm.
1464 1455 1526 1489 ubi
1553 1466 1616 1492 rex

171 1500 312 1537 caelum
339 1508 413 1537 ten.
445 1504 489 1537 B.
537 1503 654 1537 tonuit
688 1503 910 1552 Comum-pr.
960 1514 1031 1552 que
1057 1504 1200 1552 paterni
1229 1504 1289 1539 34.
1399 1506 1483 1540 126.
1517 1506 1615 1541 etin

169 1550 486 1597 mundo-(mondo
519 1550 575 1597 Ψ)
604 1552 652 1587 nil
685 1550 752 1589 ³P‘s
779 1552 866 1598 ἄκος
895 1555 1118 1589 Nuar.scr.
1156 1554 1240 1589 mai.
1270 1553 1380 1590 habet
1405 1559 1574 1602 qteaiuor.

222 1604 306 1637 127.
336 1604 509 1638 nutricem
529 1610 565 1638 et
584 1609 680 1638 nutr.
705 1607 740 1638 2.
782 1604 956 1639 nutricem
979 1610 1015 1640 et
1035 1604 1153 1639 nutrix
1171 1604 1255 1640 fert.
1279 1616 1310 1640 s.
1415 1607 1500 1641 128.
1530 1605 1616 1641 Fec.
1651 1640 1654 1644 ,

171 1663 268 1702 quae
296 1651 394 1689 dom.
425 1655 455 1688 B
472 1654 500 1689 G
524 1653 677 1701 aliquot&
705 1656 834 1690 Emtr.
848 1666 917 1691 scr.
967 1667 1065 1690 nom.
1100 1654 1238 1689 habent
1267 1653 1368 1691 BGb
1393 1666 1460 1691 sex
1485 1660 1519 1691 et
1543 1655 1616 1692 ali-

168 1707 265 1752 quot.
372 1706 457 1739 129.
485 1706 599 1739 maiae
625 1705 756 1739 festum
786 1705 858 1740 uid.
886 1718 910 1753 p
930 1716 1010 1740 mir.
1029 1715 1098 1740 scr.
1145 1705 1280 1740 laribus
1309 1717 1442 1741 uenere
1470 1706 1540 1742 kal.
1566 1709 1612 1742 D.

227 1756 310 1790 130.
338 1753 471 1790 Nostra
499 1761 612 1790 const.
642 1766 834 1801 onwamr.
881 1756 970 1790 Aras
997 1761 1110 1790 const.
1139 1767 1173 1790 m
1189 1767 1343 1791 mensec.
1386 1763 1499 1792 const.
1527 1768 1615 1806 par-

167 1816 290 1855 uaque
316 1806 418 1853 signa
443 1804 550 1840 deum
577 1807 612 1840 D
621 1807 655 1840 E
665 1805 699 1840 G
711 1802 841 1840 (DI'A
851 1803 900 1841 M
914 1802 947 1841 Ο
959 1802 1091 1841 ΡΠΛ
1100 1804 1119 1841 b
1128 1804 1175 1853 ἡ]
1185 1818 1207 1854 p
1234 1808 1391 1842 numeris
1413 1805 1616 1844 motcaeti‘ui—
1671 1804 1677 1813 '

156 1858 262 1904 ‘yiml'a
286 1854 363 1901 fere
388 1859 421 1891 et
445 1859 531 1891 vett.
560 1855 612 1891 ed.
720 1858 803 1891 131.
839 1859 912 1899 ἷτα,
939 1856 1034 1892 Vota
1061 1863 1152 1902 erat,
1180 1857 1241 1891 40.
1289 1859 1355 1891 Ars
1383 1864 1460 1892 erat
1488 1860 1524 1893 D
1541 1870 1615 1894 ma.

167 1918 225 1955 pr.
267 1908 337 1941 Ara
365 1913 444 1942 erat
472 1906 749 1942 BGDma.sec.
771 1906 832 1941 sed
850 1911 1069 1954 peruetusta,
1098 1904 1522 1943 EFGOEAMNPH
1534 1905 1620 1945 ΨΣ

171 1956 239 1992 Tb
249 1956 298 2004 fg}
310 1956 508 2005 ltpr834l
531 1958 661 2004 uiginti
678 1959 832 2004 quinque
849 1962 882 1992 et
899 1962 983 1993 nen.
1006 1957 1079 2001 θὼς
1105 1959 1155 1991 44
1171 1969 1332 1994 mmscr.
1362 1958 1537 1994 ‘Vouerat
1556 1958 1617 1994 illa

168 2008 313 2056 quidem
342 2009 471 2043 caeteri
496 2011 530 2042 et
561 2006 659 2055 Gs'p
677 2019 757 2043 var.
775 2019 844 2043 scr.
899 2007 1042 2056 quidem
1071 2008 1190 2043 curius
1216 2008 1278 2043 sed
1311 2005 1615 2046 OAmma.sec.

165 2055 374 2103 (s'?)4844
394 2062 427 2093 et
447 2069 542 2093 unus
558 2057 614 2093 uel
630 2057 716 2102 dito;
749 2059 995 2094 GNuar.scr.
1036 2058 1180 2107 quidem
1208 2058 1344 2094 curi-ius
1369 2059 1432 2094 sed
1451 2057 1489 2094 Γ
1490 2086 1498 2094 .
1535 2059 1614 2108 qui-

165 2109 249 2145 dem
277 2121 363 2144 cura
388 2108 452 2144 sed
478 2108 655 2156 bmwpr.
699 2109 842 2156 quidem
870 2109 1004 2144 laribus
1029 2109 1093 2144 sed
1120 2105 1380 2157 Πΐιμιαΐηονς
1412 2107 1612 2159 ΟΦρυατ.

167 2170 237 2196 scr.
278 2159 425 2207 quidem
452 2159 595 2208 popuiis
621 2158 684 2193 sed
709 2157 760 2194 Φ.
801 2159 864 2195 sed
892 2160 1000 2208 longa
1027 2166 1101 2195 uet.
1129 2158 1211 2195 libri.
1228 2171 1349 2195 omnes
1366 2164 1614 2208 praeter-quos

165 2222 253 2258 seq„
286 2210 363 2246 CZ
380 2221 416 2244 m
435 2211 542 2244 1220
568 2213 724 2257 quatuor
751 2209 857 2246 alios.
898 2210 963 2245 sed
997 2211 1105 2257 longa
1136 2210 1267 2245 sabinis
1297 2210 1424 2246 Guar.
1443 2221 1512 2251 sor.

218 2263 304 2297 132.
330 2260 502 2296 Destituit
519 2271 605 2296 saxo
624 2271 731 2295 wius.
765 2268 801 2296 et
822 2261 919 2296 sacto
939 2261 1038 2309 long.
1055 2260 1137 2297 dno.
1172 2271 1259 2296 saxo
1287 2260 1382 2296 nulla
1408 2272 1486 2298 sen.
1502 2270 1610 2295 mus.

218 2314 304 2347 133.
335 2311 454 2346 Causa
482 2310 627 2360 quidem
654 2311 773 2346 suerat
800 2312 907 2360 positi
933 2323 1037 2359 cogn.
1066 2308 1160 2346 Π9.
1216 2317 1336 2346 tamen
1362 2310 1482 2346 fuerat
1507 2310 1612 2358 positi

165 2372 272 2407 cogn.
301 2360 380 2398 Ab
406 2366 550 2410 septem.
592 2372 698 2409 cogn.
728 2361 785 2397 illa
815 2365 850 2398 8.
956 2364 1041 2397 134.
1070 2367 1256 2411 praestent
1282 2372 1301 2398 s
1319 2363 1368 2395 22
1387 2363 1471 2396 ime-3.
1514 2371 1610 2397 omn.

166 2416 263 2446 tecta
290 2412 362 2448 suis
388 2415 581 2460 m'nm.pr.
628 2424 725 2447 omn.
754 2413 862 2461 plena
887 2425 911 2461 p
927 2424 1011 2448 nar.
1023 2424 1094 2448 scr.
1199 2411 1283 2447 135.
1311 2417 1347 2446 et
1371 2416 1524 2457 prosunt
1548 2409 1611 2447 Λ.

152 2472 285 2497 maen.
309 2465 357 2498 D.
465 2464 548 2507 136.
575 2464 778 2511 praesentis
806 2466 994 2511 Ema.pr.
1034 2462 1137 2498 ausil.
1164 2474 1195 2498 r.
1237 2461 1354 2498 ferant
1371 2456 1418 2495 Γ.
1524 2462 1609 2496 137.

152 2511 244 2547 *Cur
270 2513 366 2548 canis
378 2511 441 2548 A.
481 2513 530 2548 Et
557 2525 636 2548 can.
657 2512 681 2548 h
698 2513 850 2550 uett.ed.
894 2520 978 2549 ante
1006 2513 1135 2562 pedem
1161 2524 1185 2560 p
1205 2516 1286 2548 was.
1393 2513 1476 2547 138.
1503 2511 1611 2548 stanti

167 2559 255 2598 ΓῚ.
374 2565 457 2599 139.
491 2563 676 2600 dominum
712 2562 894 2612 brucum.
950 2564 1094 2600 domino
1125 2561 1239 2598 fidelis
1275 2567 1326 2596 ut.
1354 2557 1410 2596 Π.
1465 2572 1611 2611 quoque

162 2611 280 2649 sactus
315 2618 366 2649 ut.
393 2611 455 2650 A.
508 2625 655 2663 quoque
690 2622 813 2663 gratus
848 2623 899 2651 ut.
937 2617 980 2651 Τ.
1028 2620 1181 2660 uterque
1216 2618 1270 2648 est
1310 2610 1394 2649 CA
1413 2610 1609 2650 humine.

161 2674 300 2701 nouem.
