1685 2954
146 57 203 99 78
392 70 394 74 ·
660 48 1026 101 ῬΑεΤοΒνΜ

254 171 392 224 Nata,
425 177 522 211 tene
551 171 741 224 linguam.
788 185 868 213 nec
896 178 1033 213 tamen
1059 171 1128 213 illa
1156 178 1286 213 tenet.
1513 181 1595 216 600

202 238 322 292 Quae
349 237 468 279 simul
502 250 554 279 ac
587 239 730 293 tetigit
755 241 945 281 Iuturnae
981 246 1132 294 stagna
1168 240 1331 294 sororis,

260 307 426 360 Effuge,
457 307 526 360 ait,
554 307 676 360 ripas.
712 307 824 349 dicta
851 308 1059 361 refertque
1086 310 1207 349 Iouis.

205 376 279 416 nla
307 375 431 414 etiam
462 375 656 415 Iunonem
685 375 797 416 adiit.
837 377 1115 430 miserataque
1143 382 1306 429 nuptam,

257 442 395 484 Naida
422 444 625 484 Iuturnam
653 444 714 483 uir
742 449 851 496 tuus,
876 444 1016 498 inquit,
1047 451 1172 484 amat.

206 512 387 564 Iuppiter
414 509 615 565 intumuit,
644 524 806 565 quaque
837 517 904 552 est
932 525 1012 551 non
1042 525 1119 551 usa
1149 512 1352 564 modeste,
1520 513 1598 550 605

261 577 420 631 Eripuit
447 580 641 633 linguam,
670 579 1000 632 Mercuriumque
1031 586 1175 629 uocat:

205 646 298 686 Duc
327 646 435 685 hanc
465 645 517 685 ad
546 658 700 685 manes.
738 646 855 685 locus
883 647 950 685 ille
978 645 1192 687 silentibus
1221 653 1354 699 aptus.

261 714 467 766 Nympha,
497 713 573 752 sed
601 711 782 752 infernae
812 712 991 765 nympha
1020 712 1178 765 paludis
1209 714 1297 754 erit.

203 782 328 822 Iussa
356 779 466 820 Icuis
495 779 607 820 fiunt.
649 781 812 832 accepit
840 781 959 820 lucus
989 787 1154 820 euntes:

260 849 419 888 Dicitur
443 847 512 888 illa
541 847 635 888 duci
661 854 756 887 tum
777 847 987 900 placuisse
1015 848 1107 888 deo,
1524 853 1604 887 610

204 917 301 958 Vim
330 921 447 968 parat
475 916 555 955 hic.
595 916 708 956 uoltu
732 928 805 967 pro
835 917 971 956 uerbis
1000 917 1067 956 illa
1095 921 1287 969 precatur

261 985 319 1024 Et
347 983 495 1022 frustra
523 988 638 1022 muto
666 983 804 1022 nititur
834 996 903 1022 ore
931 983 1053 1036 loqui.

205 1053 356 1104 Fitque
387 1049 541 1102 grauis,
572 1051 844 1102 geminosque
873 1052 991 1102 parit,
1021 1051 1089 1103 qui
1115 1050 1294 1103 compita
1319 1055 1488 1092 seruant

259 1120 316 1160 Et
344 1117 517 1171 uigilant
544 1122 686 1157 nostra
716 1129 880 1171 semper
907 1116 949 1158 in
977 1118 1090 1171 urbe,
1120 1119 1263 1159 Lares.

208 1241 403 1283 Proxima
434 1237 603 1292 cognati
635 1237 776 1279 dixere
807 1239 984 1281 Caristia
1012 1241 1108 1293 cari,
1524 1245 1604 1281 615

264 1310 322 1350 Et
350 1306 466 1348 uenit
495 1307 548 1348 ad
577 1308 716 1347 socios
746 1308 862 1347 turba
889 1309 1114 1362 propinqua
1144 1309 1258 1349 deos.

157 1426 252 1463 EG.
299 1424 355 1460 Ex
383 1423 456 1459 alto
483 1423 622 1472 positus
648 1435 758 1472 saepe
783 1436 818 1459 m
841 1435 914 1460 ma.
933 1435 988 1471 pr.
1029 1424 1114 1460 uitio
1139 1425 1343 1474 impositum
1369 1425 1405 1460 6.
1447 1424 1607 1473 positum

158 1485 216 1513 est
244 1487 355 1525 saepe
373 1473 463 1521 Af.
502 1485 613 1522 saepe
637 1474 696 1509 illa
725 1486 749 1509 (ι
774 1486 830 1522 pr.
849 1487 922 1510 ma.
941 1486 1032 1510 corr.
1061 1475 1182 1521 Iiseid.
1216 1477 1293 1521 Ita,
1320 1474 1454 1518 almon,
1482 1473 1606 1520 Ilfeld.

154 1528 279 1563 2029.
321 1525 416 1561 almo
445 1526 587 1561 caeteri.
691 1526 777 1560 600.
808 1525 903 1560 Nate
925 1527 1017 1560 BD.
1056 1526 1142 1573 ling.
1168 1537 1241 1563 non
1269 1532 1356 1561 tam.
1385 1522 1605 1561 Effultus.

152 1584 275 1614 tamen
303 1577 381 1626 ipsa
407 1576 444 1612 A
463 1579 525 1611 43.
640 1576 726 1610 601.
764 1575 867 1610 sitnul
904 1576 1031 1623 attegit
1070 1578 1103 1611 G
1129 1588 1202 1612 ma.
1219 1587 1276 1624 pr.
1325 1582 1453 1623 stagna
1478 1577 1607 1624 primis

150 1627 294 1665 duabus
330 1627 460 1663 litteris
485 1628 524 1662 in
557 1625 668 1661 lum-a
694 1625 821 1671 Ilfem.
870 1627 935 1662 iut.
967 1638 1093 1674 inagna
1119 1627 1252 1662 sororis
1278 1638 1312 1661 m
1339 1636 1412 1661 nia.
1432 1637 1487 1673 pr.
1540 1626 1606 1662 iut.

151 1685 250 1715 tecta
275 1689 381 1714 unus.
418 1683 546 1725 stagna
573 1676 744 1724 lacusque
773 1675 792 1712 b
819 1688 892 1712 ma.
910 1687 966 1724 pr.
1072 1679 1159 1711 603.
1196 1677 1258 1711 lna
1286 1676 1412 1711 eadem
1440 1677 1514 1712 iun.
1545 1679 1606 1713 12.

154 1730 324 1765 miserata
351 1728 498 1764 maritas
519 1727 579 1762 14.
620 1733 751 1775 nuptas
777 1727 967 1774 posteriori
979 1726 1120 1771 syllaba
1143 1729 1177 1762 ἱη
1197 1738 1275 1762 ras.
1292 1725 1415 1771 llt'eld.
1453 1732 1606 1775 nuptam

155 1776 432 1826 GO(E'?)9ps
457 1789 530 1814 wa.
550 1789 619 1813 sec.
647 1776 782 1823 ‹lecent3
812 1779 848 1812 Ι)
873 1789 954 1812 mtr.
978 1789 1049 1813 scr.
1100 1776 1282 1826 nimpham
1309 1779 1358 1813 D.
1410 1776 1608 1826 nympham
1669 1807 1675 1815 ,

152 1834 322 1880 quatuor.
366 1828 547 1877 nymphae
578 1828 606 1863 C
619 1839 651 1862 m
676 1839 749 1862 ma.
769 1839 827 1874 pr,
855 1833 940 1863 tres.
984 1827 1160 1876 nymphas
1186 1827 1210 1864 h
1236 1832 1306 1863 tres
1329 1832 1363 1863 et
1387 1832 1474 1864 uett.
1499 1826 1554 1865 ed.

203 1881 289 1916 604.
318 1878 460 1914 Naiada
486 1874 822 1925 ‹DANHT1›f9
833 1877 924 1926 hps.
972 1878 1093 1927 inquid
1114 1880 1159 1915 E.
1263 1878 1350 1914 605.
1378 1878 1514 1927 Iupiter
1538 1876 1607 1925 llf.

153 1934 242 1969 ΕΡ.
283 1942 354 1979 qua
386 1943 453 1964 non
482 1937 537 1965 est
567 1940 630 1963 usa
656 1925 779 1963 1141.
821 1936 875 1964 ost
901 1941 970 1964 om.
998 1941 1017 1964 s
1044 1928 1125 1965 duo.
1234 1930 1319 1964 606.
1357 1930 1434 1973 Sic,
1462 1928 1607 1978 Eripuit

152 1983 256 2030 ling„
286 1982 489 2017 BGDZm
511 1983 534 2016 8
561 1982 728 2027 quatuor.
770 1979 913 2028 Eripuit
944 1980 1026 2014 huie
1054 1980 1140 2027 ling.
1173 1977 1224 2015 Ψ.
1265 1978 1382 2028 Eripit
1409 1979 1491 2015 hinc
1517 1980 1606 2028 ling.

155 2032 186 2079 f.
231 2031 352 2080 Eripit
378 2031 459 2065 huic
485 2031 643 2078 linguam
675 2028 822 2076 reliqui,
863 2031 971 2065 etiam
997 2029 1136 2075 Usum„
1169 2029 1229 2065 sed
1263 2029 1320 2066 hic
1354 2042 1434 2066 eam
1465 2034 1606 2078 partem

150 2085 365 2132 scripturae,
392 2093 463 2129 qua
489 2079 533 2116 ab
552 2084 693 2126 recepta
713 2078 849 2126 differt,
878 2093 901 2115 a
924 2093 990 2116 rec.
1008 2093 1081 2116 ηια.
1102 2083 1136 2116 in
1153 2080 1278 2124 litura,
1305 2080 1478 2128 atripliore
1496 2091 1604 2129 quam

151 2146 218 2182 pro
243 2137 384 2180 recepta
409 2133 607 2180 scriptura.
649 2131 939 2178 mercuriumque
967 2138 1090 2166 monet
1117 2134 1195 2167 Zm
1221 2133 1244 2166 8
1270 2135 1444 2179 quantem
1475 2131 1603 2168 Gnar.

151 2196 222 2221 scr.
264 2190 371 2218 uocat
398 2195 421 2218 a
441 2186 520 2218 tert.
539 2194 613 2217 ma.
641 2179 767 2225 ltfeld.
788 2183 824 2216 in
844 2192 924 2217 rus.
1026 2184 1112 2217 607.
1143 2183 1246 2217 Hane
1271 2182 1342 2216 duc
1369 2181 1412 2217 ad
1429 2177 1482 2216 A.
1518 2179 1604 2215 Dux

152 2234 246 2270 hanc
272 2230 366 2269 ΓΣ.
406 2233 487 2268 Due
514 2234 563 2267 ait
588 2230 632 2266 ad
666 2229 717 2267 (D.
770 2231 870 2267 locus
897 2232 962 2267 iste
989 2234 1023 2268 P
1041 2234 1137 2268 314.
1183 2232 1298 2268 silent.
1327 2232 1420 2267 altus
1451 2229 1495 2267 ab
1520 2228 1602 2266 ead.

151 2298 227 2322 ma.
243 2283 425 2332 εῑηριιῑανὶ
443 2282 549 2320 modo
569 2293 662 2320 corr.
675 2280 802 2327 Iifeid.
905 2285 992 2319 608.
1022 2282 1200 2330 Nymphis
1219 2283 1380 2318 internae
1396 2282 1446 2318 N.
1485 2280 1602 2328 Nym-

151 2335 273 2384 pham.
296 2335 386 2370 haec
411 2334 474 2370 inf.
501 2345 554 2381 9⁸
570 2338 656 2368 tres.
695 2331 866 2381 Nympha
886 2331 976 2368 haec
1001 2335 1064 2368 ins.
1097 2337 1142 2368 12
1159 2344 1225 2369 sex
1264 2331 1433 2380 Nauplia,
1456 2330 1602 2387 nimpha

150 2384 217 2431 Ilf.
249 2386 433 2421 DEGr..
515 2387 601 2421 610.
635 2386 709 2427 Ita,
739 2392 828 2427 tum,
856 2382 982 2428 llt'eld.
1010 2385 1136 2420 ΒΗΘ
1154 2381 1290 2420 ²P820
1314 2386 1478 2430 quutuouu
1519 2381 1603 2417 duci

151 2436 411 2483 complacuisse
438 2432 484 2470 Σ.
524 2442 610 2470 tunc
637 2434 729 2482 piac.
754 2432 882 2481 reliqui
907 2437 1034 2483 scripti
1060 2439 1093 2471 et·
1120 2433 1198 2470 edd.
1216 2437 1288 2469 uel.
1330 2433 1507 2480 placuisse
1533 2444 1600 2468 suo
1630 2453 1634 2463 -.
1662 2441 1676 2485 ζ

153 2486 319 2523 BONO
336 2483 377 2521 Ψ
406 2490 438 2521 et
464 2485 616 2534 ειῖἱιμιοίς
648 2486 682 2521 G
700 2496 782 2520 nar.
805 2496 873 2520 scr.
984 2487 1070 2521 611.
1107 2490 1210 2533 parat
1237 2483 1317 2518 huic
1345 2482 1433 2518 uult.
1463 2480 1556 2519 ΑΓ
1576 2483 1601 2518 6
1634 2474 1676 2532 ’μὶ

151 2536 260 2574 (alius.
301 2543 406 2584 parat
434 2543 468 2572 et
497 2535 586 2572 uult.
609 2537 652 2571 Ε.
695 2541 799 2584 parat
825 2535 920 2570 hunc
939 2537 1030 2571 uult.
1057 2547 1077 2571 s
1096 2547 1166 2571 πια.
1189 2545 1243 2581 pr.
1266 2544 1344 2568 εει.
1385 2541 1491 2580 parat
1518 2533 1600 2571 hinc
1654 2520 1668 2558 Α·

149 2598 255 2624 unus.
357 2587 444 2621 612.
472 2586 519 2621 Et
542 2593 639 2621 muto
659 2585 792 2621 frustra
806 2584 867 2621 A.
970 2588 1056 2621 614.
1085 2587 1118 2620 in
1148 2583 1238 2619 aede
1266 2585 1329 2618 iar.
1355 2581 1440 2620 0²1¹
1457 2589 1491 2620 et
1510 2587 1598 2621 uest.

150 2637 205 2675 ed.
307 2637 393 2674 615.
421 2635 556 2672 duxere
583 2635 615 2672 b.
655 2637 732 2682 Sic,
759 2637 894 2683 carist„
921 2635 987 2682 111⁶.
1015 2630 1338 2680 DEGOEI'bl'r3
1365 2646 1389 2682 p
1416 2646 1498 2672 nar.
1525 2645 1595 2672 scr.
