1685 2954
632 96 732 127 me.
770 95 974 127 enmvs
1495 81 1528 127 3

141 202 345 256 Tempora
371 200 578 254 digereret
605 209 700 239 cum
728 195 914 238 conditor
939 195 1063 251 urbis,
1090 195 1132 238 in
1161 208 1266 239 auno

196 266 425 312 Constituit
450 277 618 308 menses
644 264 823 320 quinque
850 263 915 306 bis
942 276 1041 305 esse
1067 276 1157 305 suo.

139 337 313 380 Scilicet
340 346 451 376 arma
478 333 615 388 magis
643 344 764 387 quam
791 330 939 384 sidera,
966 331 1154 386 Romule,
1184 344 1306 376 noras

194 405 385 457 Curaque
413 401 607 443 finitimos
633 401 801 441 uincere
828 399 955 440 maior
983 404 1082 440 erat.
1474 406 1528 442 30

136 473 218 513 Est
244 477 382 511 tamen
412 476 455 510 et
483 470 600 522 ratio,
630 467 802 520 Caesar,
831 479 938 521 quae
966 466 1138 508 mouerit
1165 467 1286 522 illum,

191 538 462 590 Erroremque
490 548 611 577 suum
639 547 720 590 quo
750 540 927 588 tueatur,
951 535 1091 576 habet.

137 604 258 656 Quod
288 605 393 646 satis
422 610 502 658 est,
529 609 646 645 utero
675 603 819 645 matris
847 602 943 645 dum
970 603 1142 657 prodeat
1169 604 1316 657 infans,

190 672 285 713 Hoc
312 685 419 714 anno
448 673 596 714 statuit
624 671 819 725 temporis
847 684 944 713 esse
971 669 1088 714 satis.

135 738 217 780 Per
242 739 413 781 totidem
441 751 610 781 menses
638 752 664 780 a
694 740 836 781 funere
864 740 1055 794 coniugis
1082 751 1185 782 uxor
1476 742 1528 780 35

193 805 385 848 Sustinet
412 808 453 849 in
481 807 606 848 uidua
634 807 767 848 tristia
793 808 916 862 signa
944 808 1077 848 domo.

136 874 255 916 Haec
283 876 408 930 igitur
434 875 538 916 uidit
564 874 740 916 trabeati
769 887 868 915 eura
896 873 1052 925 Quirini

193 942 299 983 Cum
327 942 493 984 rudibus
522 941 684 996 populis
711 953 845 982 annua
875 940 964 981 iura
991 941 1119 982 daret.

134 1009 283 1051 Martis
311 1016 400 1051 erat
428 1009 581 1063 primus
611 1008 786 1049 mensis:
815 1008 1076 1062 Venerisque
1103 1008 1325 1051 secundus.

193 1077 314 1117 Haec
346 1078 513 1131 generis
540 1076 745 1130 princeps,
773 1074 904 1130 ipsius
931 1076 999 1117 ille
1027 1082 1155 1129 pater.
1477 1078 1531 1117 40

134 1144 301 1184 Tertius
328 1156 354 1185 a
382 1145 564 1186 senibus.
599 1143 793 1185 iuuenum
820 1143 874 1184 de
901 1142 1065 1186 nomine
1093 1150 1284 1198 quartus:

190 1208 309 1261 Quae
338 1211 537 1264 sequitur,
566 1223 733 1252 numero
763 1212 881 1252 turba
908 1217 1050 1252 notata
1077 1210 1165 1253 fuit.

133 1277 193 1319 At
219 1278 357 1318 Numa
386 1290 466 1319 nee
492 1278 634 1320 Ianum
661 1292 744 1321 nee
771 1278 906 1321 auitas
933 1280 1131 1333 praeterit
1157 1279 1334 1334 umbraS,

189 1345 411 1386 Mensibus
441 1346 619 1400 antiquis
645 1346 966 1402 praeposuitque
994 1347 1112 1388 duos.

132 1414 202 1456 Ne
229 1419 368 1454 tamen
395 1414 563 1468 ignores
599 1415 799 1456 uariorum
833 1415 922 1456 iura
958 1414 1126 1467 dierum,
1478 1416 1530 1455 45

187 1481 285 1523 Non
308 1481 436 1522 habet
463 1481 589 1522 officii
615 1483 760 1525 lucifer
788 1484 921 1525 omnis
947 1483 1068 1524 idem.

132 1548 204 1590 llle
230 1549 420 1591 nefastus
449 1550 539 1603 erit,
568 1563 643 1605 per
670 1563 793 1606 quem
819 1551 898 1593 tria
924 1551 1051 1593 uerba
1078 1551 1261 1592 silentur.

131 1660 194 1696 27.
221 1659 387 1696 conditor
412 1661 507 1698 orbis
526 1664 577 1699 K.
604 1663 640 1699 in
668 1675 803 1700 annum
830 1662 918 1700 bh8
943 1663 1053 1708 alius,
1078 1662 1245 1713 impressi
1267 1666 1418 1709 ueteres,
1443 1673 1534 1711 quos

79 1708 174 1746 dixi.
278 1713 342 1746 28.
370 1722 450 1747 esse
473 1724 579 1747 suum
605 1712 631 1749 h
655 1713 766 1759 alius,
790 1718 878 1749 uett.
898 1715 1004 1762 impr.
1031 1726 1111 1749 esse
1135 1725 1220 1749 suos
1241 1714 1279 1749 8.
1381 1714 1444 1748 29.
1471 1725 1533 1761 sy-

81 1760 172 1797 dera
202 1762 236 1798 G
262 1772 337 1797 ma.
366 1772 436 1798 rec.
462 1763 603 1798 romule
628 1764 724 1799 nosti
751 1762 815 1799 bm
839 1776 917 1800 ma.
943 1775 998 1812 pr.
1025 1767 1199 1811 (μιαίιιονς
1229 1765 1264 1800 Τ
1285 1773 1369 1799 nar.
1394 1773 1466 1799 scr.

132 1813 193 1846 31.
220 1810 269 1846 Et
295 1817 417 1847 tamen
443 1818 499 1846 est
521 1812 612 1848 ratio
632 1815 753 1848 4041.
793 1813 860 1849 Est
885 1814 1017 1849 etenim
1044 1814 1135 1849 ratio
1158 1825 1207 1850 m.
1248 1824 1343 1862 quae
1369 1817 1534 1849 mouerat

82 1863 182 1898 MN
194 1864 237 1898 Τ.
278 1873 373 1910 quae
400 1868 554 1897 nouerat
582 1874 615 1901 e.
732 1865 794 1900 32.
823 1874 895 1912 qua
923 1869 1070 1899 tueatur
1097 1863 1128 1900 G
1150 1874 1234 1900 nar.
1264 1874 1334 1899 ser.
1387 1869 1533 1900 tueatur

79 1911 176 1948 habe
204 1915 264 1948 11.
395 1912 457 1947 34.
496 1923 575 1947 esse
599 1912 655 1949 sui
680 1911 712 1958 f.
839 1915 901 1949 37.
942 1914 1021 1949 Hoc
1045 1925 1102 1962 95)
1127 1925 1202 1950 nia.
1230 1925 1287 1963 pr.
1313 1924 1455 1950 nouem.

129 1964 192 1999 38.
218 1962 298 1998 iura
324 1961 435 1998 dabat
460 1964 510 1998 M
518 1964 561 1998 N
565 1974 595 1998 e.
699 1964 760 2000 39.
786 1962 914 1999 Martis
938 1964 1075 2013 primus
1102 1970 1180 2000 erat
1205 1976 1319 2000 mens.
1346 1966 1387 2000 K
1414 1966 1476 2002 33.

129 2014 193 2049 40.
224 2013 324 2049 Haec
343 2013 513 2061 princeps
528 2013 670 2061 generis
690 2013 823 2062 ipsiu83
849 2014 927 2063 ipse
947 2021 1050 2063 pater
1070 2011 1117 2051 Σ.
1154 2014 1256 2050 Haec
1273 2014 1392 2063 gentis
1412 2015 1531 2062 princ.

78 2061 111 2100 b.
151 2063 320 2113 princeps
347 2063 441 2099 illius
466 2059 516 2098 A
525 2062 545 2098 b
564 2063 632 2109 403
666 2075 691 2111 p
717 2075 798 2100 aar.
824 2076 894 2101 scr.
936 2065 1105 2114 princeps
1130 2064 1264 2114 ipsius:
1292 2065 1352 2100 ille
1378 2067 1430 2100 K.
1473 2065 1534 2101 ille

77 2112 145 2149 suit
169 2116 213 2150 Τ.
315 2112 378 2150 41.
407 2113 562 2161 ⁷l'erqius
585 2111 723 2150 EGF.
770 2115 914 2150 nomine
934 2128 1025 2151 uuus
1050 2127 1082 2152 r.
1186 2118 1248 2151 42.
1277 2115 1383 2151 turba
1402 2121 1534 2152 uocata

78 2175 110 2203 e.
151 2170 279 2200 notata
305 2176 370 2199 suo
398 2170 453 2199 est
477 2161 509 2210 f.
563 2170 690 2200 notata
714 2177 780 2200 suo
808 2167 857 2201 28
868 2167 931 2201 29.
1034 2166 1096 2202 43.
1124 2165 1188 2202 Ast
1213 2177 1243 2201 e.
1346 2166 1410 2204 44.
1439 2166 1532 2202 anti-

78 2214 158 2263 quis
179 2214 460 2263 postposuitque
473 2216 525 2250 M
534 2226 617 2250 uar.
635 2227 705 2251 scr.
731 2215 886 2264 antiquis
907 2216 1150 2266 apposuitque
1166 2218 1306 2252 61122
1316 2218 1378 2251 23.
1410 2215 1531 2253 Gloss-

78 2266 150 2300 44:
186 2264 242 2301 Ad
263 2265 438 2301 honorem
462 2264 536 2301 iani
558 2265 758 2301 ianuarium
776 2267 957 2315 apposuit.
993 2274 1146 2316 propter
1164 2266 1292 2303 februa
1314 2265 1351 2302 id
1371 2272 1426 2302 est
1443 2278 1533 2316 pur-

81 2315 218 2363 gatoria
243 2327 340 2363 quae
362 2315 456 2351 fiunt
475 2315 523 2351 ad
536 2313 718 2351 honorem
744 2325 970 2353 mortuorum
996 2317 1216 2353 februarium
1244 2317 1426 2365 apposuit.
1465 2327 1532 2353 an-

81 2364 189 2414 tiquis
215 2365 353 2402 addidit
380 2366 439 2402 ille
459 2364 551 2401 duos
576 2377 595 2402 e
612 2364 704 2411 ἄπιος
735 2368 767 2401 Β
786 2368 823 2403 in
840 2369 1004 2415 vvzaryine
1021 2379 1132 2404 manu
1158 2369 1300 2404 recenti.
1333 2367 1455 2404 Gloss.
1477 2369 1532 2403 E:

81 2413 318 2452 Februarium
345 2421 467 2453 tamen
493 2416 528 2451 in
553 2415 626 2452 fine
646 2417 766 2465 posuit
792 2423 831 2452 ut
858 2417 1012 2454 habetur
1037 2418 1073 2454 in
1093 2421 1136 2452 2ο
1155 2418 1258 2454 libro.
1361 2418 1422 2453 45.
1452 2417 1533 2453 Nec

83 2468 202 2501 tamen
229 2465 357 2512 BFfr
381 2478 456 2503 ma.
483 2478 542 2514 pr.
569 2468 734 2514 quinque.
788 2468 966 2503 uariarum
994 2480 1027 2504 r.
1077 2469 1155 2504 iura
1182 2468 1330 2504 deorum
1358 2465 1399 2504 A
1413 2466 1461 2504 T.

83 2513 147 2551 46.
168 2517 243 2560 Ita,
268 2516 391 2563 officii,
417 2514 669 2563 AFKAPf
680 2520 702 2552 3
716 2519 763 2552 10
783 2522 955 2565 quatuom
986 2519 1016 2555 G
1026 2530 1109 2556 aar.
1125 2530 1195 2555 scr.
1215 2518 1371 2554 officium
1390 2517 1529 2566 reliqui.

133 2564 195 2601 47.
222 2566 419 2615 nephastus
446 2564 494 2602 Σ.
538 2567 659 2604 (ilos-s.
685 2566 727 2604 b.-
763 2568 853 2603 Tria
878 2580 1012 2616 genera
1037 2581 1239 2613 causarum,
1266 2569 1531 2615 demonstrato-

85 2612 191 2659 rium,
212 2615 376 2654 iudiciale
396 2624 433 2654 et
451 2617 756 2654 deliberatorium.
798 2619 866 2655 tria
886 2620 1012 2666 uerba,
1032 2620 1245 2664 accusantis,
1263 2618 1531 2668 respondentis,

83 2662 220 2700 iudicis.
260 2666 318 2702 uel
343 2667 406 2716 do,
432 2667 550 2704 indico
577 2674 614 2704 et
640 2668 733 2704 dico.
781 2668 839 2705 uel
867 2670 1017 2705 uerbum
1045 2677 1099 2706 est
1125 2670 1232 2706 trium
1259 2670 1474 2706 litterarum.

1165 2732 1220 2766 l*
