1685 2954
116 87 174 131 90
674 102 1000 137 rneronvm.

173 200 316 256 Surgit
341 206 385 242 et
410 205 594 243 auratum
627 203 778 258 uagina
814 203 960 257 deripit
997 215 1152 258 ensem,

227 270 283 310 Et
309 269 424 309 uenit
447 269 491 309 in
518 269 732 323 thalamos,
762 277 891 324 nupta
916 270 1078 325 pudica,
1108 279 1216 314 tuos.

171 336 313 389 thue
341 341 472 376 torum
499 337 662 391 pressit,
691 338 851 392 ferrum,
879 340 1084 393 Lucretia,
1113 351 1273 382 mecum
1302 346 1382 394 est,

225 403 376 456 Natus,
405 404 473 456 ait,
501 405 612 459 regis
641 406 965 461 Tarquiniusque
994 408 1144 461 loquor.

168 471 242 512 Illa
268 471 376 511 nihil.
414 484 548 525 neque
576 473 684 512 enim
714 485 860 515 uocem
888 475 1078 529 uiresque
1106 475 1310 530 loquendi,
1475 479 1555 517 795

223 539 309 579 Aut
337 539 485 593 aliquid
515 545 603 580 toto
636 547 804 593 pectore
831 542 982 583 mentis
1009 543 1146 583 habet.

168 605 257 646 Sed
285 607 433 658 tremit,
461 613 506 647 ut
533 607 736 660 quondam
767 609 939 649 stabulis
968 609 1173 662 deprensa
1197 610 1352 651 relictis

225 674 360 714 Parua
387 674 463 714 sub
492 673 645 715 infesto
676 687 767 715 cum
795 675 905 716 iacet
935 688 1045 730 agna
1071 677 1178 729 lupo.

169 736 277 790 Quid
306 737 464 781 faciat?
493 738 682 795 pugnet?
709 739 896 782 uincetur
922 743 1072 783 femina
1100 756 1302 796 pugnans.

225 805 417 849 Clamet?
446 814 491 848 at
519 808 558 848 in
587 808 735 849 dextra
764 807 832 862 qui
857 815 986 863 uetet,
1016 809 1130 850 ensis
1155 815 1256 850 erat.
1476 813 1558 848 800

87 891 98 902 ·
167 872 389 928 Effugiat‘e
416 876 562 929 positis
590 874 786 930 urgentur
813 881 982 929 pectora
1010 877 1169 930 palmis,

223 942 342 984 'runc
369 943 538 996 primum
567 949 740 984 externa
767 949 938 997 pectora
967 949 1081 985 tacta
1107 956 1241 984 manu.

165 1009 300 1050 Instat
327 1023 470 1051 amans
498 1011 630 1051 hostis
659 1012 850 1063 precibus
877 1012 1090 1065 pretioque
1117 1010 1338 1065 minisque:

223 1076 318 1117 Nec
344 1089 481 1130 prece,
510 1089 591 1118 nec
618 1080 762 1131 pretio,
792 1091 872 1120 nec
900 1084 1040 1120 mouet
1067 1080 1134 1119 ille
1163 1080 1297 1120 minis.

166 1141 237 1185 Nil
266 1143 372 1198 agis.
410 1145 589 1199 eripiam,
619 1145 734 1199 dixit,
763 1159 836 1200 per
864 1145 1029 1188 crimina
1057 1144 1203 1188 uitam:
1477 1148 1559 1186 805

219 1211 371 1253 Falsus
399 1212 584 1254 adulterii
610 1214 734 1255 testis
763 1213 923 1255 adulter
952 1226 1032 1255 ero.

159 1352 248 1388 791.
283 1353 368 1396 Ita,
402 1357 589 1399 auratum,
622 1352 750 1400 Ilfeld.
766 1354 887 1391 BGm
905 1355 928 1390 8
948 1354 1110 1399 (Heius.)
1130 1356 1175 1390 13
1202 1353 1330 1390 decem.
1380 1357 1510 1390 ornata
1534 1352 1559 1387 7

111 1401 290 1441 tredecim.
335 1409 462 1439 aurata
487 1402 627 1452 reliqui.
673 1405 840 1452 uaginam
869 1407 993 1441 Eme.
1009 1417 1066 1453 pr.
1085 1404 1117 1452 f.
1157 1405 1232 1448 sic,
1259 1403 1406 1452 deripit,
1432 1400 1558 1448 Ilfeld.

112 1453 264 1502 BGmp
282 1454 364 1489 413
378 1455 427 1489 34
453 1452 563 1490 alius.
615 1453 739 1504 diripit
771 1452 861 1492 DA
874 1454 914 1491 T
936 1460 1103 1503 quatuor.
1162 1455 1291 1491 liberat
1317 1453 1456 1502 reliqui.

161 1503 395 1540 792.-‡Venit
425 1510 462 1540 et
495 1504 541 1540 ad
574 1504 661 1541 thal.
691 1507 742 1541 N.
793 1518 876 1543 uen.
912 1506 958 1542 ad
993 1505 1082 1542 thal.
1110 1502 1206 1542 ΒΨ
1229 1506 1393 1553 quinque.
1443 1508 1559 1552 nupta

110 1553 233 1604 puella
259 1566 382 1590 ninia.
398 1566 455 1603 pr.
559 1556 644 1591 793.
674 1555 767 1592 thor.
795 1555 861 1603 Ilf.
882 1553 1083 1593 DEGFr
1099 1555 1149 1592 al.
1191 1567 1305 1604 press.
1335 1565 1475 1590 mecum
1501 1553 1558 1588 lu-

111 1604 223 1640 cretia
255 1606 392 1640 serrum
420 1611 474 1641 est
498 1601 555 1642 II.
605 1606 815 1655 ferrumque
849 1607 937 1643 lucr.
965 1607 1106 1643 AOrs
1131 1605 1260 1642 decem.
1309 1616 1381 1653 que
1407 1602 1559 1639 lucretia

111 1654 203 1691 uidit
228 1658 301 1691 vtes
326 1666 373 1692 ex
396 1657 490 1692 istis.
600 1658 686 1692 794.
726 1659 801 1700 Ita,
827 1657 970 1706 loquor,
996 1653 1174 1693 AFMA
1185 1653 1222 1691 Σ
1229 1654 1302 1701 frs
1329 1656 1498 1702 quinque5
1525 1655 1563 1690 P

109 1717 194 1742 nar.
210 1716 280 1742 scr.
320 1717 392 1754 que
417 1706 496 1742 sero
521 1708 556 1743 F
570 1718 652 1743 uar.
670 1719 739 1744 scr.
780 1719 851 1755 que
878 1719 990 1743 uocor
1014 1706 1141 1754 reliqui
1167 1717 1287 1742 onmes
1312 1709 1346 1741 et
1371 1706 1461 1740 FM
1473 1714 1556 1740 nar.

110 1767 181 1793 scr.
286 1757 374 1792 795.
412 1756 518 1792 nichil
545 1760 664 1793 DEvr.
702 1758 795 1793 enim
825 1758 918 1793 uires
946 1767 1146 1806 uocemque
1171 1754 1233 1793 A.
1283 1767 1394 1792 uoces
1417 1750 1561 1791 DNH

107 1805 178 1854 gh.
280 1808 369 1842 796.
396 1808 516 1856 Atque
541 1808 625 1856 aliq.
653 1805 691 1843 Γ
691 1833 700 1843 .
740 1807 823 1843 Non
852 1808 935 1857 aliq.
963 1809 1111 1844 Μτιαν.
1126 1818 1198 1843 εον.
1240 1812 1317 1842 toto
1339 1816 1494 1854 corpore
1523 1805 1559 1842 G

108 1869 185 1894 ma.
196 1868 252 1906 pr.
269 1869 376 1901 corr„
390 1856 473 1894 duo.
505 1859 633 1894 mentis
653 1863 730 1894 erat
744 1860 807 1906 Py
822 1862 915 1895 octo.
950 1858 1077 1894 mentis
1097 1858 1190 1894 inest
1207 1855 1239 1893 b.
1341 1858 1431 1894 797.
1458 1855 1559 1892 Cou-

109 1909 233 1944 tremit
252 1909 297 1951 G,
320 1911 495 1956 quantum
509 1907 741 1957 leyipoterat.
781 1909 873 1944 Cum
895 1905 935 1943 Φ
951 1920 1033 1945 παν.
1047 1919 1118 1945 sor.
1159 1906 1234 1944 Sed
1252 1906 1374 1943 fremit
1389 1908 1426 1943 8.
1461 1905 1556 1943 stab.

110 1969 326 2007 comprensa
354 1957 384 2004 f.
424 1969 630 2007 compressa
657 1970 759 1995 tenus.
863 1961 949 1995 798.
983 1959 1050 1994 sub
1076 1960 1215 2005 ingesto
1242 1954 1295 1994 A.
1344 1957 1412 1993 sub
1437 1956 1559 2006 impo-

110 2008 180 2045 sito
206 2005 254 2047 Γ.
296 2020 378 2044 cum
404 2010 524 2045 tremit
547 2021 585 2057 9.
625 2021 705 2045 cum
733 2010 822 2046 latet
848 2009 957 2046 alius.
1060 2010 1147 2046 799.
1175 2008 1284 2044 saciet
1314 2010 1503 2056 Emmpr.
1524 2007 1560 2044 0

109 2055 184 2095 Hb
210 2070 351 2096 nouem.
392 2058 529 2096 faceret
557 2062 677 2096 Fma.
697 2072 764 2096 see.
814 2067 952 2110 pugnat
979 2059 1009 2107 f.
1058 2059 1145 2095 fem.
1170 2071 1292 2127 Qigna
1319 2056 1446 2104 Ilfeld.
1478 2059 1558 2094 Bm

110 2109 237 2154 1)812
264 2114 432 2158 quatuor.
533 2112 621 2146 800.
658 2112 717 2160 qui
746 2117 845 2146 uetat
866 2110 1000 2147 DEA
1011 2106 1110 2146 MO
1127 2107 1238 2155 ²1¹..f
1244 2113 1262 2144 1
1291 2108 1454 2145 sedecim.
1494 2106 1556 2156 qui

109 2167 214 2196 necet
231 2171 436 2208 ysmaqm.
462 2164 607 2209 septem.
648 2161 741 2197 ensis
769 2160 871 2197 adest
899 2159 942 2197 Φ
959 2163 1021 2206 1)8
1042 2160 1125 2197 duo.
1228 2162 1314 2197 801.
1342 2152 1562 2206 Effugietl*

109 2207 255 2248 PH³1¹
278 2210 392 2248 decem
413 2215 447 2246 et
467 2215 551 2247 netz.
572 2210 626 2246 ed·-
665 2210 815 2260 Effuget
841 2210 872 2258 f.
917 2218 1066 2260 urgetur
1093 2215 1127 2247 1.
1170 2216 1345 2260 urguetur
1370 2211 1420 2246 E:
1444 2213 1555 2255 neque

109 2262 202 2297 enim
230 2260 333 2298 credo
357 2273 414 2297 me
439 2261 667 2309 neyliyemem
693 2260 820 2307 fuisse.
859 2274 938 2311 pos.
966 2261 1174 2310 iugulentur
1191 2274 1240 2298 m.
1341 2261 1428 2296 802.
1455 2257 1554 2294 Tum

107 2310 231 2356 Ilfeld.
259 2309 353 2348 ΒΨ
360 2310 378 2347 b
389 2324 426 2348 m
451 2311 643 2348 duodecim.
690 2311 798 2347 Nunc
831 2312 861 2349 0
879 2316 927 2348 23
943 2311 1102 2358 (ηιὶηὶηισ
1122 2309 1189 2357 Φ).
1242 2309 1396 2348 extemis
1422 2305 1461 2344 Γ
1476 2319 1551 2343 vm.

109 2372 166 2410 pr.
208 2368 365 2397 extrema
387 2374 492 2398 narius.
534 2369 628 2399 tecta
644 2364 718 2398 FP
733 2360 775 2400 Ψ
785 2361 1002 2410 Tquatuor.
1105 2365 1192 2399 803.
1219 2361 1313 2397 host.
1334 2358 1449 2407 pretio
1470 2369 1554 2406 pre-

107 2411 282 2460 cibusque
308 2409 348 2448 Γ
354 2410 444 2449 ΡΠ
451 2410 539 2450 AB
550 2412 622 2449 Tb
653 2425 780 2450 otonem
809 2417 842 2449 et
870 2418 954 2449 nott.
982 2413 1036 2450 od.
1087 2413 1304 2462 praecioque
1328 2407 1394 2453 lif.
1411 2409 1552 2445 DEG.

106 2473 178 2510 que
203 2462 364 2498 ministro
391 2466 427 2499 8.
533 2465 619 2499 804.
653 2476 776 2512 praec.
805 2462 873 2509 llf.
892 2466 1037 2501 DEG.
1080 2475 1147 2499 nec
1174 2462 1270 2498 ualet
1295 2455 1406 2505 Est·
1421 2460 1467 2494 14
1480 2459 1553 2505 343

112 2512 240 2549 Guar.
259 2523 330 2548 scr.
380 2521 503 2549 mouet
529 2514 588 2550 illa
615 2526 651 2550 m
669 2526 744 2550 rna.
765 2526 822 2563 pr.
878 2514 938 2551 ille
965 2526 1091 2550 manus
1118 2513 1149 2549 b.
1277 2510 1364 2545 805.
1403 2510 1552 2558 eripiam

109 2562 220 2598 uitam
247 2573 314 2611 per
339 2563 439 2600 crim.
467 2564 554 2601 dixit
580 2567 626 2603 E.
673 2564 762 2601 dixit
795 2576 862 2613 pro
897 2565 1044 2601 crimine
1069 2561 1111 2599 A
1118 2560 1200 2610 (92²)
1215 2563 1250 2598 8.
1365 2561 1451 2595 806.
1487 2557 1553 2594 ad-

106 2612 201 2649 ulter
221 2619 314 2700 dai-at
347 2615 394 2650 Β.
444 2613 557 2651 adult.
585 2615 653 2652 erit
679 2614 802 2661 Ilfeld.
818 2627 959 2665 nampr.
976 2627 1012 2651 m
1029 2623 1170 2663 moepr.
1191 2611 1419 2650 rma.sec.8
1445 2610 1554 2659 quin-

104 2673 172 2711 que
196 2674 219 2700 a
