1685 2954
112 91 248 122 cxvm
440 70 443 72 ’
697 89 754 117 m:
785 89 982 118 SAcenms

111 191 188 230 etos
221 188 337 228 dictos
366 189 470 238 prius
503 197 599 225 mvmr
626 187 793 227 Valerios
826 193 861 227 et
892 189 1024 227 Furios
1061 187 1141 226 dici.
1192 186 1273 226 Csr.
1299 186 1374 225 Ou.
1399 189 1490 227 trist.
1517 188 1558 237 5,

111 257 155 303 2,
173 253 235 290 44.
286 250 409 288 Velius
434 248 583 298 Longus
609 249 656 286 de
681 250 844 300 orthogr.
869 262 909 301 p.
922 253 1024 287 2230
1047 250 1090 288 P.
1118 249 1164 288 de
1189 250 1342 288 harena.

214 314 320 351 Seru.
348 310 395 348 ad
422 312 511 347 Aen.
539 312 577 358 4,
598 313 693 350 219:
728 318 865 350 ueteres
890 325 979 350 usas
1005 312 1189 360 dicebant,
1215 317 1340 362 postea
1365 313 1561 349 immutata

113 375 238 414 littera
259 386 279 411 s
303 375 342 410 in
367 384 399 418 r,
427 385 517 411 aras
539 372 720 419 dixerunt,
745 377 838 412 sicut
867 375 1033 412 Valesios
1063 374 1199 419 Valer„
1226 377 1312 411 Fas.
1337 375 1441 419 Fur„
1468 372 1562 420 quod

119 440 240 475 Varro
271 434 363 474 libro
395 436 518 483 quinto
547 446 668 481 rerum
693 435 902 474 diuinomim
927 437 1068 486 plenius
1091 441 1234 473 narrat.
1288 437 1442 472 Necesse
1468 435 1563 470 entim

115 502 198 536 erat
223 509 315 535 aras
340 509 365 533 α
389 494 678 543 sacrificantibus
702 499 824 543 teneri,
851 497 945 545 quod
969 499 1004 533 si
1022 508 1094 534 ποη
1118 497 1231 546 fieret,
1255 497 1325 534 diis
1344 493 1568 542 sacrificatio

114 564 227 610 gyrata
251 571 325 597 non
350 562 452 595 esset.

217 622 256 661 4.
306 620 470 657 Macrob.
495 624 564 656 sat.
593 624 629 667 1,
649 621 687 668 9,
715 633 753 669 p.
774 621 873 656 227:
912 619 1005 656 unde
1029 624 1063 656 et
1099 622 1216 657 Varro
1242 619 1332 658 libro
1360 622 1482 669 quinto
1506 631 1569 655 re·-

115 694 200 721 r‘um
224 682 432 720 diuinarum
456 679 578 719 scribit
598 684 693 719 Iano
713 681 897 718 duodecim
923 693 1015 718 aras
1038 693 1105 730 pro
1131 681 1276 719 totidem
1301 680 1480 718 mensibus
1505 679 1568 716 de-

118 744 277 783 dicatas.
1142 738 1149 743 ’

217 806 256 845 5.
301 805 409 843 Seru.
437 803 483 841 ad
509 804 599 841 Aen.
626 806 665 850 3,
686 804 779 841 134:
816 805 917 841 Sane
937 805 1056 840 Varro
1081 814 1200 840 rerum
1226 803 1434 840 diuinarum
1459 802 1572 849 refert

119 869 213 906 latter
237 871 408 905 sacratas
434 877 525 903 aras
549 864 651 912 focos
676 877 812 914 quoque
836 866 980 902 sacrari
1000 864 1126 912 solere,
1152 870 1194 901 ut
1218 867 1257 901 in
1280 864 1457 913 Capitolio
1475 865 1570 908 Ioui,

120 930 272 972 Iunoni,
307 930 524 972 Mnemeae,
556 939 619 964 nec
644 928 764 963 minus
789 929 826 963 Ξη
851 927 1019 977 plurimis
1044 925 1191 963 urbibus
1215 924 1444 974 oppidisque,
1476 929 1510 961 et
1533 924 1574 961 id,

121 995 199 1028 tam
225 989 362 1038 publice
393 1001 502 1038 quam
526 990 702 1039 priuatim
727 988 840 1026 solere
865 987 964 1035 fieri,
990 987 1112 1034 focum
1138 992 1258 1024 anatem
1285 986 1418 1023 dictum
1444 998 1469 1023 a
1493 985 1574 1033 foui

121 1056 163 1089 ut
188 1050 342 1089 colinam
368 1050 413 1088 ab
439 1063 497 1095 eo,
524 1049 618 1100 quod
643 1049 691 1086 ibi
716 1051 811 1098 ignis
837 1049 997 1097 colatur,
1023 1061 1085 1086 nec
1111 1049 1214 1086 licere
1237 1048 1296 1085 uel
1319 1050 1487 1098 priuata,
1513 1047 1575 1084 uel

122 1112 267 1165 publica
290 1124 401 1150 saera
425 1114 504 1150 sine
529 1112 612 1159 foco
635 1110 728 1159 fieri.

223 1177 260 1211 6.
309 1175 417 1212 Seru.
443 1173 490 1210 ad
519 1176 607 1210 Aen.
635 1176 674 1220 8,
695 1174 789 1209 363:
828 1175 949 1210 Varro
974 1174 1067 1209 enim
1093 1172 1302 1210 diuinarum
1326 1171 1388 1208 lib.
1403 1174 1466 1209 IV
1489 1171 1574 1221 [leg.

128 1237 183 1281 V]
212 1237 390 1273 Victorem
407 1235 596 1271 Herculem
615 1239 723 1285 putat
741 1233 874 1271 dictum
895 1233 988 1283 quod
1013 1247 1115 1271 omne
1137 1247 1252 1283 gemas
1278 1233 1492 1271 altimulium
1512 1232 1576 1269 de-

124 1298 196 1336 cios
220 1298 357 1333 uicerit.
409 1296 549 1333 Eadem
576 1296 739 1334 Maerob.
766 1302 836 1335 sat.
866 1299 902 1340 3,
925 1298 962 1340 6,
989 1309 1027 1346 p.
1048 1299 1142 1344 397,
1170 1297 1235 1332 nisi
1262 1295 1359 1346 quod
1388 1295 1577 1331 molestam

125 1370 255 1396 uocem
281 1357 395 1396 decies
419 1359 562 1396 omittit.

228 1420 388 1467 Sacella,
413 1420 484 1457 hoc
510 1427 577 1464 est,
603 1425 645 1456 ut
671 1419 715 1456 C.
737 1419 934 1456 Trebatius
962 1418 1058 1468 apud
1084 1419 1242 1456 Gellium
1269 1420 1308 1466 6,
1325 1422 1372 1455 12
1398 1417 1577 1466 definiuit,

127 1483 198 1520 loci
222 1483 327 1532 parui
360 1482 430 1518 deo
460 1483 592 1519 sacrati
626 1494 707 1518 cum
745 1481 816 1516 aris
847 1487 1177 1518 commemorantur
1212 1480 1310 1531 apud
1338 1479 1510 1517 Ouidium
1540 1484 1578 1527 1,

128 1546 221 1591 257,
237 1545 327 1592 258,
347 1545 442 1591 27⁵3
468 1543 554 1580 ibid.
570 1544 666 1590 5813
693 1543 779 1579 ibid.
799 1545 893 1590 6293
920 1543 1005 1580 ibid.
1023 1545 1117 1590 ⁷093
1143 1547 1183 1590 2,
1201 1545 1290 1590 670,
1307 1544 1402 1590 6813
1430 1546 1468 1590 3,
1484 1543 1578 1590 83⁷3

129 1607 169 1655 5,
189 1609 284 1653 1303
311 1608 349 1654 6,
367 1605 460 1653 3503
487 1605 572 1641 ibid.
591 1607 677 1649 791,
705 1605 751 1642 de
779 1605 907 1655 quibus
935 1605 1060 1641 ordine
1086 1611 1301 1654 exponetur.

231 1668 289 1705 De
302 1667 395 1704 Iani
416 1667 549 1703 sacello
566 1666 705 1703 Sachsii
722 1672 759 1703 et
775 1667 938 1703 Caninae
959 1667 1145 1717 opiniones
1167 1666 1251 1702 uide
1270 1667 1305 1701 in
1325 1677 1449 1701 eorum
1469 1664 1580 1710 libris,

132 1728 249 1767 deser.
275 1729 357 1766 urb.
385 1728 457 1764 Ro.
486 1732 524 1775 1,
551 1741 589 1777 p.
613 1730 683 1775 98,
720 1728 766 1765 de
798 1727 880 1764 soro
907 1729 975 1765 Ro.
1005 1741 1043 1777 p.
1065 1732 1128 1765 22.
1190 1726 1380 1763 Niebuhrii
1413 1726 1582 1763 iudicium

131 1790 202 1832 hoc
225 1790 309 1838 fuit,
335 1789 418 1826 hist.
435 1789 506 1825 Ro.
537 1793 571 1836 1,
601 1803 637 1838 p.
656 1791 752 1824 324:
778 1789 854 1824 Iani
882 1790 1056 1838 templum
1082 1791 1190 1825 situm
1219 1788 1329 1824 fuisse
1355 1787 1474 1824 medio
1500 1787 1582 1824 loco

131 1853 227 1889 inter
253 1850 478 1896 Quirinalem
505 1856 542 1886 et
567 1850 772 1887 Palatinum
800 1857 958 1887 montem
991 1858 1144 1901 propter
1166 1851 1263 1886 uiam
1289 1862 1442 1886 sacram.
1494 1850 1583 1887 Eius

134 1913 337 1951 sententiae
370 1918 585 1959 argumenta
619 1911 763 1948 uidetur
796 1918 941 1948 secutus
976 1924 1056 1949 esse
1089 1911 1235 1949 haecce.
1291 1912 1411 1950 Varro
1438 1918 1584 1962 portam

135 1976 345 2021 Ianualem,
381 1974 452 2009 hoc
486 1979 542 2010 est
577 1985 660 2010 eum
696 1973 840 2020 ianum,
874 1985 991 2022 prope
1021 1986 1130 2023 quem
1158 1973 1292 2011 Ouidio
1326 1980 1419 2010 teste
1447 1977 1484 2021 1,
1511 1974 1586 2010 257

136 2037 215 2073 lani
241 2036 413 2072 sacellum
438 2034 521 2083 fuit,
549 2036 584 2071 in
614 2035 841 2072 uetustissimi
867 2033 995 2070 Palatii
1023 2036 1172 2072 circuitu
1198 2035 1309 2072 fuisse
1335 2041 1460 2071 narrat
1485 2035 1532 2072 de
1557 2035 1583 2072 1.

136 2099 163 2137 l.
190 2098 230 2146 5,
251 2098 336 2134 165.
388 2096 486 2133 Idem
514 2098 647 2134 ibidem
676 2099 698 2144 §
722 2097 793 2132 156
820 2096 993 2132 Lautolas
1020 2109 1136 2146 prope
1162 2098 1286 2133 Ianum
1314 2099 1585 2142 commemorat,

137 2171 230 2208 quas
266 2171 346 2194 cum
374 2158 509 2195 Paulus
534 2159 637 2195 Diae.
665 2172 703 2209 p.
732 2161 820 2205 118,
845 2160 867 2194 5
902 2163 1010 2194 extra
1040 2158 1170 2195 Vrbem
1201 2164 1338 2207 ponat,
1371 2157 1586 2194 intellexisse

137 2221 306 2259 Verrium
326 2220 498 2256 Flaccum
525 2221 651 2257 urbem
679 2222 824 2259 Romuli
851 2227 948 2256 recte
975 2221 1158 2270 perspexit
1183 2219 1391 2256 Muellerus.
1444 2218 1587 2256 Deinde

140 2281 286 2318 easdem
322 2281 497 2318 Lautolas
532 2282 599 2318 sub
636 2282 776 2318 Carinis
813 2281 922 2318 fuisse
969 2288 1122 2318 testatur
1158 2281 1307 2318 Seruius
1343 2280 1391 2316 ad
1423 2281 1524 2331 Aen..
1546 2284 1586 2328 8,

140 2344 236 2390 361,
262 2343 323 2379 ubi
347 2343 442 2379 inter
467 2343 554 2379 alias
580 2355 691 2393 super
716 2343 904 2380 lautorum
936 2344 1152 2381 Ourima-mn
1178 2343 1422 2391 appellatione
1447 2343 1588 2392 opinio-

141 2416 206 2441 nes
241 2404 335 2439 hanc
372 2404 500 2441 tradit:
540 2405 618 2442 Alii
650 2403 743 2454 quod
776 2407 938 2443 Romani
972 2405 1119 2442 Sabinis
1156 2403 1375 2441 instantibus
1410 2403 1589 2452 fugientes

141 2467 325 2515 eruptione
351 2477 469 2514 aquae
497 2466 672 2513 fer-uentis
696 2470 730 2502 et
755 2468 828 2516 ipsi
852 2466 994 2505 liberali
1018 2472 1052 2503 et
1077 2466 1194 2503 hostes
1220 2465 1266 2503 ab
1293 2465 1505 2514 insequendo
1529 2477 1589 2502 re-

141 2529 257 2577 pressi
283 2554 293 2563 .
311 2554 320 2563 .
339 2554 349 2563 .
368 2552 379 2563 .
407 2530 490 2574 quia
525 2528 646 2565 calida
680 2540 779 2576 aqua
813 2528 987 2566 lavandis
1018 2527 1225 2565 ‹melneribus
1251 2532 1342 2577 apta
1366 2527 1458 2575 fuit,
1492 2526 1591 2564 locus

144 2588 332 2626 Lautulas
359 2589 563 2638 appellatus
589 2595 654 2628 est.
706 2591 796 2627 Eam
824 2592 1155 2641 interpretationem
1184 2590 1337 2639 primum
1369 2601 1436 2639 per
1460 2601 1500 2626 se
1524 2589 1590 2625 mi·

146 2649 241 2687 nime
266 2657 489 2700 suspectam,
515 2658 578 2689 aut
597 2653 734 2702 optimo
755 2653 886 2702 quouis
913 2660 1038 2690 uetere
1060 2652 1294 2702 grammatico
1320 2650 1502 2700 indignam
1525 2649 1591 2687 ha-
