1685 2954
589 105 690 136 mn.
721 104 961 142 varvs
1422 89 1505 135 245

171 209 343 261 Auctor,
372 213 415 249 et
443 206 587 248 ulcisci
614 219 765 247 numen
795 212 1011 258 utrumque
1039 217 1160 259 paroz

112 269 374 329 Marsjades
403 280 446 315 et
473 275 581 315 satia
612 276 816 316 scelerato
845 274 1048 326 sanguine
1079 274 1239 325 ferrum,
1421 275 1501 313 575

169 345 348 396 Stetque
377 342 492 382 fauor
520 354 648 383 causa
678 355 750 396 pro
779 341 945 382 meliore
974 346 1082 381 tuus.

115 411 290 464 Templa
318 410 426 450 feres
454 413 499 448 et
526 422 593 450 me
620 411 776 451 uictore
804 407 1020 448 uocaberis
1047 408 1178 449 Vltor.

171 478 369 518 Vouerat.
408 481 451 516 et
479 475 572 516 fuso
599 477 737 516 laetus
767 475 819 515 ab
848 476 970 515 hoste
999 474 1115 516 redit.

115 546 209 587 Nec
239 543 342 585 satis
371 548 439 583 est
466 544 667 585 meruisse
695 543 825 585 semel
855 542 1100 596 cognomina
1127 543 1271 584 Marti:

167 608 430 664 Persequitur
457 610 601 651 Parthi
628 611 751 665 signa
777 615 940 651 retenta
967 622 1099 651 manu.
1422 613 1503 651 580

110 678 230 721 Gens
255 679 332 719 fuit
359 683 403 719 et
432 679 588 731 campis
618 685 663 719 et
691 679 811 732 equis
839 683 884 719 et
912 683 1002 719 tuta
1030 678 1211 733 sagittis,

163 747 221 787 Et
251 744 508 787 circumfusis
536 745 645 786 inuia
672 746 915 786 fluminibus.

111 813 368 855 Addiderant
397 814 554 854 animos
583 813 826 855 Crassorum
855 814 997 855 funera
1023 815 1152 868 genti,

167 881 272 922 Cum
301 882 420 935 periit
449 883 580 934 miles,
609 881 826 934 signaque,
854 880 1020 934 duxque
1047 881 1178 922 simul.

107 947 262 1002 Signa,
300 948 430 990 decus
459 947 573 1002 belli,
600 947 780 989 Parthus
807 948 995 989 Romana
1024 948 1205 1000 tenebat,
1419 950 1500 988 585

163 1017 458 1071 Romanaeque
483 1015 645 1070 aquilae
674 1015 845 1070 signifer
872 1015 1009 1058 hostis
1037 1019 1139 1056 erat.

107 1084 231 1137 Isque
258 1083 388 1136 pudor
415 1085 639 1125 mansisset
665 1082 814 1137 adhue,
842 1084 922 1125 nisi
949 1080 1127 1125 fortibus
1153 1079 1277 1125 armis

164 1150 363 1193 Caesaris
390 1152 603 1193 Ausoniae
630 1155 943 1205 protegerentur
972 1162 1086 1204 opes,

102 1261 190 1298 574.
217 1260 329 1298 Actor
359 1259 466 1300 ΦΛ.
516 1264 656 1301 ulscisci
686 1266 732 1302 G.
778 1275 911 1300 nomen
940 1268 1010 1299 utr.
1042 1257 1498 1300 CGAMNHma.sec.

56 1311 408 1361 Tesymsma-sec.
423 1313 474 1349 44
500 1313 615 1350 decem
641 1314 720 1351 edd.
740 1314 827 1351 Am.
846 1313 948 1350 Med.
1052 1313 1140 1350 575.
1166 1312 1262 1349 sacia
1288 1309 1424 1348 EGP.
1463 1318 1500 1348 et

51 1363 167 1400 sacies
193 1364 244 1399 D.
291 1368 360 1400 sat.
390 1363 572 1401 celebrato
597 1376 634 1401 m
646 1376 721 1402 ma.
735 1376 790 1413 pr.
837 1364 972 1400 ferram
998 1374 1177 1412 rma.pr.
1281 1363 1368 1398 576.
1394 1361 1501 1399 fanos

50 1424 235 1461 rma.pr.
337 1413 424 1450 577.
452 1414 583 1451 Thura
607 1414 676 1452 fer.
706 1417 740 1451 B
756 1411 836 1452 GH
860 1413 943 1452 duo.
991 1414 1087 1451 Tela
1110 1415 1179 1452 fer.
1204 1410 1300 1450 EM
1313 1410 1499 1461 ²P'9rma.

50 1476 109 1513 pr.
125 1465 210 1500 410
220 1465 329 1500 3344
353 1469 448 1509 ooto;
471 1476 592 1513 puar.
607 1477 677 1502 scr.
726 1466 914 1502 uocaberis
941 1465 1057 1501 uictor
1081 1467 1127 1501 E.
1178 1464 1357 1500 uocabere
1384 1463 1500 1499 uictor

49 1526 71 1552 r
87 1525 236 1562 nto-pr.
337 1515 425 1551 578.
459 1523 496 1551 et
522 1528 604 1552 ceso
631 1515 830 1553 bnanscr.
870 1515 952 1552 fuso
979 1516 1095 1551 uictor
1121 1515 1167 1550 ab
1193 1514 1217 1559 f
1238 1513 1323 1551 duo.
1361 1520 1439 1550 oste
1464 1525 1498 1551 r.

50 1564 158 1601 hoste
182 1564 282 1600 uenit
307 1562 355 1601 Γ.
394 1563 499 1602 hoste
524 1566 607 1602 tulit
632 1568 695 1603 29.
797 1567 885 1604 579.
913 1566 998 1602 Non
1024 1566 1110 1602 satis
1128 1562 1177 1602 Γ.
1217 1571 1273 1601 est
1298 1564 1500 1600 meminisse

49 1615 124 1651 mei
149 1614 220 1659 (Ζ)
252 1626 357 1663 cogn.
385 1617 507 1652 matris
537 1629 665 1652 πιπια.
684 1628 741 1664 pr.
798 1623 855 1653 est
887 1617 1090 1653 meminisse
1120 1617 1176 1652 sui
1209 1627 1314 1663 cogn.
1348 1627 1370 1651 e
1390 1626 1500 1651 imus.

51 1665 225 1701 meruisse
251 1665 311 1708 sui
340 1677 446 1713 cogn.
468 1664 824 1704 DGFOHAs22
835 1668 884 1702 29
895 1669 945 1703 44
962 1666 1097 1711 decem,·
1128 1667 1383 1703 GM=uar.scr.
1421 1677 1499 1701 me-

52 1715 166 1751 ruisse
185 1714 269 1750 satis
296 1726 400 1763 cogn.
422 1717 455 1750 B
469 1714 616 1762 GFfflf
633 1717 717 1754 duo.
758 1718 929 1753 meruisse
953 1718 1019 1753 sibi
1047 1729 1153 1764 cogn.
1171 1718 1214 1752 N
1217 1719 1498 1753 PTmma-sec.

50 1768 109 1803 νδ
135 1764 300 1802 tredecim
325 1769 358 1800 et
383 1770 470 1801 uett.
487 1765 560 1810 εὼς
586 1769 636 1802 M
644 1779 845 1815 puar.scr.
888 1768 1062 1803 meruisse
1087 1766 1233 1815 quidem
1260 1778 1364 1814 cogn.
1382 1763 1433 1802 A
1440 1779 1452 1812 ;
1478 1765 1499 1801 b

50 1827 222 1853 πων-,3οη
267 1815 440 1852 meruisse
467 1817 544 1851 uiro
571 1829 675 1865 cogn.
708 1815 807 1864 ³1¹1>9
832 1821 906 1853 tres
915 1830 926 1861 ‚·
959 1819 1218 1853 FMuar.sor.
1270 1828 1375 1864 cogn.
1402 1827 1500 1851 mar-

53 1872 127 1903 tem
151 1877 260 1903 unus.
305 1877 409 1914 cogn.
425 1867 537 1915 patris
562 1878 670 1903 unus.
709 1867 831 1902 martis
857 1868 987 1903 caeteri
1010 1870 1154 1914 praeter
1179 1869 1215 1902 D
1238 1868 1275 1902 in
1294 1878 1371 1903 ras.
1392 1878 1413 1902 r
1433 1867 1500 1913 29,

52 1928 143 1965 quos
158 1927 231 1964 seq.
268 1915 390 1953 Gloss.
409 1919 465 1953 D.-
490 1916 575 1952 Non
600 1917 685 1953 satis
712 1924 766 1953 est
785 1918 889 1952 marti
913 1917 1085 1954 meruisse
1111 1917 1326 1965 cognomina
1351 1916 1408 1952 sui
1431 1927 1499 1965 per

52 1978 165 2016 supra
191 1967 299 2003 dicta.
345 1965 410 2002 sed
437 1967 544 2003 etiam
578 1980 644 2016 per
670 1967 832 2017 parthos.
874 1967 943 2003 Vel
978 1979 1049 2002 non
1075 1967 1160 2002 satis
1187 1973 1241 2003 est
1268 1967 1379 2002 cesari
1406 1979 1496 2002 mer.

53 2030 160 2065 cogn.
185 2029 251 2053 suo
279 2017 385 2052 marti
411 2018 434 2053 l'
461 2018 516 2053 sui
541 2018 677 2054 martis.
713 2018 788 2055 scil.
815 2016 913 2066 quod
940 2016 1107 2066 dignatus
1134 2024 1188 2054 est
1214 2018 1260 2053 ab
1286 2029 1330 2053 eo
1355 2017 1405 2053 sic
1432 2030 1498 2053 uo-

51 2067 139 2103 cari.
240 2068 328 2103 580.
355 2067 592 2117 Prosequitur
610 2065 647 2104 E
652 2064 702 2104 A
708 2066 752 2103 N
761 2065 837 2104 Om
848 2080 921 2104 ma.
934 2079 1033 2104 sec.s
1050 2079 1127 2104 sex.
1167 2067 1285 2117 parthi
1303 2069 1341 2103 in
1355 2079 1431 2104 ras.
1446 2080 1496 2104 m.

51 2116 192 2167 parthis
214 2116 291 2154 CA
302 2118 386 2152 410
396 2120 443 2153 33
463 2123 630 2166 quatuor.
671 2119 784 2168 partis
807 2117 837 2164 f.
879 2120 974 2167 parti
996 2115 1092 2154 DQ).
1131 2125 1199 2154 ret.
1228 2130 1356 2153 manus
1377 2130 1496 2154 mma.

50 2180 109 2219 pr.
210 2169 298 2204 581.
327 2168 428 2204 Gens
454 2170 492 2204 in
516 2181 595 2206 ras.
616 2182 663 2205 m.
710 2176 748 2205 et
774 2169 875 2218 aquis
907 2166 958 2205 Ψ.
1059 2170 1147 2206 582.
1182 2168 1419 2204 circumfussis
1449 2171 1496 2204 D.

0 2242 1 2245 =
51 2217 214 2255 circums.
243 2219 352 2254 ianua
379 2218 478 2255 flum.
509 2232 545 2268 p.
593 2219 754 2256 circumf.
783 2219 946 2267 undique
971 2218 1071 2255 fium.
1099 2222 1134 2254 D
1161 2224 1246 2255 tres.
1294 2219 1436 2254 falmin.
1462 2221 1498 2254 E

50 2281 127 2306 nra.
145 2281 202 2318 pr.
314 2270 402 2305 583.
436 2269 485 2306 Et
518 2269 694 2317 dederant
727 2282 786 2306 an.
815 2271 858 2305 N
880 2274 965 2305 tres.
1026 2269 1324 2317 Addiderantque
1358 2281 1417 2304 an.
1444 2271 1494 2305 D.

53 2330 254 2357 crassorum
276 2320 421 2356 nomina
440 2332 476 2368 g.
500 2317 851 2369 OEHma.pr.b4l;
879 2322 929 2356 M
936 2331 1019 2356 aar.
1031 2332 1103 2356 scr.
1139 2331 1342 2355 crassorum
1360 2325 1396 2355 et
1415 2318 1495 2354 fun.

52 2380 85 2406 s.
122 2370 239 2418 gentis
265 2369 295 2415 f.
400 2371 486 2406 585.
513 2370 626 2419 Signa
645 2370 744 2406 ducis
766 2371 876 2407 BGE
885 2369 1026 2416 FPTf
1028 2383 1050 2419 p
1062 2373 1166 2407 r333
1176 2371 1225 2405 44
1239 2369 1354 2405 decem
1370 2373 1404 2404 et
1415 2368 1494 2406 edd.

52 2430 145 2456 saec.
166 2432 251 2467 xv3
275 2417 369 2456 HA
383 2433 464 2457 παν.
481 2432 552 2457 scr.
598 2420 712 2469 Signa
738 2420 920 2469 ducesque
946 2423 996 2456 M
1006 2432 1088 2457 aar.
1105 2432 1178 2457 scr.
1229 2419 1312 2455 duc.
1343 2419 1436 2455 bello
1463 2422 1499 2455 E

53 2468 143 2515 fort.
168 2483 242 2508 ma.
260 2483 329 2507 seo.
349 2470 373 2517 f
393 2470 470 2507 edd.
494 2473 571 2511 Vis.
594 2473 681 2507 Ven.
726 2471 810 2507 duc.
837 2471 939 2507 miles
965 2473 1009 2507 P.
1053 2470 1133 2507 dec.
1161 2470 1263 2506 miles
1288 2469 1370 2506 duo.
1413 2469 1493 2506 dec.

55 2519 206 2568 parthus
232 2521 315 2557 belli
341 2520 424 2558 duo.
526 2522 613 2557 586.
640 2532 712 2570 que
730 2533 800 2558 om.
815 2524 936 2558 Ema.
951 2533 1008 2569 pr.
1045 2521 1235 2557 Romanae
1259 2520 1376 2569 gentis
1400 2520 1493 2569 sign.

53 2579 74 2606 s
89 2580 163 2606 ma.
180 2582 237 2618 pr.
262 2570 345 2608 duo.
384 2572 642 2620 Romanasque
667 2572 806 2620 aquilas
831 2572 923 2620 sign.
951 2572 1046 2608 host.
1073 2571 1184 2608 habet
1206 2573 1258 2607 M
1271 2582 1353 2608 nar.
1372 2582 1445 2608 εον.
1483 2577 1487 2579 ’

103 2619 194 2656 587.
228 2620 333 2669 Isque
367 2622 516 2672 (pudor
539 2633 614 2660 uta.
640 2633 710 2659 sec.
737 2633 818 2670 sup.
846 2621 936 2667 lin.)
968 2620 1135 2668 durasset
1168 2620 1286 2659 adhuc
1319 2623 1366 2659 E.

104 2670 192 2708 588.
226 2672 379 2710 ausoniis
409 2675 452 2711 Τ.
490 2678 596 2723 prote
621 2675 767 2722 g’untur
794 2672 814 2709 b
832 2684 906 2710 ηια.
923 2683 980 2722 pr.
