1685 2954
109 46 367 80 ccnxxxvm
635 84 640 90 ,
736 47 914 80 comens

109 147 194 186 dem
222 148 305 186 libri
337 147 428 185 sexti
454 157 491 185 u.
510 149 584 186 303
604 147 720 198 nibil,
754 156 796 187 ut
825 156 942 200 puto,
975 149 1113 200 culpari
1145 155 1266 200 potest
1296 150 1332 188 in
1365 151 1545 201 scriptura

108 209 263 247 fidorum
305 210 503 258 librorum,
540 216 581 247 ut
614 211 871 248 transeundum
914 211 961 248 sit
1000 211 1048 249 ad
1083 211 1267 260 uulgarem
1303 211 1544 250 Vrsinianam.

107 269 297 309 Postremo
323 268 419 308 idem
444 270 502 308 hic
527 272 618 309 liber
641 273 793 310 testibus
817 273 996 310 Politiano
1030 274 1067 310 iu
1102 272 1244 310 schedis
1272 278 1310 308 et
1337 272 1482 310 Heinsio
1506 274 1544 311 in

108 332 344 370 annotatione
377 332 552 383 impressa
578 334 725 383 elegans
758 334 897 371 initium
930 335 1010 372 libri
1043 333 1187 384 septimi
1220 333 1394 369 fastorum
1421 333 1544 374 tradit.

109 394 183 438 Qui
208 405 290 430 cum
316 406 361 431 eo
385 395 591 445 saepissime
615 399 864 444 consentiunt,
890 396 1179 433 Zulicliemianus
1204 401 1241 431 et
1265 394 1545 442 Mazarinianus,

107 466 180 492 non
210 455 297 492 satis
322 462 441 493 certus
465 468 567 505 sum,
595 464 714 494 utrum
741 466 824 508 post
849 458 1162 508 interpolationem
1188 456 1284 492 illam
1310 455 1546 506 longobardi-

107 527 187 553 cam
212 515 335 554 denuo
359 519 431 555 sint
455 519 674 568 interpolati,
702 532 748 556 an
770 532 851 556 cum
877 520 954 566 illo,
984 520 1084 555 cuius
1111 518 1240 554 omissa
1265 518 1313 554 sit
1337 517 1546 564 auctoritas,

107 578 326 629 conspirent.
371 579 574 630 Vtrumque
599 583 693 617 euim
713 581 790 618 fieri
818 581 950 630 potuit.
987 579 1071 618 Lib.
1090 582 1129 626 2,
1145 582 1218 615 110
1246 578 1430 616 Threicius
1455 577 1547 622 olor,

105 639 156 676 ib.
183 641 260 678 274
289 639 439 687 Cyllene,
474 642 523 678 ib.
550 642 624 677 499
650 641 759 678 nubes
783 653 959 690 crepuere,
993 641 1042 677 ib.
1070 642 1144 677 725
1171 639 1255 676 dum
1280 652 1347 677 nos
1372 637 1546 686 difficilis,

107 702 146 750 ⁴,
165 703 213 738 83
245 704 341 750 Eryo
365 714 428 750 eyo
455 706 532 738 tam
559 702 660 750 longe
686 703 870 752 multaque
890 702 959 738 alia
978 707 1135 750 utroque
1161 701 1198 736 in
1223 702 1317 737 libro
1336 701 1443 749 plane
1462 705 1547 736 sunt

105 763 304 801 consimilia
327 763 569 813 superioribus
596 763 662 800 illis
682 761 865 799 Vrsiniani
890 768 928 798 et
953 761 1151 798 eorundem
1171 762 1354 811 scripturis
1371 763 1547 806 Rumina,

109 825 311 873 Viti-sator,
346 837 415 874 quo
441 825 613 863 tenearis.
664 823 931 861 Mazarinianus
959 829 1078 859 tamen
1115 833 1137 858 a
1161 822 1449 867 Zulichemiano‚
1485 822 1548 872 qui

105 890 144 924 et
168 887 246 936 ipse
281 886 412 923 ibidem
438 886 675 935 interpolatus
703 892 777 930 est,
811 885 961 922 desciuit
986 883 1034 920 ad
1061 882 1292 920 Arundeliani
1318 889 1355 920 et
1382 883 1548 920 Vossiani

105 953 243 984 sectam
277 950 314 996 1,
331 948 408 983 474
442 946 554 983 dabat
587 959 673 984 nero
709 949 876 984 carmina
905 945 1032 996 plena,
1067 949 1107 992 2,
1126 946 1218 981 4702
1251 956 1319 994 pro
1354 957 1422 994 quo
1453 955 1549 982 niune

105 1008 275 1058 dignum,
308 1007 356 1045 ad
383 1006 471 1045 alios
501 1012 538 1055 l,
560 1010 633 1046 395
657 1009 765 1057 9elidi
791 1009 925 1055 lycaei,
958 1013 995 1043 et
1020 1006 1209 1056 aliquoties
1237 1011 1275 1054 3,
1288 1007 1388 1054 6863
1413 1005 1452 1053 5,
1472 1006 1548 1042 309

104 1070 154 1107 ad
180 1069 333 1106 alteram
358 1068 552 1106 factionem
579 1069 766 1119 Italicam,
801 1071 848 1107 de
872 1081 945 1119 qua
972 1068 1067 1104 infra
1093 1068 1256 1115 dicetur,
1287 1067 1385 1117 quod
1410 1067 1446 1103 in
1473 1073 1572 1103 tam*

104 1131 241 1169 recenti
266 1131 358 1167 libro
384 1143 457 1167 non
483 1136 538 1167 est
564 1130 828 1168 admirandum.
875 1129 1016 1168 Verum
1043 1135 1266 1166 ueteratores
1292 1129 1373 1166 illos
1388 1128 1550 1164 Vrsinia-

106 1205 194 1231 num
219 1199 256 1229 et
281 1191 593 1233 Zulichemianum
618 1194 772 1230 maxima
799 1205 880 1229 cum
906 1193 1074 1228 cautione
1100 1191 1209 1227 fuisse
1235 1189 1462 1240 usurpandos
1488 1200 1548 1225 sa·

104 1255 150 1292 tis
174 1266 258 1292 reor
271 1266 330 1291 me
349 1253 563 1302 ostendisse,
590 1266 809 1304 quamquam
828 1253 1086 1305 spoponderim
1114 1258 1259 1302 praeter
1284 1251 1382 1287 locos
1409 1262 1546 1287 memo-

104 1318 194 1354 riter
223 1327 246 1353 a
279 1327 338 1353 me
370 1316 534 1366 prolatos
571 1316 703 1352 alteros
739 1315 888 1353 totidem
923 1318 1110 1352 inuentum
1146 1315 1189 1350 iri
1223 1313 1258 1349 in
1292 1313 1545 1349 annotatione:

103 1378 193 1416 utile
221 1378 349 1427 putaui
380 1377 606 1414 calidioribus
638 1377 766 1414 harum
801 1390 920 1415 rerum
953 1376 1244 1413 aestimatoribus
1280 1373 1413 1424 aliquid
1446 1372 1545 1423 quod

104 1446 255 1490 agerent
280 1439 445 1490 relinqui.
496 1438 572 1476 Sed
606 1438 751 1476 eosdem
783 1439 894 1476 libros
922 1450 1042 1475 nonne
1074 1444 1218 1474 secutus
1246 1448 1348 1483 sum,
1384 1434 1545 1470 Vrsinia-

104 1514 192 1540 num
219 1503 258 1549 4,
277 1502 376 1550 295,
416 1500 726 1538 Zulichemianum
752 1503 791 1547 2,
811 1501 905 1548 7393
931 1501 971 1549 5,
987 1502 1036 1536 77
1073 1506 1110 1536 et
1144 1499 1316 1536 similibus
1351 1503 1545 1545 utrumque

104 1564 190 1603 alibi
213 1564 248 1600 in
274 1560 565 1600 discriminibus?
601 1562 752 1609 Fateor,
781 1567 818 1598 et
843 1562 960 1612 ipsum
984 1561 1076 1598 adeo
1101 1560 1384 1599 Mazarinianum
1410 1561 1450 1605 2,
1470 1558 1548 1594 229

105 1638 151 1663 ac
172 1625 284 1662 semel
309 1625 411 1661 bisne
436 1630 640 1674 praeterea.
692 1624 755 1672 Et,
782 1623 915 1671 fateor,
941 1624 1042 1659 nimis
1068 1622 1228 1658 fortassis
1254 1619 1469 1668 suspiciosus
1492 1617 1547 1656 sui

105 1689 143 1726 in
169 1686 368 1725 eorundem
392 1686 576 1735 scripturis
603 1689 642 1733 2,
662 1686 737 1723 592
764 1690 906 1722 uestrae
930 1686 1071 1734 prima,
1109 1694 1204 1732 quae
1237 1681 1390 1719 fortasse
1414 1680 1483 1717 suit
1507 1681 1547 1718 in

105 1748 309 1795 llfeldensi,
345 1750 381 1792 3,
399 1749 474 1784 294
499 1746 636 1790 emeda,
670 1748 709 1794 ὁ,
732 1747 780 1782 25
809 1746 875 1783 hos
899 1750 953 1782 est
981 1745 1047 1781 dea
1073 1756 1181 1781 censa
1204 1747 1394 1794 parentes,
1429 1744 1468 1790 6,
1495 1743 1545 1780 66

104 1812 213 1860 siqua
238 1809 388 1857 doloris,
417 1811 455 1856 6,
474 1811 544 1845 142
572 1810 722 1844 Naeuia
744 1811 894 1845 Marsa.
947 1806 1106 1854 Scilicet,
1135 1813 1174 1843 ut
1200 1817 1310 1856 supra
1335 1805 1421 1851 dixi,
1445 1804 1545 1841 nulla

105 1879 164 1912 est
183 1871 374 1919 dubitatio,
400 1871 486 1921 quin
505 1871 537 1905 V
539 1870 714 1906 rsinianus
739 1871 784 1906 sit
801 1874 1032 1919 peruetustus
1051 1875 1086 1904 et
1106 1868 1192 1918 quin
1219 1879 1341 1904 omnes
1369 1878 1412 1903 ex
1440 1877 1547 1916 egre·-

105 1935 167 1986 gia
192 1934 332 1984 origine
356 1934 428 1970 sint
453 1931 655 1982 repetendi.
696 1931 892 1980 Conspirat
918 1930 979 1967 ille
1000 1943 1072 1966 non
1096 1929 1206 1966 semel
1227 1941 1307 1964 cum
1325 1928 1543 1976 Petauiano,

105 1997 209 2034 uelut
231 1997 269 2033 in
294 1994 472 2033 eiiciendo
498 1994 622 2042 inepto
649 1992 801 2028 disticho
821 1992 919 2042 quod
941 1992 1040 2042 apud
1058 1992 1304 2028 Burmannum
1331 1997 1385 2027 est
1405 1994 1442 2034 2,
1456 1992 1542 2033 203,

105 2061 203 2096 204:
237 2056 468 2094 consentiunt
502 2066 626 2091 omnes
660 2067 741 2090 cum
776 2054 962 2091 llfeldensi
995 2065 1268 2103 saepenumero.
1320 2052 1387 2088 Est
1412 2049 1542 2088 deinde

105 2118 430 2170 exploratissimum
457 2116 623 2163 codices,
659 2129 750 2165 quos
778 2117 931 2153 maxime
955 2116 1089 2163 amaui,
1116 2115 1355 2152 Petauianum
1384 2119 1420 2150 et
1443 2111 1541 2148 Mal-

105 2181 381 2219 lersdorfianum
418 2185 454 2216 et
495 2178 703 2215 fidissimum
748 2190 928 2227 quemque
969 2177 1176 2226 saepissime
1221 2188 1298 2213 esse
1337 2172 1540 2212 mendosos.

106 2244 232 2280 Graue
258 2249 313 2280 est
349 2241 551 2291 exemplum
579 2242 617 2287 6,
646 2241 741 2286 178,
777 2251 884 2288 quem
917 2251 1060 2276 uersum
1087 2239 1149 2288 qui
1180 2239 1357 2287 integrum
1385 2234 1538 2284 putabit,

106 2305 258 2352 suadeo,
284 2316 330 2341 ne
357 2303 515 2340 criticam
539 2300 704 2338 affectet:
732 2301 940 2337 coniectura
967 2307 1092 2338 nostra
1121 2311 1166 2336 ex
1193 2298 1366 2336 uersiculo
1386 2295 1537 2331 Martia-

105 2367 149 2404 lis
175 2372 213 2404 et
238 2366 346 2403 Plinii
370 2365 450 2402 loco
477 2363 632 2400 conssata
659 2362 832 2398 concedet
854 2363 1098 2399 lubentissime
1115 2360 1266 2406 meliori,
1292 2357 1431 2394 interim
1459 2367 1538 2393 sese

105 2428 277 2466 tuebitur.
329 2428 428 2476 Ergo
457 2438 537 2462 cum
564 2425 717 2474 primum
745 2424 956 2460 Vrsinianus
990 2424 1130 2472 integer
1155 2421 1302 2457 collatus
1331 2418 1464 2465 suerit,
1490 2417 1538 2455 de

105 2490 293 2539 scripturis
317 2489 491 2538 plurimis,
519 2498 670 2537 quorum
696 2486 811 2522 minus
837 2491 1004 2535 suspecta
1030 2485 1118 2521 fides
1144 2483 1225 2528 erit,
1251 2482 1375 2529 ingens
1401 2480 1538 2516 orietur

105 2551 330 2601 disceptatio.
383 2548 523 2587 Verum
550 2549 619 2585 hoc
645 2554 720 2595 est,
756 2560 820 2583 cur
847 2559 963 2597 aequo
990 2547 1107 2582 animo
1132 2543 1309 2580 caruerim
1335 2541 1403 2578 hoc
1429 2538 1534 2578 libro.

106 2612 278 2650 Nondum
303 2612 354 2649 ita
380 2611 588 2650 confirmata
614 2617 668 2649 est
694 2611 730 2650 in
757 2609 953 2648 Germania
980 2607 1069 2646 ratio
1094 2605 1215 2643 sanior
1241 2604 1380 2653 critica,
1408 2609 1447 2641 ut
1472 2614 1535 2640 ae-
