1685 2954
143 33 256 74 'cem
651 81 656 87 ¹
736 45 968 78 morsa-1¹11

141 143 306 194 phalern-
332 144 450 183 Gron.
499 142 605 181 Vers.
634 146 683 182 82
707 147 883 197 trophaea
908 146 1026 186 Gron.
1084 147 1188 187 Vers.
1210 150 1259 186 83
1287 161 1434 189 crassae
1457 152 1573 192 Gron.

141 203 249 243 Vers.
271 207 320 242 84
344 203 560 254 euphrati-en
586 206 704 245 Gron.

240 265 301 302 El.
320 267 358 313 7,
386 277 480 302 uers.
499 269 519 302 l
547 265 679 303 letlwm
697 268 813 308 Gron.
851 269 956 308 Vers.
976 274 1022 308 13
1044 270 1223 319 Perfidae,
1243 273 1444 322 sperandae
1455 275 1572 313 Gron.

139 325 245 363 Vers.
266 326 313 362 15
338 326 506 375 uigilacis
530 327 589 364 ed.
616 341 671 378 pr.
726 330 834 369 Vers.
856 333 904 368 19
932 337 1021 382 pect.
1044 338 1163 371 musto
1190 333 1309 372 Gron.
1337 341 1421 372 test.
1449 337 1572 374 Heius.

138 387 242 424 Vers.
261 391 310 423 22
336 388 438 426 nothi
463 389 580 426 Gron.
637 390 741 429 Vers.
761 394 809 428 35
835 393 1038 441 Liydamus
1063 396 1181 434 Gron.
1239 396 1346 433 Vers.
1362 399 1411 434 37
1437 396 1575 435 archa-

135 458 209 485 nas
231 449 348 486 Gron.
402 449 507 487 vers.
525 452 573 487 41
598 463 705 500 yrau.
731 454 818 502 iniq,
844 465 918 504 rep.
947 455 1063 495 Gron.
1087 468 1159 494 ma.
1183 469 1239 506 pr.
1293 457 1397 493 Vers.
1417 458 1465 493 43
1491 469 1575 494 mo-

133 510 296 548 nimenta
321 511 438 547 Gron.
491 511 594 549 Vers.
618 514 668 548 50
692 516 760 550 mei
787 515 903 552 Gron.
929 522 1011 552 test.
1039 517 1161 554 Heins.
1213 518 1317 555 Vers.
1336 519 1386 554 57
1411 518 1574 565 ctytemn.

135 571 253 609 Gron.
299 572 405 611 Vers.
423 574 471 608 63
498 573 797 623 Andromadeque
815 579 849 610 et
866 575 940 624 hip.
959 577 1074 613 Gron.
1119 578 1223 616 Vers.
1241 581 1293 615 70
1321 578 1428 617 Caelo
1453 580 1572 616 Gron.

135 631 240 670 vers.
262 635 311 670 74
336 633 555 671 Partheniae
581 636 697 671 Gron.
725 638 841 683 potuit
867 636 962 674 idem
985 644 1067 675 test.
1088 639 1213 677 Heius.
1231 647 1268 677 et
1289 640 1347 677 ed.
1367 653 1423 689 pr.
1465 640 1571 677 Vers-

133 695 183 731 76
209 696 287 732 Nec
313 696 429 733 Gron.
457 702 538 733 test.
569 696 690 732 Heins.
743 695 848 734 Vers.
871 699 920 736 95
946 700 1088 747 querela
1112 701 1230 737 Gron.
1265 699 1330 739 sub
1353 699 1426 737 late
1452 701 1570 738 Gron.

133 760 218 794 test.
246 757 371 795 Heins.

233 818 291 855 ΕΙ.
309 821 348 865 8,
373 830 469 855 uers.
484 820 521 856 4.
556 821 626 857 Hic
652 818 715 857 tibi
741 824 925 858 tartareae
951 821 1008 859 ed.
1029 835 1086 872 pr.
1137 821 1243 860 Vers.
1260 822 1283 860 5
1310 823 1487 871 arripitur
1511 822 1571 865 ed.

132 891 192 929 pr.
239 879 347 916 vers.
367 881 391 915 6
419 893 533 918 cauae
552 882 668 918 Gron.
722 882 825 920 Vers.
843 887 890 919 22
919 882 1013 929 fana
1028 896 1076 920 m.
1093 885 1190 921 iocos
1211 883 1326 920 Gron.
1344 890 1425 921 test.
1445 885 1571 922 Heins-

133 940 238 977 Vers.
256 944 305 977 38
329 941 555 988 metltynnaei
580 942 697 980 Gron.
744 944 849 982 Vers.
869 946 918 980 39
944 945 1039 991 Nyle
1057 945 1174 982 Gron.
1221 945 1326 981 vers.
1342 946 1392 982 56
1417 947 1572 995 Specta-

132 1001 241 1039 c.lum
261 1002 380 1038 Gron.
418 1003 523 1039 Vers.
541 1004 587 1038 63
608 1003 717 1051 gaud.
738 1009 772 1041 et
788 1017 846 1043 ex.
861 1007 978 1044 Gron.
1002 1012 1084 1043 test.
1105 1006 1228 1043 Heius.
1265 1006 1372 1043 Vers.
1387 1008 1437 1043 67
1462 1006 1572 1044 brac-

131 1063 216 1102 chia
242 1064 359 1100 Gron.
410 1062 516 1099 Vers.
538 1066 584 1100 71
618 1067 716 1102 uenit
742 1067 859 1104 Gron.
889 1073 916 1103 t.
945 1067 1067 1103 Heins-
1102 1067 1198 1116 negl.
1228 1067 1334 1105 Sclir.
1394 1068 1499 1105 Vers.
1519 1070 1569 1105 78

126 1137 201 1163 non
220 1125 498 1175 improbauerim
512 1124 679 1162 Palmerii
697 1129 938 1165 coniecturam
953 1128 1062 1173 sidat,
1080 1140 1299 1177 quamquam
1317 1130 1570 1179 interpretatio

126 1186 321 1225 Brukhusii
338 1186 484 1222 minime
503 1187 690 1224 satisfacit.
718 1189 792 1226 Sed
817 1190 1043 1226 scribendum
1066 1202 1194 1226 censeo
1210 1195 1333 1238 operta
1348 1203 1430 1226 cum
1445 1190 1570 1238 codd.‚

126 1260 218 1299 quos
243 1249 418 1292 nouerim,
440 1248 648 1295 Heinsian0‚
675 1250 804 1287 Leidd.
828 1253 960 1298 13,43,
976 1254 1136 1298 82,117.
1180 1250 1278 1286 Nihil
1304 1251 1485 1287 efficacius
1509 1263 1570 1287 so-

126 1310 179 1347 let
204 1322 282 1347 esse
310 1309 356 1346 ad
377 1308 537 1346 homines
559 1311 742 1358 paulisper
762 1312 970 1360 defigendos
992 1312 1148 1359 eleganti
1172 1318 1346 1359 carpento
1373 1319 1458 1348 ante
1482 1325 1570 1361 por-

125 1377 200 1408 tam
227 1377 290 1408 aut
314 1371 494 1407 theatrum
522 1372 619 1420 quod
645 1373 735 1408 sistit
761 1381 797 1409 et
824 1374 996 1421 aperitur.
1050 1373 1154 1408 Vers.
1172 1374 1222 1408 79
1248 1373 1425 1421 imprimis
1449 1372 1567 1409 Gron.

126 1431 237 1473 Vers.
255 1433 304 1471 85
331 1432 462 1468 luceru.
491 1432 608 1469 Gron.
637 1433 714 1469 solo
735 1434 857 1470 Heius.
875 1440 956 1471 test.
1008 1435 1114 1471 Vers.
1132 1435 1180 1470 86
1206 1433 1392 1482 sulphuris
1417 1434 1535 1470 Gron-

227 1495 285 1532 El.
305 1496 342 1542 9,
371 1506 466 1530 uers.
485 1498 509 1530 2
535 1499 672 1540 eryteae
699 1495 814 1531 Gron.
874 1495 979 1532 Vers.
999 1499 1021 1531 3
1048 1508 1120 1532 non
1155 1502 1233 1531 erat
1264 1493 1517 1543 negligendum
1543 1506 1567 1532 a

124 1556 336 1594 Burmanno
363 1556 477 1591 bonos
505 1556 646 1591 codices
672 1555 774 1591 Leid.
800 1558 847 1592 18
874 1563 912 1593 et
938 1556 1042 1593 Leid.
1061 1558 1110 1592 43
1137 1556 1271 1592 habere
1302 1557 1407 1591 Venit
1430 1557 1469 1591 in
1496 1555 1568 1592 ad—

125 1621 253 1663 uictos,
281 1617 378 1654 unde
403 1618 438 1652 in
466 1616 655 1666 posteriori
681 1629 752 1652 ma.
779 1629 852 1654 sec.
879 1625 1079 1653 correctum
1106 1618 1264 1661 auictos,
1291 1622 1327 1652 et
1353 1616 1568 1655 Leidensem

125 1681 199 1715 117
224 1679 310 1715 item
337 1690 409 1714 non
436 1678 593 1714 malum:
626 1680 731 1714 Venit
750 1680 788 1714 in
807 1677 968 1714 adactos.
1013 1679 1118 1714 Venit
1134 1682 1167 1713 et
1191 1676 1242 1714 ad
1265 1679 1405 1714 iunctos
1430 1677 1489 1714 ed.
1508 1691 1567 1729 pr.

121 1739 234 1779 vers.
251 1741 276 1776 8
302 1740 418 1776 'iouem
444 1740 552 1775 etiam
573 1738 631 1774 ed.
653 1751 709 1787 pr.
745 1739 849 1774 Vers.
869 1741 920 1774 20
944 1751 1083 1787 pascua
1102 1737 1202 1784 festa
1222 1738 1337 1775 Gron.
1354 1745 1437 1776 test.
1458 1739 1566 1777 Schr.

120 1801 220 1851 quod
255 1801 325 1837 alio
359 1800 542 1849 pertinere
574 1812 647 1836 non
676 1812 785 1849 posse
819 1799 1032 1836 uidebatur:
1066 1800 1191 1836 Heins.
1219 1804 1339 1836 tamen
1370 1805 1496 1838 uestra
1527 1806 1567 1839 et

120 1875 216 1899 uers.
235 1865 283 1897 22
310 1861 410 1908 festa
426 1863 514 1898 nain.
542 1862 714 1899 enotauit.
759 1861 864 1898 Vers.
882 1865 930 1897 21
960 1865 1098 1910 torquet
1116 1860 1174 1897 ed.
1195 1872 1251 1909 pr.
1292 1860 1397 1898 Vers.
1416 1864 1463 1898 31
1491 1865 1567 1900 Hm

120 1923 240 1960 Gron.
259 1929 341 1959 test.
361 1922 482 1967 Schr„
507 1925 604 1961 Huic
626 1929 718 1960 teste
738 1923 862 1959 Heius.
908 1923 1013 1959 Vers.
1031 1925 1078 1959 43
1109 1922 1258 1968 Quodsi
1283 1921 1341 1958 ed.
1358 1935 1415 1972 pr.
1456 1923 1563 1961 Vers-

119 1986 167 2021 51
197 1984 340 2031 alcydes
364 1985 481 2021 Gron.
524 1983 632 2021 Vers.
652 1985 701 2020 57
726 1987 909 2032 Magnam
934 1984 1021 2022 haec
1045 1985 1187 2021 tliirres.
1215 1983 1273 2020 ed.
1294 1996 1356 2033 pr.
1393 1984 1497 2021 Vers.
1512 1986 1563 2021 59

118 2048 184 2083 Dii
208 2047 326 2083 Gron.
351 2045 408 2082 ed.
426 2058 483 2096 pr.
529 2046 634 2083 Vers.
653 2048 703 2083 70
728 2046 895 2084 Herculis
919 2051 1117 2084 eoetmmum
1140 2057 1184 2083 ne
1210 2045 1269 2083 ed.
1288 2057 1348 2095 pr.
1392 2044 1563 2083 Veis-74

116 2109 236 2145 taoiae
260 2108 378 2144 Gron.

214 2169 274 2205 El.
295 2172 356 2217 10,
383 2181 478 2208 uers.
500 2172 520 2206 l
549 2181 700 2206 caussas
727 2170 845 2207 Gron.
899 2170 1005 2207 Vers.
1026 2170 1049 2207 5
1075 2168 1204 2207 Induis
1230 2168 1289 2206 ed.
1306 2180 1363 2218 pr.
1397 2165 1561 2205 romulae

116 2229 235 2266 Gron.
279 2230 386 2267 Vers.
405 2232 451 2268 15
477 2233 617 2281 Iupiter
642 2232 759 2268 Gron.
806 2231 914 2268 Vers.
933 2233 980 2267 17
1005 2233 1247 2279 uin-tutumque
1272 2229 1330 2266 ed.
1350 2241 1406 2278 pr.
1448 2227 1554 2265 Vers.

115 2293 160 2326 21
190 2289 341 2337 flamma
367 2293 486 2331 Gron.
513 2299 604 2329 teste
627 2293 765 2337 Heius„
793 2305 865 2329 non
893 2291 1000 2330 Schr.
1039 2292 1145 2328 Vers.
1164 2295 1214 2328 23
1240 2290 1411 2327 uenientis
1436 2290 1554 2327 Gron.

114 2350 220 2388 Vers.
236 2354 284 2387 37
312 2355 379 2390 Dii
397 2355 514 2391 Gron.
561 2354 667 2391 Vers.
685 2356 734 2390 39
760 2354 894 2392 arheno
915 2355 1032 2391 Gron.
1077 2353 1183 2390 Vers.
1204 2353 1252 2387 43
1277 2350 1390 2400 possit
1409 2351 1554 2399 tentari,

114 2412 213 2462 quod
246 2415 364 2450 nescio
391 2416 586 2453 Schraderi
621 2428 666 2453 an
698 2428 816 2453 meum
854 2417 916 2452 sit:
950 2417 1117 2463 virgatas
1149 2412 1347 2450 maculanti
1380 2415 1556 2461 sanyuine

114 2472 286 2512 braccasz
313 2482 437 2512 contra
458 2485 692 2527 praeceptum
714 2478 977 2521 Bensseianmn,
1003 2477 1091 2512 lior.
1112 2487 1221 2511 carm.
1241 2477 1278 2521 1,
1296 2475 1359 2522 25,
1380 2475 1439 2511 17.
1478 2472 1554 2510 Sed

116 2533 329 2586 Propertius
354 2542 391 2573 et
418 2535 571 2574 Ouidius
603 2552 675 2576 non
704 2545 877 2576 curarunt
898 2538 1065 2574 Verrium
1085 2536 1271 2582 Flaccum,
1297 2535 1357 2571 ille
1381 2546 1492 2585 supra
1513 2537 1554 2582 2,

119 2598 188 2636 59:
214 2601 422 2648 properanti
447 2598 556 2648 falce,
584 2599 641 2637 hic
665 2600 749 2640 fast.
776 2601 812 2649 5,
830 2601 924 2637 571:
952 2599 1033 2637 hinc
1057 2598 1173 2635 stanti
1197 2596 1308 2634 milite
1332 2597 1440 2634 iusto.
