1685 2954
106 121 164 152 cn
693 121 874 151 vmuuvs
904 122 966 152 ΡΙ..

106 221 179 260 rios
203 220 332 272 legisse
357 225 534 271 apparet,
570 231 654 258 nam
688 219 736 258 de
759 222 919 272 magistr.
946 225 980 267 3,
1007 225 1032 260 8
1058 225 1245 261 Aemilium
1281 222 1462 274 quendam
1493 224 1547 263 hi-

107 283 298 321 storiarum
324 282 487 319 Sallustii
513 287 550 319 et
573 281 621 319 de
645 293 759 320 mens·
789 286 828 331 3,
853 285 903 321 46
927 284 1163 324 Polemonem
1194 288 1315 324 nescio
1340 298 1447 335 quem
1472 287 1548 324 Lu-

107 346 190 383 cani
216 346 451 394 interpretem
478 343 524 380 ad
551 350 674 394 partes
699 346 855 383 uocauit.
907 346 1033 390 Quare
1065 359 1159 397 quae
1194 347 1290 397 apud
1319 346 1469 383 Paulum
1498 349 1549 385 le-

108 413 244 457 guntur
269 413 333 442 aut
358 406 469 456 ipsius
495 404 600 442 Pauli
625 418 724 454 esse,
757 413 821 444 aut
855 414 953 444 certe
979 408 1096 445 Verrii
1131 422 1202 446 non
1230 422 1309 446 esse
1334 409 1552 459 putauerim.

108 469 163 505 An
190 467 364 505 credibile
391 474 447 505 est
473 480 555 504 eum
582 479 604 504 a
630 467 719 504 chao
742 469 955 518 repetiuisse
981 470 1105 506 lanum
1131 472 1369 517 initiatorem,
1406 470 1467 519 qui
1493 471 1552 506 in-

110 529 265 567 choandi
289 530 441 567 uerbum
470 536 561 566 teste
585 529 762 567 Diomede
784 535 820 577 l,
842 543 878 579 p.
893 532 964 566 361
991 530 1034 567 Ρ.
1054 533 1240 580 negauerit
1267 533 1390 569 uenire
1417 545 1438 568 a
1464 531 1554 569 chao

109 597 237 628 contra
255 591 471 638 Varronem,
499 591 560 641 qui
585 591 775 628 manifesto
803 591 1012 637 affirmauit,
1040 591 1112 628 uid.
1135 592 1181 630 de
1206 594 1232 632 l.
1253 594 1277 630 1.
1296 596 1333 638 5,
1349 597 1406 638 19,
1425 597 1488 641 20,
1516 600 1555 630 ut

109 651 202 688 illius
229 664 307 690 esse
325 652 516 689 uideantur
539 665 634 703 quae
655 657 827 689 consueta
848 653 1064 701 negligentia
1086 666 1153 703 pro
1165 656 1350 692 Verrianis
1376 655 1556 704 excerpsit

110 712 246 749 Paulus
272 727 310 764 p.
328 716 416 762 107,
431 716 466 750 8.
506 714 654 751 Scilicet
680 713 832 761 bifrons,
858 719 900 749 ut
925 713 1003 762 ipse
1029 713 1156 762 lanus,
1177 716 1243 752 ista
1268 724 1323 753 est
1349 716 1557 765 originatio:

114 775 317 824 explicatur
334 776 440 812 Ianus
467 775 514 812 de
539 776 638 811 initio
664 786 783 811 rerum
811 773 1008 823 mundique
1032 776 1188 824 partium
1210 777 1425 825 concordia3
1452 784 1558 813 uetus

113 835 182 872 ista
207 835 441 873 Etruscorum
469 835 515 872 de
541 836 627 872 lano
652 835 722 872 suit
755 836 902 886 opinio,
937 835 1010 873 uid.
1038 835 1131 884 Lyd.
1159 836 1205 873 de
1231 850 1344 873 mens.
1370 851 1407 887 p.
1427 840 1488 882 56,
1509 838 1559 874 57

113 895 224 934 Sch.=
249 896 381 935 deinde
399 897 446 935 ad
466 909 634 947 graecam
660 897 976 948 incompositorum
995 909 1120 934 eorum
1147 897 1405 935 elementorum
1430 898 1560 948 appel-

113 957 299 1006 lationem,
327 971 421 1009 quae
447 965 503 997 est
528 960 574 997 ab
601 959 759 1008 hiando,
777 960 894 1010 ipsum
922 971 1053 995 nomen
1079 958 1247 997 refertur.
1301 960 1397 997 Satis
1423 961 1504 1008 erit,
1531 960 1562 997 si

114 1024 300 1056 auctorem
323 1019 432 1065 dabo,
459 1021 522 1070 qui
538 1026 731 1071 utrumque
751 1020 838 1057 illud
857 1020 1021 1071 protulit,
1050 1021 1240 1071 incertum,
1267 1036 1355 1073 quo,
1379 1022 1438 1059 uel
1457 1035 1562 1058 num-

115 1090 190 1128 quo
211 1091 320 1125 nexu,
346 1082 639 1132 quandoquidem
664 1083 762 1119 beati
784 1083 970 1131 Augustini
995 1081 1168 1127 interfuit,
1197 1089 1236 1119 ut
1261 1084 1336 1120 eius
1362 1084 1562 1121 sententiae

116 1141 154 1178 in
180 1143 338 1192 speciem
365 1156 475 1193 quam
501 1144 791 1182 absurdissimam
818 1144 1132 1193 detorquerentur.
1178 1145 1246 1180 Hic
1272 1145 1378 1194 igitur
1404 1145 1450 1182 de
1469 1158 1501 1183 c.
1519 1145 1558 1183 d.

116 1204 156 1250 7,
172 1205 198 1240 7
215 1210 252 1240 et
267 1207 291 1241 8
310 1205 510 1243 Varronem
528 1206 654 1242 Ianum
678 1205 852 1243 wirundum
876 1218 952 1243 esse
977 1212 1014 1242 et
1040 1205 1135 1243 dieas
1158 1205 1275 1253 facies
1301 1212 1384 1244 ante
1409 1212 1443 1244 et
1466 1212 1563 1245 retro

115 1263 256 1310 habere,
284 1266 378 1315 quod
402 1266 560 1304 hiatus
584 1271 744 1304 noster
771 1279 850 1305 cum
872 1280 913 1305 os
935 1270 1117 1317 aperimus
1132 1267 1266 1305 mundo
1286 1267 1416 1304 similis
1434 1267 1564 1305 uidea-

117 1329 192 1374 tur,
220 1327 385 1366 docuisse
410 1335 546 1365 narrat.
592 1329 817 1372 Quantulum
836 1329 928 1365 desit
949 1328 995 1365 ad
1014 1330 1230 1365 sententiam
1249 1327 1482 1376 Ouidianam,
1508 1331 1565 1366 in-

118 1387 260 1437 telligis.
314 1390 498 1427 Hactenus
525 1390 572 1427 de
596 1391 665 1438 iis,
691 1402 787 1439 quae
813 1390 912 1439 apud
940 1388 1117 1426 Ouidium
1144 1395 1181 1426 et
1205 1389 1322 1427 Verrii
1347 1391 1566 1440 expilatores

118 1449 248 1487 similia
273 1457 410 1489 extant.
463 1453 521 1488 Ex
546 1452 600 1488 his
627 1452 740 1488 multa
765 1452 851 1488 satis
878 1451 1060 1488 dissimilia
1085 1451 1231 1499 futura,
1258 1458 1322 1488 aut
1349 1465 1414 1489 nos
1440 1465 1566 1490 eorum

121 1511 223 1557 alios,
250 1525 359 1563 quam
386 1515 570 1562 Verrium,
600 1520 766 1551 auctores
792 1512 1084 1563 deprehensuros
1109 1511 1240 1560 fuisse,
1267 1514 1296 1550 si
1321 1514 1381 1550 hic
1405 1514 1505 1550 Festi
1530 1521 1568 1551 et

121 1572 228 1610 Pauli
253 1587 380 1612 manus
407 1583 579 1626 expertus
607 1588 680 1612 non
705 1575 856 1622 suisset,
884 1574 1119 1611 certissimum
1145 1581 1212 1612 est.
1264 1575 1370 1612 Mitto
1397 1576 1485 1612 alios
1509 1576 1569 1613 10-

125 1646 186 1672 cos
213 1635 407 1685 plurimos,
441 1638 504 1687 qui
530 1637 602 1673 huc
628 1649 700 1673 non
726 1637 936 1686 pertinent,
972 1637 1033 1672 uhi
1059 1637 1105 1673 ab
1133 1636 1187 1673 his
1213 1639 1414 1674 sententiae
1439 1638 1569 1675 Verrio

123 1705 392 1747 supponuntur,
418 1699 464 1736 de
493 1700 621 1749 quibus
646 1699 796 1734 Verrius
821 1697 1060 1735 iudicauerat:
1098 1698 1181 1734 uide
1208 1698 1256 1733 sis
1281 1698 1496 1735 Muellerum
1523 1699 1571 1736 ad

124 1757 231 1794 Paul.
257 1772 295 1809 p.
314 1764 353 1808 2,
373 1762 419 1809 93
445 1761 509 1808 35,
528 1764 589 1807 ll,
616 1760 712 1797 alibi.
772 1759 910 1796 Verum
944 1760 1004 1796 ille
1038 1760 1139 1795 locus
1165 1759 1265 1796 Festi
1291 1772 1329 1810 p.
1347 1762 1434 1807 178,
1455 1762 1479 1796 6
1503 1761 1571 1800 sin.

127 1820 273 1868 egregie
300 1833 345 1857 ex
370 1821 475 1856 Pauli
504 1821 624 1857 uerbis
649 1821 760 1865 (inter
785 1831 880 1869 quae
905 1822 1038 1869 posteri
1062 1821 1170 1857 etiarn
1193 1832 1226 1857 c.
1245 1820 1290 1856 B.
1311 1822 1459 1868 omittit)
1484 1834 1571 1872 sup-

128 1881 249 1929 pletus
275 1893 297 1918 a
322 1882 517 1929 Muellero,
543 1882 643 1918 cuius
670 1882 762 1919 haec
785 1889 869 1919 sunt
894 1889 1100 1931 postremaz
1137 1885 1212 1920 atri
1236 1882 1275 1919 lii,
1299 1882 1391 1927 ‹liJes
1414 1895 1490 1920 esse
1512 1886 1572 1920 iu-

126 1940 301 1987 dica-liti.
336 1949 444 1992 sunt,
480 1943 574 1993 quod
608 1945 880 1993 quotiescunque
906 1946 1069 1981 Romani
1103 1943 1227 1991 ἀπῇσας
1260 1943 1341 1981 bella
1371 1945 1576 1996 ,qe-urendi

127 2015 243 2041 causa
268 2004 324 2042 his
348 2005 470 2044 «liebus
493 2006 761 2056 supplic-auem,
792 2005 903 2055 musse
924 2017 1036 2055 remp.
1061 2004 1284 2054 yos-lisere,
1318 2006 1348 2042 si
1382 2007 1480 2043 solus
1512 2020 1573 2043 su-

127 2072 314 2115 peresset,
351 2080 483 2116 nemo,
518 2069 673 2118 opinor,
710 2068 892 2105 dubitaret
919 2079 1129 2117 expressum
1157 2068 1203 2104 ab
1234 2067 1369 2121 Ouidio
1395 2068 1576 2106 affirmare

129 2131 168 2176 1,
193 2127 244 2166 57
268 2141 348 2180 sq.:
689 2153 729 2159 —-
754 2131 944 2180 proximus
969 2133 1049 2166 ater
1072 2131 1152 2166 erit.

381 2193 495 2230 Omen
521 2192 567 2230 ab
591 2197 719 2229 euentu
743 2197 809 2240 esi,
834 2191 909 2229 illis
932 2202 1020 2227 nam
1045 2192 1169 2226 Ronta
1193 2188 1315 2226 diebus

441 2257 589 2292 Damna
612 2254 678 2291 sub
705 2253 860 2291 acltterso
884 2254 1007 2289 tristia
1032 2254 1161 2288 Marte
1184 2250 1280 2287 tulit.

132 2314 240 2362 Atqui
274 2316 352 2365 ipsa
378 2316 498 2354 Verrii
527 2317 650 2366 uerba·
665 2329 710 2352 ex
743 2321 873 2366 quarto
909 2315 1000 2350 libro
1029 2312 1076 2349 de
1100 2313 1295 2348 uerborum
1319 2313 1576 2362 significatione

133 2381 278 2411 seruata
304 2384 388 2413 sunt
414 2390 435 2414 a
463 2379 584 2414 Gellio
610 2379 649 2425 5,
673 2379 742 2414 17:
779 2378 917 2426 quoties
943 2375 1022 2412 belli
1046 2373 1190 2424 ,qm-ends
1216 2377 1340 2422 gratia
1367 2388 1424 2412 res
1449 2375 1577 2413 danna

131 2436 305 2485 postridie
332 2439 539 2486 Kalendas,
567 2442 720 2486 Nonas,
745 2439 837 2476 Idus
864 2451 889 2476 ιι
914 2439 1137 2486 magristrum
1161 2448 1219 2486 po.
1247 2439 1319 2473 Ro.
1345 2436 1450 2483 sacta
1475 2442 1577 2483 esset,

133 2499 211 2535 eius
236 2497 316 2536 belli
340 2503 506 2549 proximo
533 2501 695 2551 deinceps
725 2501 858 2551 proelio
892 2512 967 2537 rem
998 2498 1178 2550 publicam
1209 2498 1305 2535 male
1327 2504 1465 2547 gestum
1489 2512 1577 2536 esse.

135 2559 244 2603 Quae
269 2561 298 2597 si
324 2562 478 2599 Ouidius
505 2564 613 2613 legit,
649 2563 873 2612 negligenter
898 2563 1061 2612 scripsit:
1101 2560 1341 2597 accuratiores
1367 2563 1460 2596 enim
1488 2561 1580 2598 Ver-

134 2621 208 2658 rius
235 2628 400 2660 auctores
427 2622 473 2659 de
500 2622 567 2660 hae
599 2637 639 2659 re
672 2631 816 2662 secutus
845 2631 923 2672 est,
958 2635 1067 2673 quam
1104 2621 1251 2658 suerunt
1278 2623 1346 2658 Cu.
1377 2621 1518 2659 Gellius
1543 2629 1579 2659 et

136 2682 239 2721 Cass.
260 2684 412 2721 flemina
433 2697 455 2722 a
473 2685 658 2723 macrobio
680 2685 825 2735 allegati
850 2692 920 2722 sat.
941 2689 976 2732 Ι,
994 2686 1039 2721 16
1060 2684 1097 2723 in
1116 2683 1214 2721 hunc
1231 2683 1396 2722 modum:
1428 2686 1472 2733 Q.
1491 2683 1581 2722 Sul-
