1685 2954
134 57 338 89 -ccxnvm
650 80 655 87 ¹
669 58 841 89 OVIDIVS
871 59 1062 90 SECVTVS

147 158 260 197 uehit&
279 158 438 197 numeris
458 158 624 196 cenenum
640 163 709 196 etc.
736 172 818 196 cum
831 160 1034 210 Virgilianis
1059 161 1094 199 in
1117 160 1222 198 simili
1248 171 1288 197 re
1306 160 1395 198 Aen.
1410 163 1472 210 10,
1488 162 1581 199 1922

151 221 306 268 Cycnum
329 241 379 248 ——
406 219 598 257 effluentem
621 220 722 258 molli
745 221 868 272 pluma
895 222 1042 260 duxisse
1065 228 1253 268 senectam,
1278 223 1340 259 ubi
1360 221 1491 259 Setun
1516 234 1583 259 σα·-

146 287 286 319 nentem
310 292 385 317 sen.
409 292 475 329 pro
500 280 580 318 albo
607 281 724 320 colore
747 285 918 321 neoterice
943 283 1075 321 dictum
1098 289 1247 334 putant:
1281 283 1356 321 Ou.
1382 284 1419 330 4,
1446 283 1521 319 470
1545 288 1584 320 et

147 344 187 390 6,
206 342 279 378 496
303 341 496 379 uerticibus
527 343 563 379 in
597 343 694 380 libris
729 345 871 393 optimis
897 347 1067 382 conuenit
1098 359 1179 382 cum
1206 345 1329 382 iisdem
1357 343 1455 394 apud
1480 343 1582 392 Vix-g.

146 414 206 452 ge.
233 405 272 450 3,
293 403 387 440 241:
414 403 487 441 Ou.
509 403 548 452 5,
572 406 642 441 171
678 405 848 453 nixibus,
887 412 928 443 ut
953 407 1053 456 Virg.
1082 419 1138 456 ge.
1167 409 1206 455 4,
1227 409 1317 444 199:
1353 405 1427 443 ou.
1453 406 1491 451 5,
1511 406 1585 441 343

146 463 230 502 coll.
258 464 359 513 Virg.
387 476 445 514 ge.
473 468 510 512 1,
536 467 579 502 8:
605 472 788 515 postremo
823 467 897 504 Ou.
924 472 964 515 2,
987 470 1061 505 643
1088 469 1116 505 si
1143 468 1351 505 conseratur
1375 479 1455 504 cum
1481 466 1582 515 Virg.

147 537 206 575 ge.
227 529 264 574 l,
279 527 372 573 3913
398 529 437 573 2,
452 526 523 563 351
545 533 582 563 et
600 527 764 564 Charisio
780 541 818 578 p.
836 531 908 564 118
922 528 973 565 P:
999 534 1094 566 testu
1118 535 1158 567 ut
1181 542 1272 579 genu
1292 534 1426 566 ueteres
1445 526 1587 565 dixer-m

146 592 189 625 at
203 590 317 625 Maro
336 592 468 624 testam
485 586 592 635 discit,
620 588 717 636 uide,
744 590 836 626 sitne
856 591 1151 639 expungendum,
1181 590 1278 640 quod
1302 603 1348 627 ex
1370 590 1471 627 bonis
1489 588 1586 625 libris

146 648 253 686 dedi2
287 649 405 685 minus
440 649 534 685 enim
569 656 747 686 attentum
781 661 841 686 me
873 650 984 686 fuisse
1018 651 1408 701 praua·interpunctio
1443 651 1480 686 in
1513 649 1587 686 fine

146 722 274 748 uersus
303 711 433 759 arguit.
477 710 535 747 De
559 710 719 748 secundo
745 723 879 761 genere
904 711 1003 760 quod
1029 712 1182 749 antehac
1206 713 1399 749 indicatum
1425 709 1587 747 nondum

147 772 207 821 sit,
231 773 327 809 subit
346 772 420 810 Ou.
440 775 477 820 l,
494 773 708 808 211—214
733 779 770 808 et
791 771 945 809 Rutilius
965 772 1091 822 Lupus
1109 777 1148 820 2,
1163 775 1206 810 9:
1233 774 1476 819 Synoeciosis:
1501 783 1589 808 nam

146 846 217 883 quo
241 836 361 882 magis
385 838 460 882 eget
479 832 535 874 ,ad
558 837 740 882 sumptum
767 832 986 881 ambitionis,
1013 833 1189 871 audacius
1213 835 1304 881 facit
1327 835 1520 882 rapinam,
1546 836 1589 870 ut

111 930 114 933 .
146 895 231 933 huic
256 898 326 945 ipsi
351 895 538 932 ambitioni
563 897 668 944 copia
695 894 925 944 suppeditare
950 897 1078 944 possit.
1124 896 1182 931 De
1207 897 1312 932 tertio
1330 901 1476 944 praeter
1494 905 1590 943 quae

146 957 234 994 alibi
259 968 318 993 me
336 962 512 993 annotare
529 956 686 1004 memini,
714 957 876 1006 suppetit
903 969 1012 993 unum
1038 956 1280 1006 fragmentum
1302 956 1460 992 Hecatae
1477 955 1590 991 Calli-

145 1017 323 1055 macheae
348 1016 446 1067 apud
467 1017 602 1054 Blomf.
623 1030 658 1053 n.
679 1021 772 1054 131:
797 1019 1018 1054 conueniunt
1046 1030 1171 1055 uersus
1199 1017 1367 1055 Ouidiani
1389 1020 1426 1065 6,
1445 1018 1520 1053 409
1532 1029 1588 1066 sq.

146 1077 224 1116 Sed
249 1078 368 1116 fateor
394 1079 441 1117 de
467 1080 632 1116 omnibus
659 1091 768 1115 unum
794 1080 854 1116 uel
881 1081 1035 1116 alterum
1063 1091 1196 1116 annum
1223 1078 1348 1128 quaeri
1375 1078 1588 1128 oportuisse.

147 1140 259 1184 Quod
292 1141 401 1189 igitur
428 1140 498 1177 hac
525 1147 562 1177 et
587 1140 752 1189 sequenti
779 1141 828 1186 §§
856 1141 1107 1190 inquirendum
1135 1140 1220 1176 mihi
1253 1139 1412 1188 sumpsi,
1447 1146 1590 1189 tempus

145 1207 226 1250 est,
261 1214 333 1251 quo
359 1201 413 1237 his
439 1201 536 1237 libris
563 1208 673 1251 poeta
706 1201 984 1238 inlaborauerit:
1021 1202 1182 1251 quaestio
1208 1201 1489 1250 simplicissima,
1523 1198 1590 1237 sed

146 1263 195 1301 ad
220 1262 491 1312 intelligendum
519 1275 662 1299 carmen
691 1264 906 1310 necessaria,
934 1275 1101 1312 quaeque
1128 1263 1292 1310 neglecta
1313 1262 1506 1297 multorum
1532 1273 1591 1298 er-

144 1337 269 1362 rorum
297 1336 407 1361 causa
432 1336 509 1360 esse
535 1330 667 1373 potest.
714 1324 809 1360 Dicit
830 1323 985 1361 Ouidius
1007 1328 1045 1371 2,
1063 1327 1084 1358 3
1113 1335 1151 1359 se
1175 1323 1329 1372 primum
1353 1322 1436 1358 uela
1454 1322 1591 1359 maiora

145 1385 258 1435 elegis
283 1385 444 1429 dedisse,
471 1385 777 1434 quemadmodum
805 1392 872 1422 art.
903 1397 974 1422 am.
1003 1389 1041 1432 3,
1061 1386 1135 1420 346
1161 1396 1201 1420 se
1227 1384 1397 1433 epistolas
1424 1383 1591 1420 heroina-

145 1460 227 1484 rum
253 1447 432 1483 inuenisse
458 1446 645 1494 gloriatur.
697 1446 935 1483 Memorabile
961 1454 1016 1483 est
1043 1447 1188 1495 utrique
1214 1445 1299 1481 huic
1325 1445 1459 1494 gloriae
1485 1444 1591 1481 titulo

145 1508 278 1546 eodem
303 1508 424 1545 libello
458 1507 643 1557 derogari,
679 1509 804 1558 quinto
830 1508 1015 1556 Propertii
1050 1508 1272 1551 carminum,
1307 1517 1415 1556 quem
1448 1506 1593 1542 nouisse

146 1570 320 1609 Ouidium
347 1576 630 1606 consentaneum
658 1576 724 1606 est.
774 1569 850 1606 Sed
877 1570 979 1605 nouit
1005 1570 1082 1605 iure
1107 1567 1285 1612 sodalitii,
1321 1568 1390 1602 Tr.
1405 1566 1444 1613 4,
1467 1568 1525 1610 10,
1542 1566 1593 1604 46

145 1631 283 1670 editum
308 1631 465 1668 sortasse
491 1643 564 1667 non
591 1629 679 1666 uidit
706 1643 786 1667 cum
814 1631 892 1680 ipse
918 1636 1033 1666 artem
1062 1630 1274 1665 amatoriam
1303 1634 1340 1664 et
1364 1626 1478 1663 fastos
1504 1626 1594 1663 scri·

145 1694 261 1730 beret.
324 1694 397 1729 Aut
428 1692 456 1729 si
492 1691 603 1738 uidit,
640 1692 731 1728 tanti
758 1704 831 1728 non
857 1691 928 1727 suit
955 1690 1120 1740 opusculi
1146 1689 1347 1739 imperfecti
1374 1687 1590 1726 meminisse.

145 1753 290 1790 Tamen
317 1753 364 1790 ab
390 1764 435 1790 eo
461 1753 627 1789 carminis
653 1752 824 1790 Ouidiani
851 1752 1037 1789 consilium
1064 1751 1310 1800 repetfflerim,
1337 1756 1374 1787 et
1402 1756 1458 1787 est
1483 1750 1521 1786 in
1545 1761 1591 1786 eo
1640 1780 1644 1786 .

133 1821 340 1862 uenustas,
369 1826 479 1865 quam
504 1815 638 1851 sentias
664 1815 862 1851 imitatores
890 1814 1046 1850 excitare
1070 1813 1253 1862 potuisse,
1280 1822 1463 1862 quamque
1487 1817 1592 1860 optes

147 1888 217 1926 per
242 1877 445 1913 criticorum
478 1876 621 1924 ingenia
647 1876 760 1925 magis
786 1877 973 1925 magisque
1006 1875 1188 1911 illustrari.
1240 1874 1472 1921 Quamquam
1497 1872 1593 1909 enim

144 1938 260 1974 multa
286 1944 323 1974 et
349 1938 496 1987 egregia
521 1938 696 1986 praestita
722 1944 807 1973 sunt
832 1950 853 1973 a
874 1938 957 1973 uiris
984 1935 1193 1972 doctissimis
1209 1934 1446 1971 Lachmanno
1472 1939 1510 1970 et
1535 1933 1592 1970 la-

145 1998 262 2047 cobo,
297 1999 364 2048 ipsi
392 2005 513 2035 tamen
541 2006 677 2048 negant
703 1999 824 2036 omnia
849 2011 928 2036 esse
953 1997 1145 2048 expedita,
1181 2007 1275 2045 quae
1301 2007 1324 2031 a
1348 1994 1590 2044 grammaticis

145 2061 329 2110 expectari
356 2066 528 2109 possunt,
557 2072 602 2096 ne
627 2060 755 2097 saltem
783 2061 914 2109 integri
942 2072 1066 2096 uersus
1092 2057 1276 2094 intellectu
1304 2063 1463 2094 careant.
1513 2055 1588 2092 Lu-

146 2121 209 2158 bet
235 2122 501 2158 communicare
527 2134 607 2157 cum
636 2122 772 2158 lectore
805 2133 899 2171 quae
931 2121 967 2156 in
1002 2119 1270 2168 exemplaribus
1296 2119 1383 2155 meis
1409 2116 1589 2154 annotaui.

145 2181 242 2218 Sunt
266 2184 523 2233 supplementa
552 2190 752 2233 apparatus
779 2182 888 2219 critici
916 2182 1154 2228 accuratiora,
1183 2187 1240 2217 sat
1267 2180 1354 2226 scio,
1380 2189 1485 2228 quam
1511 2176 1588 2213 sru-

146 2244 347 2292 ctuosiora,
382 2251 458 2281 tum
485 2244 531 2280 de
559 2257 631 2280 uuo
659 2244 822 2280 alteroue
855 2244 935 2280 loco
969 2243 1141 2292 pericula.
1192 2239 1517 2278 Accommodantur
1541 2237 1589 2274 ad
1656 2235 1659 2238 '

145 2304 206 2341 ed.
232 2305 562 2341 Laclimannianam
592 2306 703 2343 1829.
1653 2349 1661 2356 ..

246 2366 304 2403 ΕΙ.
323 2371 356 2411 l,
385 2379 478 2403 uers.
498 2369 522 2402 4
548 2366 779 2415 procubuisse
805 2371 951 2416 oportet
974 2364 1085 2401 fuisse
1106 2366 1140 2401 in
1165 2364 1344 2401 codicibus
1370 2361 1483 2398 tribus
1504 2360 1591 2397 Lei-

145 2425 317 2462 densibus
344 2427 393 2462 ita
417 2428 584 2463 indicatis
616 2440 637 2463 a
664 2428 714 2463 lo.
737 2427 962 2464 Schradero:
990 2426 1066 2463 cod.
1089 2425 1193 2463 Leid.
1220 2437 1257 2461 π.
1276 2425 1347 2460 117
1372 2434 1417 2459 ex
1445 2421 1526 2459 bibl.
1553 2424 1587 2459 Ι.
1637 2412 1661 2458 .‘

151 2489 273 2524 Vossii
288 2498 324 2523 η.
339 2490 414 2523 216
433 2500 479 2524 eoe
499 2488 580 2525 bibl.
600 2488 800 2526 cardinalis
821 2493 855 2524 et
875 2490 1048 2537 principis
1066 2500 1090 2525 α
1104 2485 1363 2523 Dietrichstain
1382 2487 1421 2521 in
1442 2483 1588 2521 menabr.

147 2552 319 2586 accurate
343 2550 520 2598 scriptus:
547 2550 625 2587 cod.
653 2549 759 2586 Leid.
786 2562 823 2586 n.
843 2553 890 2585 13
916 2561 962 2586 ex
988 2549 1071 2586 bibl.
1091 2551 1123 2586 I.
1148 2550 1252 2585 Voss.
1279 2549 1355 2583 282
1379 2548 1419 2582 in
1444 2545 1589 2583 chariin
1628 2574 1653 2601 2¹.

149 2608 229 2647 cod.
257 2608 363 2647 Leid.
385 2621 426 2646 π.
450 2612 510 2655 43,
537 2624 574 2659 p.
598 2613 685 2656 420,
711 2623 749 2648 n.
772 2613 821 2648 67
848 2623 892 2648 ex
919 2610 1020 2648 libris
1043 2609 1152 2647 Alex.
1178 2609 1324 2646 Petauii
1350 2607 1460 2646 Pauli
1485 2606 1516 2655 f.
1550 2607 1589 2644 in
1650 2612 1652 2614 ’
