<?xml version="1.0" encoding="UTF-8"?>
<!DOCTYPE html PUBLIC "-//W3C//DTD XHTML 1.0 Transitional//EN"
    "http://www.w3.org/TR/xhtml1/DTD/xhtml1-transitional.dtd">
<html xmlns="http://www.w3.org/1999/xhtml" xml:lang="en" lang="en">
 <head>
  <title>
</title>
<meta http-equiv="Content-Type" content="text/html;charset=utf-8" />
  <meta name='ocr-system' content='tesseract 3.04.00' />
  <meta name='ocr-capabilities' content='ocr_page ocr_carea ocr_par ocr_line ocrx_word'/>
</head>
<body>
  <div class='ocr_page' id='page_1' title='image "./fastorumlibrisex00oviduoft_0136.png"; bbox 0 0 1685 2954; ppageno 0'>
   <div class='ocr_carea' id='block_1_1' title="bbox 136 112 1079 146">
    <p class='ocr_par' dir='ltr' id='par_1_1' title="bbox 136 112 1079 146">
     <span class='ocr_line' id='line_1_1' title="bbox 136 112 1079 146; baseline 0.003 -2"><span class='ocrx_word' id='word_1_1' title='bbox 136 115 304 146; x_wconf 86' lang='lat' dir='ltr'><strong>cxxvm</strong></span> <span class='ocrx_word' id='word_1_2' title='bbox 637 112 694 143; x_wconf 78' lang='lat' dir='ltr'><strong>m:</strong></span> <span class='ocrx_word' id='word_1_3' title='bbox 723 113 906 144; x_wconf 71' lang='lat' dir='ltr'><strong>Anuluvs</strong></span> <span class='ocrx_word' id='word_1_4' title='bbox 937 115 1079 146; x_wconf 71' lang='lat' dir='ltr'><strong>SAcms</strong></span> 
     </span>
    </p>
   </div>
   <div class='ocr_carea' id='block_1_2' title="bbox 132 212 1579 635">
    <p class='ocr_par' dir='ltr' id='par_1_2' title="bbox 132 212 1579 635">
     <span class='ocr_line' id='line_1_2' title="bbox 134 212 1574 267; baseline 0.003 -15"><span class='ocrx_word' id='word_1_5' title='bbox 134 215 239 267; x_wconf 83' lang='lat' dir='ltr'><strong>peius</strong></span> <span class='ocrx_word' id='word_1_6' title='bbox 273 212 417 252; x_wconf 88' lang='lat' dir='ltr'><strong>uidetur</strong></span> <span class='ocrx_word' id='word_1_7' title='bbox 449 224 530 251; x_wconf 84' lang='lat' dir='ltr'><strong>esse</strong></span> <span class='ocrx_word' id='word_1_8' title='bbox 562 215 761 264; x_wconf 87' lang='lat' dir='ltr'><strong>prouisum.</strong></span> <span class='ocrx_word' id='word_1_9' title='bbox 821 216 969 254; x_wconf 82' lang='lat' dir='ltr'><strong>Verrius</strong></span> <span class='ocrx_word' id='word_1_10' title='bbox 1004 217 1041 254; x_wconf 90' lang='lat' dir='ltr'><strong>in</strong></span> <span class='ocrx_word' id='word_1_11' title='bbox 1075 215 1200 254; x_wconf 87' lang='lat' dir='ltr'><strong>tabula</strong></span> <span class='ocrx_word' id='word_1_12' title='bbox 1225 214 1384 254; x_wconf 85' lang='lat' dir='ltr'><strong>secunda</strong></span> <span class='ocrx_word' id='word_1_13' title='bbox 1407 216 1574 257; x_wconf 84' lang='lat' dir='ltr'><strong>Praene-</strong></span> 
     </span>
     <span class='ocr_line' id='line_1_3' title="bbox 134 275 1573 322; baseline 0.003 -8"><span class='ocrx_word' id='word_1_14' title='bbox 134 277 249 315; x_wconf 82' lang='lat' dir='ltr'><strong>stina:</strong></span> <span class='ocrx_word' id='word_1_15' title='bbox 275 275 454 314; x_wconf 90' lang='lat' dir='ltr'>IVNONI</span> <span class='ocrx_word' id='word_1_16' title='bbox 464 302 475 312; x_wconf 93' lang='lat'><strong>.</strong></span> <span class='ocrx_word' id='word_1_17' title='bbox 485 275 703 314; x_wconf 82' lang='lat' dir='ltr'><strong>LVClNAE</strong></span> <span class='ocrx_word' id='word_1_18' title='bbox 713 304 723 315; x_wconf 92' lang='lat'><strong>.</strong></span> <span class='ocrx_word' id='word_1_19' title='bbox 732 276 983 322; x_wconf 88' lang='lat' dir='ltr'><strong>EXQVlLIlS</strong></span> <span class='ocrx_word' id='word_1_20' title='bbox 995 306 1005 316; x_wconf 93' lang='lat'><strong>.</strong></span> <span class='ocrx_word' id='word_1_21' title='bbox 1015 278 1160 322; x_wconf 88' lang='lat' dir='ltr'>QVOD</span> <span class='ocrx_word' id='word_1_22' title='bbox 1172 306 1182 316; x_wconf 94' lang='lat'><strong>.</strong></span> <span class='ocrx_word' id='word_1_23' title='bbox 1197 277 1266 315; x_wconf 89' lang='lat' dir='ltr'><strong>EO</strong></span> <span class='ocrx_word' id='word_1_24' title='bbox 1279 304 1288 314; x_wconf 89' lang='lat'><strong>.</strong></span> <span class='ocrx_word' id='word_1_25' title='bbox 1301 278 1383 315; x_wconf 77' lang='lat' dir='ltr'><strong>DIE</strong></span> <span class='ocrx_word' id='word_1_26' title='bbox 1395 305 1405 316; x_wconf 93' lang='lat'><strong>.</strong></span> <span class='ocrx_word' id='word_1_27' title='bbox 1417 279 1573 318; x_wconf 83' lang='lat' dir='ltr'>AEDIS.</span> 
     </span>
     <span class='ocr_line' id='line_1_4' title="bbox 133 337 1575 384; baseline 0 -7"><span class='ocrx_word' id='word_1_28' title='bbox 133 339 185 377; x_wconf 86' lang='lat' dir='ltr'><strong>El</strong></span> <span class='ocrx_word' id='word_1_29' title='bbox 200 363 310 377; x_wconf 90' lang='grc'><strong>.....</strong></span> <span class='ocrx_word' id='word_1_30' title='bbox 325 338 392 374; x_wconf 82' lang='grc' dir='ltr'><strong>ΤΑ</strong></span> <span class='ocrx_word' id='word_1_31' title='bbox 407 365 417 374; x_wconf 92' lang='grc'><strong>.</strong></span> <span class='ocrx_word' id='word_1_32' title='bbox 431 337 531 375; x_wconf 86' lang='lat' dir='ltr'><strong>EST</strong></span> <span class='ocrx_word' id='word_1_33' title='bbox 545 364 556 374; x_wconf 90' lang='lat'><strong>.</strong></span> <span class='ocrx_word' id='word_1_34' title='bbox 567 337 666 375; x_wconf 88' lang='lat' dir='ltr'><strong>PER</strong></span> <span class='ocrx_word' id='word_1_35' title='bbox 677 366 686 376; x_wconf 93' lang='lat'><strong>.</strong></span> <span class='ocrx_word' id='word_1_36' title='bbox 697 338 978 377; x_wconf 77' lang='lat' dir='ltr'><strong>MATRONAS</strong></span> <span class='ocrx_word' id='word_1_37' title='bbox 991 366 1001 377; x_wconf 89' lang='lat'><strong>.</strong></span> <span class='ocrx_word' id='word_1_38' title='bbox 1014 339 1155 384; x_wconf 88' lang='lat' dir='ltr'><strong>QVAM</strong></span> <span class='ocrx_word' id='word_1_39' title='bbox 1165 366 1176 376; x_wconf 94' lang='lat'><strong>.</strong></span> <span class='ocrx_word' id='word_1_40' title='bbox 1186 339 1428 377; x_wconf 81' lang='lat' dir='ltr'><strong>VOVERAT</strong></span> <span class='ocrx_word' id='word_1_41' title='bbox 1442 366 1452 377; x_wconf 89' lang='lat'><strong>.</strong></span> <span class='ocrx_word' id='word_1_42' title='bbox 1464 341 1575 379; x_wconf 81' lang='lat' dir='ltr'>ALBI</span> 
     </span>
     <span class='ocr_line' id='line_1_5' title="bbox 134 397 1576 451; baseline 0.001 -11"><span class='ocrx_word' id='word_1_43' title='bbox 134 427 284 440; x_wconf 83' lang='grc'><strong>......</strong></span> <span class='ocrx_word' id='word_1_44' title='bbox 302 398 402 435; x_wconf 87' lang='lat' dir='ltr'><strong>VEL</strong></span> <span class='ocrx_word' id='word_1_45' title='bbox 416 426 426 437; x_wconf 87' lang='lat'><strong>.</strong></span> <span class='ocrx_word' id='word_1_46' title='bbox 438 397 600 438; x_wconf 88' lang='lat' dir='ltr'><strong>VXOR.</strong></span> <span class='ocrx_word' id='word_1_47' title='bbox 614 399 659 436; x_wconf 80' lang='lat' dir='ltr'><strong>Sl</strong></span> <span class='ocrx_word' id='word_1_48' title='bbox 672 399 901 438; x_wconf 76' lang='lat' dir='ltr'><strong>‚PVERVM</strong></span> <span class='ocrx_word' id='word_1_49' title='bbox 919 428 930 438; x_wconf 92' lang='lat'><strong>.</strong></span> <span class='ocrx_word' id='word_1_50' title='bbox 948 428 958 438; x_wconf 91' lang='lat'><strong>.</strong></span> <span class='ocrx_word' id='word_1_51' title='bbox 976 428 986 437; x_wconf 95' lang='lat'><strong>.</strong></span> <span class='ocrx_word' id='word_1_52' title='bbox 1002 428 1013 439; x_wconf 94' lang='lat'><strong>.</strong></span> <span class='ocrx_word' id='word_1_53' title='bbox 1040 401 1108 437; x_wconf 79' lang='lat' dir='ltr'><strong>cfr.</strong></span> <span class='ocrx_word' id='word_1_54' title='bbox 1133 400 1237 438; x_wconf 82' lang='lat' dir='ltr'><strong>Paul.</strong></span> <span class='ocrx_word' id='word_1_55' title='bbox 1264 401 1367 440; x_wconf 87' lang='lat' dir='ltr'><strong>Diae.</strong></span> <span class='ocrx_word' id='word_1_56' title='bbox 1393 414 1432 451; x_wconf 90' lang='lat' dir='ltr'><strong>p.</strong></span> <span class='ocrx_word' id='word_1_57' title='bbox 1449 403 1533 447; x_wconf 84' lang='lat'><strong>147,</strong></span> <span class='ocrx_word' id='word_1_58' title='bbox 1550 404 1576 442; x_wconf 80' lang='grc'><strong>5</strong></span> 
     </span>
     <span class='ocr_line' id='line_1_6' title="bbox 132 460 1579 510; baseline 0.002 -14"><span class='ocrx_word' id='word_1_59' title='bbox 132 461 186 501; x_wconf 84' lang='grc' dir='ltr'><strong>Μ.</strong></span> <span class='ocrx_word' id='word_1_60' title='bbox 230 460 368 497; x_wconf 77' lang='lat' dir='ltr'>Plinius</span> <span class='ocrx_word' id='word_1_61' title='bbox 399 467 519 498; x_wconf 88' lang='lat' dir='ltr'><strong>autem</strong></span> <span class='ocrx_word' id='word_1_62' title='bbox 546 474 582 498; x_wconf 88' lang='lat' dir='ltr'><strong>n.</strong></span> <span class='ocrx_word' id='word_1_63' title='bbox 609 460 646 498; x_wconf 88' lang='lat' dir='ltr'><strong>h.</strong></span> <span class='ocrx_word' id='word_1_64' title='bbox 674 465 735 510; x_wconf 83' lang='lat'><strong>16,</strong></span> <span class='ocrx_word' id='word_1_65' title='bbox 761 463 823 507; x_wconf 82' lang='lat'><strong>44,</strong></span> <span class='ocrx_word' id='word_1_66' title='bbox 851 465 888 509; x_wconf 86' lang='lat'><strong>§.</strong></span> <span class='ocrx_word' id='word_1_67' title='bbox 909 462 1003 499; x_wconf 80' lang='lat'>245:</span> <span class='ocrx_word' id='word_1_68' title='bbox 1044 465 1186 500; x_wconf 84' lang='lat' dir='ltr'><strong>Romae</strong></span> <span class='ocrx_word' id='word_1_69' title='bbox 1216 463 1310 501; x_wconf 80' lang='lat' dir='ltr'><strong>lotos</strong></span> <span class='ocrx_word' id='word_1_70' title='bbox 1343 464 1380 499; x_wconf 76' lang='lat' dir='ltr'><strong>in</strong></span> <span class='ocrx_word' id='word_1_71' title='bbox 1414 463 1579 499; x_wconf 61' lang='lat' dir='ltr'><strong>laminae</strong></span> 
     </span>
     <span class='ocr_line' id='line_1_7' title="bbox 132 521 1579 571; baseline 0 -11"><span class='ocrx_word' id='word_1_72' title='bbox 132 533 223 560; x_wconf 78' lang='lat' dir='ltr'><strong>area</strong></span> <span class='ocrx_word' id='word_1_73' title='bbox 248 533 344 559; x_wconf 77' lang='lat' dir='ltr'><strong>anno</strong></span> <span class='ocrx_word' id='word_1_74' title='bbox 371 523 431 571; x_wconf 73' lang='lat' dir='ltr'><strong>qui</strong></span> <span class='ocrx_word' id='word_1_75' title='bbox 455 521 529 569; x_wconf 75' lang='lat' dir='ltr'><strong>fuit</strong></span> <span class='ocrx_word' id='word_1_76' title='bbox 553 523 630 559; x_wconf 77' lang='lat' dir='ltr'><strong>sine</strong></span> <span class='ocrx_word' id='word_1_77' title='bbox 653 522 926 571; x_wconf 68' lang='lat' dir='ltr'><strong>magistratibus</strong></span> <span class='ocrx_word' id='word_1_78' title='bbox 955 525 1182 561; x_wconf 80' lang='lat' dir='ltr'>GGGLXIX</span> <span class='ocrx_word' id='word_1_79' title='bbox 1205 523 1292 561; x_wconf 74' lang='lat' dir='ltr'><strong>aede</strong></span> <span class='ocrx_word' id='word_1_80' title='bbox 1317 523 1471 561; x_wconf 74' lang='lat' dir='ltr'><strong>condita.</strong></span> <span class='ocrx_word' id='word_1_81' title='bbox 1523 523 1579 560; x_wconf 82' lang='lat' dir='ltr'><strong>lta</strong></span> 
     </span>
     <span class='ocr_line' id='line_1_8' title="bbox 132 582 1577 635; baseline 0.001 -15"><span class='ocrx_word' id='word_1_82' title='bbox 132 582 235 620; x_wconf 85' lang='lat' dir='ltr'><strong>libri:</strong></span> <span class='ocrx_word' id='word_1_83' title='bbox 261 583 468 620; x_wconf 86' lang='lat' dir='ltr'><strong>addendum</strong></span> <span class='ocrx_word' id='word_1_84' title='bbox 496 595 576 621; x_wconf 85' lang='lat' dir='ltr'><strong>esse</strong></span> <span class='ocrx_word' id='word_1_85' title='bbox 601 583 814 621; x_wconf 90' lang='lat' dir='ltr'><strong>decennium</strong></span> <span class='ocrx_word' id='word_1_86' title='bbox 840 585 978 633; x_wconf 82' lang='lat' dir='ltr'><strong>primus</strong></span> <span class='ocrx_word' id='word_1_87' title='bbox 1003 584 1092 621; x_wconf 89' lang='lat' dir='ltr'><strong>uidit</strong></span> <span class='ocrx_word' id='word_1_88' title='bbox 1108 585 1302 635; x_wconf 86' lang='lat' dir='ltr'><strong>Fogginius</strong></span> <span class='ocrx_word' id='word_1_89' title='bbox 1328 598 1366 635; x_wconf 89' lang='lat' dir='ltr'><strong>p.</strong></span> <span class='ocrx_word' id='word_1_90' title='bbox 1384 588 1447 622; x_wconf 84' lang='lat'><strong>22.</strong></span> <span class='ocrx_word' id='word_1_91' title='bbox 1483 584 1577 622; x_wconf 84' lang='lat' dir='ltr'><strong>Pro·</strong></span> 
     </span>
    </p>
   </div>
   <div class='ocr_carea' id='block_1_3' title="bbox 131 644 1649 697">
    <p class='ocr_par' dir='ltr' id='par_1_3' title="bbox 131 644 1649 697">
     <span class='ocr_line' id='line_1_9' title="bbox 131 644 1649 697; baseline 0.004 -16"><span class='ocrx_word' id='word_1_92' title='bbox 131 644 255 682; x_wconf 91' lang='lat' dir='ltr'><strong>babile</strong></span> <span class='ocrx_word' id='word_1_93' title='bbox 279 651 335 682; x_wconf 90' lang='lat' dir='ltr'><strong>est</strong></span> <span class='ocrx_word' id='word_1_94' title='bbox 359 646 451 683; x_wconf 84' lang='lat' dir='ltr'><strong>haec</strong></span> <span class='ocrx_word' id='word_1_95' title='bbox 470 658 554 683; x_wconf 89' lang='lat' dir='ltr'><strong>cum</strong></span> <span class='ocrx_word' id='word_1_96' title='bbox 574 645 763 684; x_wconf 88' lang='lat' dir='ltr'><strong>Ouidianis</strong></span> <span class='ocrx_word' id='word_1_97' title='bbox 789 651 864 681; x_wconf 83' lang='lat' dir='ltr'><strong>tam</strong></span> <span class='ocrx_word' id='word_1_98' title='bbox 881 656 1043 694; x_wconf 85' lang='lat' dir='ltr'><strong>congrua</strong></span> <span class='ocrx_word' id='word_1_99' title='bbox 1069 657 1092 683; x_wconf 85' lang='lat' dir='ltr'><strong>a</strong></span> <span class='ocrx_word' id='word_1_100' title='bbox 1111 646 1275 683; x_wconf 86' lang='lat' dir='ltr'><strong>Varrone</strong></span> <span class='ocrx_word' id='word_1_101' title='bbox 1300 646 1465 697; x_wconf 85' lang='lat' dir='ltr'><strong>prosecta</strong></span> <span class='ocrx_word' id='word_1_102' title='bbox 1486 658 1577 692; x_wconf 87' lang='lat' dir='ltr'><strong>esse,</strong></span> <span class='ocrx_word' id='word_1_103' title='bbox 1647 685 1649 687; x_wconf 87' lang='lat'><strong>.</strong></span> 
     </span>
    </p>
   </div>
   <div class='ocr_carea' id='block_1_4' title="bbox 93 706 1583 2733">
    <p class='ocr_par' dir='ltr' id='par_1_4' title="bbox 133 706 1578 881">
     <span class='ocr_line' id='line_1_10' title="bbox 135 706 1578 758; baseline 0.001 -14"><span class='ocrx_word' id='word_1_104' title='bbox 135 707 190 744; x_wconf 90' lang='lat' dir='ltr'><strong>uti</strong></span> <span class='ocrx_word' id='word_1_105' title='bbox 217 713 255 745; x_wconf 88' lang='lat' dir='ltr'><strong>et</strong></span> <span class='ocrx_word' id='word_1_106' title='bbox 284 708 358 753; x_wconf 83' lang='lat' dir='ltr'><strong>illa,</strong></span> <span class='ocrx_word' id='word_1_107' title='bbox 386 719 481 757; x_wconf 85' lang='lat' dir='ltr'><strong>quae</strong></span> <span class='ocrx_word' id='word_1_108' title='bbox 507 707 606 758; x_wconf 88' lang='lat' dir='ltr'><strong>apud</strong></span> <span class='ocrx_word' id='word_1_109' title='bbox 632 706 786 744; x_wconf 83' lang='lat' dir='ltr'><strong>Plinium</strong></span> <span class='ocrx_word' id='word_1_110' title='bbox 811 706 975 756; x_wconf 84' lang='lat' dir='ltr'><strong>proxime</strong></span> <span class='ocrx_word' id='word_1_111' title='bbox 998 714 1220 757; x_wconf 88' lang='lat' dir='ltr'><strong>sequuntur,</strong></span> <span class='ocrx_word' id='word_1_112' title='bbox 1249 707 1470 746; x_wconf 87' lang='lat' dir='ltr'><strong>conserenda</strong></span> <span class='ocrx_word' id='word_1_113' title='bbox 1495 721 1578 746; x_wconf 88' lang='lat' dir='ltr'><strong>cum</strong></span> 
     </span>
     <span class='ocr_line' id='line_1_11' title="bbox 133 766 1578 819; baseline 0.001 -13"><span class='ocrx_word' id='word_1_114' title='bbox 133 766 209 806; x_wconf 85' lang='lat' dir='ltr'><strong>Ou.</strong></span> <span class='ocrx_word' id='word_1_115' title='bbox 238 772 276 815; x_wconf 90' lang='lat'><strong>2,</strong></span> <span class='ocrx_word' id='word_1_116' title='bbox 299 770 532 808; x_wconf 82' lang='lat'><strong>435—452.</strong></span> <span class='ocrx_word' id='word_1_117' title='bbox 584 768 743 810; x_wconf 86' lang='lat' dir='ltr'><strong>Versum</strong></span> <span class='ocrx_word' id='word_1_118' title='bbox 777 770 816 816; x_wconf 88' lang='lat'><strong>3,</strong></span> <span class='ocrx_word' id='word_1_119' title='bbox 842 767 917 806; x_wconf 89' lang='lat'><strong>205</strong></span> <span class='ocrx_word' id='word_1_120' title='bbox 949 767 996 806; x_wconf 85' lang='lat' dir='ltr'><strong>ad</strong></span> <span class='ocrx_word' id='word_1_121' title='bbox 1029 769 1135 806; x_wconf 84' lang='lat' dir='ltr'><strong>aliam</strong></span> <span class='ocrx_word' id='word_1_122' title='bbox 1159 768 1286 807; x_wconf 87' lang='lat' dir='ltr'><strong>aedem</strong></span> <span class='ocrx_word' id='word_1_123' title='bbox 1311 775 1478 819; x_wconf 82' lang='lat' dir='ltr'><strong>spectare</strong></span> <span class='ocrx_word' id='word_1_124' title='bbox 1502 782 1578 808; x_wconf 89' lang='lat' dir='ltr'><strong>non</strong></span> 
     </span>
     <span class='ocr_line' id='line_1_12' title="bbox 133 831 519 881; baseline 0 -12"><span class='ocrx_word' id='word_1_125' title='bbox 133 836 191 869; x_wconf 77' lang='lat' dir='ltr'><strong>est</strong></span> <span class='ocrx_word' id='word_1_126' title='bbox 215 831 314 881; x_wconf 89' lang='lat' dir='ltr'><strong>quod</strong></span> <span class='ocrx_word' id='word_1_127' title='bbox 340 844 519 870; x_wconf 86' lang='lat' dir='ltr'><strong>moneam.</strong></span> 
     </span>
    </p>

    <p class='ocr_par' dir='ltr' id='par_1_5' title="bbox 131 891 1582 2409">
     <span class='ocr_line' id='line_1_13' title="bbox 236 891 1579 943; baseline 0.002 -14"><span class='ocrx_word' id='word_1_128' title='bbox 236 893 421 943; x_wconf 86' lang='lat' dir='ltr'><strong>Templi</strong></span> <span class='ocrx_word' id='word_1_129' title='bbox 447 892 673 931; x_wconf 90' lang='lat' dir='ltr'><strong>Vediouis</strong></span> <span class='ocrx_word' id='word_1_130' title='bbox 698 891 813 930; x_wconf 88' lang='lat' dir='ltr'><strong>Nonis</strong></span> <span class='ocrx_word' id='word_1_131' title='bbox 833 892 970 930; x_wconf 87' lang='lat' dir='ltr'><strong>Martiis</strong></span> <span class='ocrx_word' id='word_1_132' title='bbox 997 892 1153 931; x_wconf 86' lang='lat' dir='ltr'><strong>dedicati</strong></span> <span class='ocrx_word' id='word_1_133' title='bbox 1177 892 1299 930; x_wconf 85' lang='lat' dir='ltr'><strong>locum</strong></span> <span class='ocrx_word' id='word_1_134' title='bbox 1324 899 1493 932; x_wconf 83' lang='lat' dir='ltr'><strong>accurate</strong></span> <span class='ocrx_word' id='word_1_135' title='bbox 1513 893 1579 932; x_wconf 89' lang='lat' dir='ltr'><strong>de·</strong></span> 
     </span>
     <span class='ocr_line' id='line_1_14' title="bbox 133 953 1580 1006; baseline 0.001 -14"><span class='ocrx_word' id='word_1_136' title='bbox 133 954 252 992; x_wconf 81' lang='lat' dir='ltr'><strong>finiuit</strong></span> <span class='ocrx_word' id='word_1_137' title='bbox 278 953 444 993; x_wconf 89' lang='lat' dir='ltr'><strong>Ouidius.</strong></span> <span class='ocrx_word' id='word_1_138' title='bbox 496 955 554 992; x_wconf 84' lang='lat' dir='ltr'><strong>Ea</strong></span> <span class='ocrx_word' id='word_1_139' title='bbox 587 954 657 992; x_wconf 88' lang='lat' dir='ltr'><strong>loci</strong></span> <span class='ocrx_word' id='word_1_140' title='bbox 683 961 769 1000; x_wconf 77' lang='lat' dir='ltr'><strong>nota</strong></span> <span class='ocrx_word' id='word_1_141' title='bbox 804 955 912 992; x_wconf 88' lang='lat' dir='ltr'><strong>etiam</strong></span> <span class='ocrx_word' id='word_1_142' title='bbox 938 960 1131 1006; x_wconf 89' lang='lat' dir='ltr'><strong>postquam</strong></span> <span class='ocrx_word' id='word_1_143' title='bbox 1158 956 1316 1005; x_wconf 88' lang='lat' dir='ltr'><strong>ignorari</strong></span> <span class='ocrx_word' id='word_1_144' title='bbox 1341 956 1460 1006; x_wconf 87' lang='lat' dir='ltr'><strong>coepit</strong></span> <span class='ocrx_word' id='word_1_145' title='bbox 1484 957 1580 994; x_wconf 84' lang='lat' dir='ltr'><strong>alte-</strong></span> 
     </span>
     <span class='ocr_line' id='line_1_15' title="bbox 133 1015 1580 1068; baseline 0.001 -14"><span class='ocrx_word' id='word_1_146' title='bbox 133 1029 217 1054; x_wconf 85' lang='lat' dir='ltr'><strong>rum</strong></span> <span class='ocrx_word' id='word_1_147' title='bbox 242 1015 414 1053; x_wconf 91' lang='lat' dir='ltr'><strong>Vediouis</strong></span> <span class='ocrx_word' id='word_1_148' title='bbox 440 1017 618 1067; x_wconf 89' lang='lat' dir='ltr'><strong>templum</strong></span> <span class='ocrx_word' id='word_1_149' title='bbox 644 1017 680 1052; x_wconf 94' lang='lat' dir='ltr'><strong>in</strong></span> <span class='ocrx_word' id='word_1_150' title='bbox 707 1017 823 1053; x_wconf 89' lang='lat' dir='ltr'><strong>insula</strong></span> <span class='ocrx_word' id='word_1_151' title='bbox 847 1029 941 1065; x_wconf 85' lang='lat' dir='ltr'><strong>esse,</strong></span> <span class='ocrx_word' id='word_1_152' title='bbox 967 1029 990 1053; x_wconf 83' lang='lat' dir='ltr'><strong>a</strong></span> <span class='ocrx_word' id='word_1_153' title='bbox 1013 1018 1247 1068; x_wconf 84' lang='lat' dir='ltr'><strong>scriptoribus</strong></span> <span class='ocrx_word' id='word_1_154' title='bbox 1272 1016 1356 1054; x_wconf 79' lang='lat' dir='ltr'><strong>addi</strong></span> <span class='ocrx_word' id='word_1_155' title='bbox 1381 1018 1489 1066; x_wconf 84' lang='lat' dir='ltr'><strong>solet,</strong></span> <span class='ocrx_word' id='word_1_156' title='bbox 1513 1016 1580 1056; x_wconf 86' lang='lat' dir='ltr'><strong>sed</strong></span> 
     </span>
     <span class='ocr_line' id='line_1_16' title="bbox 134 1077 1580 1128; baseline 0.001 -13"><span class='ocrx_word' id='word_1_157' title='bbox 134 1077 282 1115; x_wconf 86' lang='lat' dir='ltr'><strong>diuerso</strong></span> <span class='ocrx_word' id='word_1_158' title='bbox 308 1077 430 1117; x_wconf 90' lang='lat' dir='ltr'><strong>modo.</strong></span> <span class='ocrx_word' id='word_1_159' title='bbox 484 1081 585 1116; x_wconf 68' lang='lat' dir='ltr'><strong>Inter</strong></span> <span class='ocrx_word' id='word_1_160' title='bbox 611 1077 702 1115; x_wconf 77' lang='lat' dir='ltr'><strong>duos</strong></span> <span class='ocrx_word' id='word_1_161' title='bbox 727 1077 825 1116; x_wconf 65' lang='lat' dir='ltr'><strong>limos</strong></span> <span class='ocrx_word' id='word_1_162' title='bbox 849 1078 1031 1115; x_wconf 89' lang='lat' dir='ltr'><strong>locutione</strong></span> <span class='ocrx_word' id='word_1_163' title='bbox 1056 1079 1163 1116; x_wconf 85' lang='lat' dir='ltr'><strong>etiam</strong></span> <span class='ocrx_word' id='word_1_164' title='bbox 1190 1079 1376 1116; x_wconf 89' lang='lat' dir='ltr'><strong>Vitruuius</strong></span> <span class='ocrx_word' id='word_1_165' title='bbox 1400 1081 1440 1128; x_wconf 88' lang='grc'><strong>4,</strong></span> <span class='ocrx_word' id='word_1_166' title='bbox 1457 1082 1483 1117; x_wconf 91' lang='lat'><em>7</em></span> <span class='ocrx_word' id='word_1_167' title='bbox 1508 1080 1580 1117; x_wconf 87' lang='lat' dir='ltr'><strong>uti·</strong></span> 
     </span>
     <span class='ocr_line' id='line_1_17' title="bbox 132 1139 1580 1189; baseline 0.001 -13"><span class='ocrx_word' id='word_1_168' title='bbox 132 1145 216 1186; x_wconf 83' lang='lat' dir='ltr'><strong>tur,</strong></span> <span class='ocrx_word' id='word_1_169' title='bbox 252 1151 407 1189; x_wconf 88' lang='lat' dir='ltr'><strong>eamque</strong></span> <span class='ocrx_word' id='word_1_170' title='bbox 433 1140 645 1177; x_wconf 89' lang='lat' dir='ltr'><strong>tralaticiam</strong></span> <span class='ocrx_word' id='word_1_171' title='bbox 670 1139 781 1177; x_wconf 77' lang='lat' dir='ltr'><strong>fuisse</strong></span> <span class='ocrx_word' id='word_1_172' title='bbox 803 1139 995 1188; x_wconf 89' lang='lat' dir='ltr'><strong>Dionysius</strong></span> <span class='ocrx_word' id='word_1_173' title='bbox 1020 1144 1060 1188; x_wconf 91' lang='lat'><strong>2,</strong></span> <span class='ocrx_word' id='word_1_174' title='bbox 1079 1142 1126 1178; x_wconf 98' lang='lat'><strong>15</strong></span> <span class='ocrx_word' id='word_1_175' title='bbox 1152 1140 1386 1177; x_wconf 88' lang='lat' dir='ltr'><strong>demonstrat.</strong></span> <span class='ocrx_word' id='word_1_176' title='bbox 1438 1141 1580 1178; x_wconf 84' lang='lat' dir='ltr'><strong>Gellius</strong></span> 
     </span>
     <span class='ocr_line' id='line_1_18' title="bbox 131 1200 1581 1252; baseline -0.001 -12"><span class='ocrx_word' id='word_1_177' title='bbox 131 1201 175 1250; x_wconf 82' lang='lat'><strong>5,</strong></span> <span class='ocrx_word' id='word_1_178' title='bbox 193 1205 242 1239; x_wconf 92' lang='lat'><strong>12</strong></span> <span class='ocrx_word' id='word_1_179' title='bbox 265 1201 384 1238; x_wconf 89' lang='lat' dir='ltr'><strong>obiter</strong></span> <span class='ocrx_word' id='word_1_180' title='bbox 410 1200 497 1237; x_wconf 86' lang='lat' dir='ltr'><strong>dixit</strong></span> <span class='ocrx_word' id='word_1_181' title='bbox 532 1202 627 1238; x_wconf 76' lang='lat' dir='ltr'><strong>inter</strong></span> <span class='ocrx_word' id='word_1_182' title='bbox 659 1214 778 1239; x_wconf 82' lang='lat' dir='ltr'><strong>arcem</strong></span> <span class='ocrx_word' id='word_1_183' title='bbox 810 1206 845 1239; x_wconf 80' lang='lat' dir='ltr'><strong>et</strong></span> <span class='ocrx_word' id='word_1_184' title='bbox 882 1202 1110 1252; x_wconf 76' lang='lat' dir='ltr'><strong>Capitolium.</strong></span> <span class='ocrx_word' id='word_1_185' title='bbox 1173 1202 1291 1239; x_wconf 90' lang='lat' dir='ltr'><strong>Varro</strong></span> <span class='ocrx_word' id='word_1_186' title='bbox 1324 1203 1361 1238; x_wconf 91' lang='lat' dir='ltr'><strong>in</strong></span> <span class='ocrx_word' id='word_1_187' title='bbox 1395 1201 1529 1251; x_wconf 77' lang='lat' dir='ltr'><strong>fragm.</strong></span> <span class='ocrx_word' id='word_1_188' title='bbox 1554 1203 1581 1238; x_wconf 97' lang='lat'>4</span> 
     </span>
     <span class='ocr_line' id='line_1_19' title="bbox 132 1262 1580 1314; baseline 0 -14"><span class='ocrx_word' id='word_1_189' title='bbox 132 1275 245 1313; x_wconf 76' lang='lat' dir='ltr'><strong>supra</strong></span> <span class='ocrx_word' id='word_1_190' title='bbox 272 1263 405 1313; x_wconf 86' lang='lat' dir='ltr'><strong>posito,</strong></span> <span class='ocrx_word' id='word_1_191' title='bbox 432 1275 589 1312; x_wconf 90' lang='lat' dir='ltr'><strong>quocum</strong></span> <span class='ocrx_word' id='word_1_192' title='bbox 615 1262 681 1300; x_wconf 82' lang='lat' dir='ltr'><strong>cfr.</strong></span> <span class='ocrx_word' id='word_1_193' title='bbox 709 1263 782 1302; x_wconf 85' lang='lat' dir='ltr'><strong>Ou.</strong></span> <span class='ocrx_word' id='word_1_194' title='bbox 805 1267 844 1311; x_wconf 85' lang='lat'><strong>3,</strong></span> <span class='ocrx_word' id='word_1_195' title='bbox 861 1266 950 1312; x_wconf 85' lang='lat'>443,</span> <span class='ocrx_word' id='word_1_196' title='bbox 976 1266 1015 1301; x_wconf 76' lang='lat' dir='ltr'><strong>in</strong></span> <span class='ocrx_word' id='word_1_197' title='bbox 1040 1264 1216 1314; x_wconf 77' lang='lat' dir='ltr'><strong>Capitolio</strong></span> <span class='ocrx_word' id='word_1_198' title='bbox 1243 1263 1463 1313; x_wconf 88' lang='lat' dir='ltr'><strong>simpliciter.</strong></span> <span class='ocrx_word' id='word_1_199' title='bbox 1505 1262 1580 1300; x_wconf 90' lang='lat' dir='ltr'><strong>Pli-</strong></span> 
     </span>
     <span class='ocr_line' id='line_1_20' title="bbox 135 1323 1582 1373; baseline 0 -11"><span class='ocrx_word' id='word_1_200' title='bbox 135 1325 216 1363; x_wconf 85' lang='lat' dir='ltr'><strong>nius</strong></span> <span class='ocrx_word' id='word_1_201' title='bbox 244 1330 318 1361; x_wconf 87' lang='lat' dir='ltr'><strong>nat.</strong></span> <span class='ocrx_word' id='word_1_202' title='bbox 338 1323 421 1362; x_wconf 78' lang='lat' dir='ltr'><strong>hist.</strong></span> <span class='ocrx_word' id='word_1_203' title='bbox 446 1328 507 1372; x_wconf 88' lang='lat'><strong>16,</strong></span> <span class='ocrx_word' id='word_1_204' title='bbox 524 1326 588 1373; x_wconf 85' lang='lat'><strong>40,</strong></span> <span class='ocrx_word' id='word_1_205' title='bbox 617 1327 639 1371; x_wconf 87' lang='lat'>§</span> <span class='ocrx_word' id='word_1_206' title='bbox 654 1325 748 1363; x_wconf 85' lang='lat'>215:</span> <span class='ocrx_word' id='word_1_207' title='bbox 780 1327 910 1362; x_wconf 83' lang='lat' dir='ltr'><strong>Nonne</strong></span> <span class='ocrx_word' id='word_1_208' title='bbox 932 1326 1167 1364; x_wconf 73' lang='lat' dir='ltr'><strong>simulacrum</strong></span> <span class='ocrx_word' id='word_1_209' title='bbox 1196 1325 1366 1363; x_wconf 64' lang='lat' dir='ltr'><strong>Vediouis</strong></span> <span class='ocrx_word' id='word_1_210' title='bbox 1390 1325 1426 1362; x_wconf 93' lang='lat' dir='ltr'><strong>in</strong></span> <span class='ocrx_word' id='word_1_211' title='bbox 1453 1336 1538 1363; x_wconf 82' lang='lat' dir='ltr'><strong>arce</strong></span> <span class='ocrx_word' id='word_1_212' title='bbox 1561 1337 1582 1362; x_wconf 80' lang='lat' dir='ltr'><strong>e</strong></span> 
     </span>
     <span class='ocr_line' id='line_1_21' title="bbox 134 1384 1582 1436; baseline 0.001 -13"><span class='ocrx_word' id='word_1_213' title='bbox 134 1397 306 1436; x_wconf 76' lang='lat' dir='ltr'><strong>cupressu</strong></span> <span class='ocrx_word' id='word_1_214' title='bbox 325 1384 436 1424; x_wconf 69' lang='lat' dir='ltr'><strong>durat</strong></span> <span class='ocrx_word' id='word_1_215' title='bbox 457 1399 481 1424; x_wconf 85' lang='grc' dir='ltr'><strong><em>α</em></strong></span> <span class='ocrx_word' id='word_1_216' title='bbox 501 1387 645 1424; x_wconf 78' lang='lat' dir='ltr'><strong>condita</strong></span> <span class='ocrx_word' id='word_1_217' title='bbox 669 1385 761 1424; x_wconf 80' lang='lat' dir='ltr'><strong>Vrbe</strong></span> <span class='ocrx_word' id='word_1_218' title='bbox 778 1388 963 1425; x_wconf 85' lang='lat' dir='ltr'><strong>DGLImo</strong></span> <span class='ocrx_word' id='word_1_219' title='bbox 982 1400 1078 1426; x_wconf 82' lang='grc' dir='ltr'><strong>αηηο</strong></span> <span class='ocrx_word' id='word_1_220' title='bbox 1103 1387 1272 1425; x_wconf 76' lang='lat' dir='ltr'><strong>dicatum.</strong></span> <span class='ocrx_word' id='word_1_221' title='bbox 1314 1388 1381 1424; x_wconf 89' lang='lat' dir='ltr'><strong>Hic</strong></span> <span class='ocrx_word' id='word_1_222' title='bbox 1409 1400 1496 1425; x_wconf 84' lang='lat' dir='ltr'><strong>uero</strong></span> <span class='ocrx_word' id='word_1_223' title='bbox 1522 1399 1582 1425; x_wconf 88' lang='lat' dir='ltr'><strong>re-</strong></span> 
     </span>
     <span class='ocr_line' id='line_1_22' title="bbox 133 1447 1581 1500; baseline 0.002 -16"><span class='ocrx_word' id='word_1_224' title='bbox 133 1447 314 1485; x_wconf 84' lang='lat' dir='ltr'><strong>conditius</strong></span> <span class='ocrx_word' id='word_1_225' title='bbox 339 1448 427 1498; x_wconf 90' lang='lat' dir='ltr'><strong>quid</strong></span> <span class='ocrx_word' id='word_1_226' title='bbox 453 1448 581 1496; x_wconf 84' lang='lat' dir='ltr'><strong>latere,</strong></span> <span class='ocrx_word' id='word_1_227' title='bbox 607 1461 727 1499; x_wconf 91' lang='lat' dir='ltr'><strong>neque</strong></span> <span class='ocrx_word' id='word_1_228' title='bbox 755 1449 947 1499; x_wconf 91' lang='lat' dir='ltr'><strong>quicquam</strong></span> <span class='ocrx_word' id='word_1_229' title='bbox 973 1450 1100 1499; x_wconf 84' lang='lat' dir='ltr'><strong>profici</strong></span> <span class='ocrx_word' id='word_1_230' title='bbox 1126 1450 1256 1500; x_wconf 84' lang='lat' dir='ltr'><strong>opinor</strong></span> <span class='ocrx_word' id='word_1_231' title='bbox 1274 1449 1439 1499; x_wconf 87' lang='lat' dir='ltr'><strong>Fogginii</strong></span> <span class='ocrx_word' id='word_1_232' title='bbox 1465 1449 1581 1498; x_wconf 81' lang='lat' dir='ltr'><strong>expli-</strong></span> 
     </span>
     <span class='ocr_line' id='line_1_23' title="bbox 134 1509 1581 1560; baseline 0.001 -13"><span class='ocrx_word' id='word_1_233' title='bbox 134 1510 278 1548; x_wconf 85' lang='lat' dir='ltr'><strong>catione</strong></span> <span class='ocrx_word' id='word_1_234' title='bbox 305 1523 343 1560; x_wconf 88' lang='lat' dir='ltr'><strong>p.</strong></span> <span class='ocrx_word' id='word_1_235' title='bbox 360 1512 425 1557; x_wconf 87' lang='lat'><strong>27,</strong></span> <span class='ocrx_word' id='word_1_236' title='bbox 449 1516 512 1546; x_wconf 87' lang='lat' dir='ltr'><strong>aut</strong></span> <span class='ocrx_word' id='word_1_237' title='bbox 538 1509 676 1548; x_wconf 88' lang='lat' dir='ltr'><strong>Sachsii</strong></span> <span class='ocrx_word' id='word_1_238' title='bbox 706 1514 742 1558; x_wconf 92' lang='lat' dir='ltr'><strong>l,</strong></span> <span class='ocrx_word' id='word_1_239' title='bbox 770 1523 807 1560; x_wconf 89' lang='lat' dir='ltr'><strong>p.</strong></span> <span class='ocrx_word' id='word_1_240' title='bbox 823 1512 910 1548; x_wconf 84' lang='lat'><strong>458.</strong></span> <span class='ocrx_word' id='word_1_241' title='bbox 963 1511 1115 1549; x_wconf 86' lang='lat' dir='ltr'><strong>Verrius</strong></span> <span class='ocrx_word' id='word_1_242' title='bbox 1150 1511 1244 1549; x_wconf 89' lang='lat' dir='ltr'><strong>enim</strong></span> <span class='ocrx_word' id='word_1_243' title='bbox 1279 1510 1314 1547; x_wconf 92' lang='lat' dir='ltr'><strong>in</strong></span> <span class='ocrx_word' id='word_1_244' title='bbox 1341 1510 1441 1548; x_wconf 87' lang='lat' dir='ltr'><strong>fastis</strong></span> <span class='ocrx_word' id='word_1_245' title='bbox 1466 1511 1581 1549; x_wconf 89' lang='lat' dir='ltr'><strong>Prae-</strong></span> 
     </span>
     <span class='ocr_line' id='line_1_24' title="bbox 133 1571 1581 1622; baseline 0.004 -15"><span class='ocrx_word' id='word_1_246' title='bbox 133 1571 281 1608; x_wconf 82' lang='lat' dir='ltr'><strong>nestinis</strong></span> <span class='ocrx_word' id='word_1_247' title='bbox 306 1571 357 1608; x_wconf 87' lang='lat' dir='ltr'><strong>ita</strong></span> <span class='ocrx_word' id='word_1_248' title='bbox 384 1571 549 1622; x_wconf 84' lang='lat' dir='ltr'><strong>reliquit:</strong></span> <span class='ocrx_word' id='word_1_249' title='bbox 589 1571 1581 1613; x_wconf 83' lang='lat' dir='ltr'><strong>VeleVI.ARCIS.VEDIOVIS.INTER.DVOS.</strong></span> 
     </span>
     <span class='ocr_line' id='line_1_25' title="bbox 131 1631 1579 1684; baseline 0.002 -14"><span class='ocrx_word' id='word_1_250' title='bbox 131 1631 316 1670; x_wconf 85' lang='lat' dir='ltr'><strong>LVCOS.</strong></span> <span class='ocrx_word' id='word_1_251' title='bbox 369 1634 449 1670; x_wconf 89' lang='lat' dir='ltr'><strong>Hoc</strong></span> <span class='ocrx_word' id='word_1_252' title='bbox 473 1633 503 1669; x_wconf 86' lang='lat' dir='ltr'><strong>si</strong></span> <span class='ocrx_word' id='word_1_253' title='bbox 537 1634 765 1683; x_wconf 86' lang='lat' dir='ltr'><strong>componitur</strong></span> <span class='ocrx_word' id='word_1_254' title='bbox 798 1647 879 1671; x_wconf 92' lang='lat' dir='ltr'><strong>cum</strong></span> <span class='ocrx_word' id='word_1_255' title='bbox 907 1634 1031 1672; x_wconf 89' lang='lat' dir='ltr'><strong>Ouidii</strong></span> <span class='ocrx_word' id='word_1_256' title='bbox 1056 1635 1199 1682; x_wconf 88' lang='lat' dir='ltr'><strong>uerbis,</strong></span> <span class='ocrx_word' id='word_1_257' title='bbox 1234 1634 1363 1684; x_wconf 86' lang='lat' dir='ltr'><strong>quibus</strong></span> <span class='ocrx_word' id='word_1_258' title='bbox 1391 1647 1485 1672; x_wconf 89' lang='lat' dir='ltr'><strong>uers.</strong></span> <span class='ocrx_word' id='word_1_259' title='bbox 1503 1637 1579 1673; x_wconf 83' lang='grc'><strong>431</strong></span> 
     </span>
     <span class='ocr_line' id='line_1_26' title="bbox 133 1694 1582 1745; baseline 0.001 -14"><span class='ocrx_word' id='word_1_260' title='bbox 133 1706 244 1745; x_wconf 88' lang='lat' dir='ltr'><strong>quem</strong></span> <span class='ocrx_word' id='word_1_261' title='bbox 270 1695 390 1732; x_wconf 90' lang='lat' dir='ltr'><strong>locum</strong></span> <span class='ocrx_word' id='word_1_262' title='bbox 415 1694 540 1732; x_wconf 90' lang='lat' dir='ltr'><strong>Liuius</strong></span> <span class='ocrx_word' id='word_1_263' title='bbox 569 1698 603 1742; x_wconf 93' lang='lat'><strong>1,</strong></span> <span class='ocrx_word' id='word_1_264' title='bbox 629 1697 654 1731; x_wconf 90' lang='grc'>8</span> <span class='ocrx_word' id='word_1_265' title='bbox 681 1702 717 1732; x_wconf 88' lang='lat' dir='ltr'><strong>et</strong></span> <span class='ocrx_word' id='word_1_266' title='bbox 741 1696 812 1732; x_wconf 93' lang='lat' dir='ltr'><strong>Dio</strong></span> <span class='ocrx_word' id='word_1_267' title='bbox 839 1698 902 1744; x_wconf 88' lang='lat'><strong>47,</strong></span> <span class='ocrx_word' id='word_1_268' title='bbox 931 1697 978 1731; x_wconf 85' lang='grc'><strong>19</strong></span> <span class='ocrx_word' id='word_1_269' title='bbox 1003 1704 1132 1745; x_wconf 86' lang='lat' dir='ltr'><strong>postea</strong></span> <span class='ocrx_word' id='word_1_270' title='bbox 1159 1702 1324 1745; x_wconf 84' lang='lat' dir='ltr'><strong>saeptum</strong></span> <span class='ocrx_word' id='word_1_271' title='bbox 1352 1696 1411 1733; x_wconf 88' lang='lat' dir='ltr'><strong>uel</strong></span> <span class='ocrx_word' id='word_1_272' title='bbox 1436 1696 1582 1733; x_wconf 83' lang='lat' dir='ltr'><strong>obstru-</strong></span> 
     </span>
     <span class='ocr_line' id='line_1_27' title="bbox 131 1755 1582 1808; baseline 0.002 -15"><span class='ocrx_word' id='word_1_273' title='bbox 131 1761 232 1793; x_wconf 86' lang='lat' dir='ltr'><strong>ctum</strong></span> <span class='ocrx_word' id='word_1_274' title='bbox 261 1755 431 1793; x_wconf 86' lang='lat' dir='ltr'><strong>uidentur</strong></span> <span class='ocrx_word' id='word_1_275' title='bbox 458 1755 664 1803; x_wconf 86' lang='lat' dir='ltr'><strong>credidisse,</strong></span> <span class='ocrx_word' id='word_1_276' title='bbox 690 1757 761 1794; x_wconf 87' lang='lat' dir='ltr'><strong>iam</strong></span> <span class='ocrx_word' id='word_1_277' title='bbox 789 1764 874 1793; x_wconf 91' lang='lat' dir='ltr'><strong>tunc</strong></span> <span class='ocrx_word' id='word_1_278' title='bbox 894 1768 916 1793; x_wconf 84' lang='lat' dir='ltr'><strong>a</strong></span> <span class='ocrx_word' id='word_1_279' title='bbox 936 1757 1094 1793; x_wconf 87' lang='lat' dir='ltr'><strong>Romulo</strong></span> <span class='ocrx_word' id='word_1_280' title='bbox 1113 1757 1289 1793; x_wconf 87' lang='lat' dir='ltr'><strong>munitum</strong></span> <span class='ocrx_word' id='word_1_281' title='bbox 1314 1769 1424 1795; x_wconf 78' lang='lat' dir='ltr'><strong>saxeo</strong></span> <span class='ocrx_word' id='word_1_282' title='bbox 1449 1769 1582 1808; x_wconf 83' lang='lat' dir='ltr'><strong>aggere</strong></span> 
     </span>
     <span class='ocr_line' id='line_1_28' title="bbox 131 1817 1580 1867; baseline 0.001 -12"><span class='ocrx_word' id='word_1_283' title='bbox 131 1817 288 1867; x_wconf 81' lang='lat' dir='ltr'><strong>scripsit,</strong></span> <span class='ocrx_word' id='word_1_284' title='bbox 315 1818 486 1854; x_wconf 87' lang='lat' dir='ltr'><strong>credibile</strong></span> <span class='ocrx_word' id='word_1_285' title='bbox 504 1824 560 1854; x_wconf 91' lang='lat' dir='ltr'><strong>est</strong></span> <span class='ocrx_word' id='word_1_286' title='bbox 578 1819 676 1855; x_wconf 73' lang='lat' dir='ltr'><strong>arcis</strong></span> <span class='ocrx_word' id='word_1_287' title='bbox 701 1817 870 1855; x_wconf 70' lang='lat' dir='ltr'><strong>Vediouis</strong></span> <span class='ocrx_word' id='word_1_288' title='bbox 888 1818 1170 1867; x_wconf 84' lang='lat' dir='ltr'><strong>appellationem</strong></span> <span class='ocrx_word' id='word_1_289' title='bbox 1190 1817 1274 1854; x_wconf 92' lang='lat' dir='ltr'><strong>olim</strong></span> <span class='ocrx_word' id='word_1_290' title='bbox 1299 1818 1336 1855; x_wconf 93' lang='lat' dir='ltr'><strong>in</strong></span> <span class='ocrx_word' id='word_1_291' title='bbox 1364 1831 1431 1856; x_wconf 90' lang='lat' dir='ltr'><strong>usu</strong></span> <span class='ocrx_word' id='word_1_292' title='bbox 1455 1819 1580 1857; x_wconf 86' lang='lat' dir='ltr'><strong>fuisse.</strong></span> 
     </span>
     <span class='ocr_line' id='line_1_29' title="bbox 132 1877 1582 1930; baseline 0.001 -13"><span class='ocrx_word' id='word_1_293' title='bbox 132 1878 221 1917; x_wconf 89' lang='lat' dir='ltr'><strong>Non</strong></span> <span class='ocrx_word' id='word_1_294' title='bbox 246 1880 443 1930; x_wconf 85' lang='lat' dir='ltr'><strong>explicauit</strong></span> <span class='ocrx_word' id='word_1_295' title='bbox 467 1879 562 1915; x_wconf 79' lang='lat' dir='ltr'><strong>lianc</strong></span> <span class='ocrx_word' id='word_1_296' title='bbox 588 1890 665 1916; x_wconf 88' lang='lat' dir='ltr'><strong>rem</strong></span> <span class='ocrx_word' id='word_1_297' title='bbox 690 1879 840 1917; x_wconf 90' lang='lat' dir='ltr'><strong>Bunsen</strong></span> <span class='ocrx_word' id='word_1_298' title='bbox 866 1878 982 1916; x_wconf 87' lang='lat' dir='ltr'><strong>descr.</strong></span> <span class='ocrx_word' id='word_1_299' title='bbox 1003 1877 1098 1918; x_wconf 88' lang='lat' dir='ltr'><strong>Vrb.</strong></span> <span class='ocrx_word' id='word_1_300' title='bbox 1122 1881 1160 1927; x_wconf 92' lang='lat'><strong>3,</strong></span> <span class='ocrx_word' id='word_1_301' title='bbox 1182 1883 1219 1926; x_wconf 95' lang='lat'><strong>1,</strong></span> <span class='ocrx_word' id='word_1_302' title='bbox 1245 1892 1282 1929; x_wconf 89' lang='lat' dir='ltr'><strong>p.</strong></span> <span class='ocrx_word' id='word_1_303' title='bbox 1300 1884 1344 1916; x_wconf 92' lang='lat'><strong>11</strong></span> <span class='ocrx_word' id='word_1_304' title='bbox 1362 1892 1442 1930; x_wconf 88' lang='lat' dir='ltr'><strong>sqq.</strong></span> <span class='ocrx_word' id='word_1_305' title='bbox 1485 1880 1582 1918; x_wconf 88' lang='lat' dir='ltr'><strong>Cae·</strong></span> 
     </span>
     <span class='ocr_line' id='line_1_30' title="bbox 132 1940 1581 1992; baseline 0.001 -13"><span class='ocrx_word' id='word_1_306' title='bbox 132 1946 252 1980; x_wconf 82' lang='lat' dir='ltr'><strong>terum</strong></span> <span class='ocrx_word' id='word_1_307' title='bbox 277 1942 461 1991; x_wconf 85' lang='lat' dir='ltr'><strong>sapienter</strong></span> <span class='ocrx_word' id='word_1_308' title='bbox 480 1940 635 1978; x_wconf 90' lang='lat' dir='ltr'><strong>Ouidius</strong></span> <span class='ocrx_word' id='word_1_309' title='bbox 662 1941 773 1989; x_wconf 85' lang='lat' dir='ltr'><strong>cauit,</strong></span> <span class='ocrx_word' id='word_1_310' title='bbox 800 1952 846 1977; x_wconf 90' lang='lat' dir='ltr'><strong>ne</strong></span> <span class='ocrx_word' id='word_1_311' title='bbox 871 1941 1004 1990; x_wconf 87' lang='lat' dir='ltr'><strong>apertis</strong></span> <span class='ocrx_word' id='word_1_312' title='bbox 1030 1941 1164 1989; x_wconf 88' lang='lat' dir='ltr'><strong>uerbis,</strong></span> <span class='ocrx_word' id='word_1_313' title='bbox 1194 1941 1244 1977; x_wconf 92' lang='lat' dir='ltr'><strong>uti</strong></span> <span class='ocrx_word' id='word_1_314' title='bbox 1262 1941 1455 1991; x_wconf 88' lang='lat' dir='ltr'><strong>Dionysius</strong></span> <span class='ocrx_word' id='word_1_315' title='bbox 1478 1942 1581 1992; x_wconf 85' lang='lat' dir='ltr'><strong>fecit,</strong></span> 
     </span>
     <span class='ocr_line' id='line_1_31' title="bbox 133 2001 1582 2053; baseline 0.001 -12"><span class='ocrx_word' id='word_1_316' title='bbox 133 2004 261 2053; x_wconf 89' lang='lat' dir='ltr'><strong>templi</strong></span> <span class='ocrx_word' id='word_1_317' title='bbox 287 2003 383 2040; x_wconf 84' lang='lat' dir='ltr'><strong>illam</strong></span> <span class='ocrx_word' id='word_1_318' title='bbox 410 2002 672 2041; x_wconf 87' lang='lat' dir='ltr'><strong>dedicationem</strong></span> <span class='ocrx_word' id='word_1_319' title='bbox 698 2001 797 2039; x_wconf 89' lang='lat' dir='ltr'><strong>Nou.</strong></span> <span class='ocrx_word' id='word_1_320' title='bbox 821 2001 930 2038; x_wconf 79' lang='lat' dir='ltr'><strong>Mart.</strong></span> <span class='ocrx_word' id='word_1_321' title='bbox 959 2002 1005 2038; x_wconf 87' lang='lat' dir='ltr'><strong>ad</strong></span> <span class='ocrx_word' id='word_1_322' title='bbox 1033 2002 1228 2039; x_wconf 89' lang='lat' dir='ltr'><strong>Romulum</strong></span> <span class='ocrx_word' id='word_1_323' title='bbox 1255 2002 1421 2041; x_wconf 80' lang='lat' dir='ltr'><strong>referret.</strong></span> <span class='ocrx_word' id='word_1_324' title='bbox 1473 2006 1582 2043; x_wconf 83' lang='lat' dir='ltr'><strong>Aram</strong></span> 
     </span>
     <span class='ocr_line' id='line_1_32' title="bbox 134 2062 1582 2110; baseline 0.002 -8"><span class='ocrx_word' id='word_1_325' title='bbox 134 2076 159 2102; x_wconf 86' lang='lat' dir='ltr'><strong>a</strong></span> <span class='ocrx_word' id='word_1_326' title='bbox 184 2065 296 2102; x_wconf 87' lang='lat' dir='ltr'><strong>Tatio</strong></span> <span class='ocrx_word' id='word_1_327' title='bbox 323 2071 570 2103; x_wconf 85' lang='lat' dir='ltr'><strong>consecratam</strong></span> <span class='ocrx_word' id='word_1_328' title='bbox 595 2063 714 2100; x_wconf 86' lang='lat' dir='ltr'><strong>Varro</strong></span> <span class='ocrx_word' id='word_1_329' title='bbox 741 2062 789 2099; x_wconf 90' lang='lat' dir='ltr'><strong>de</strong></span> <span class='ocrx_word' id='word_1_330' title='bbox 815 2063 884 2100; x_wconf 89' lang='lat' dir='ltr'><strong>1.l.</strong></span> <span class='ocrx_word' id='word_1_331' title='bbox 912 2064 950 2110; x_wconf 91' lang='lat'><strong>5,</strong></span> <span class='ocrx_word' id='word_1_332' title='bbox 971 2063 1021 2100; x_wconf 88' lang='lat'><strong>74</strong></span> <span class='ocrx_word' id='word_1_333' title='bbox 1047 2075 1069 2100; x_wconf 85' lang='lat' dir='ltr'><strong>a</strong></span> <span class='ocrx_word' id='word_1_334' title='bbox 1094 2063 1272 2101; x_wconf 84' lang='lat' dir='ltr'><strong>Muellero</strong></span> <span class='ocrx_word' id='word_1_335' title='bbox 1298 2072 1480 2109; x_wconf 72' lang='lat' dir='ltr'><strong>correctus</strong></span> <span class='ocrx_word' id='word_1_336' title='bbox 1507 2072 1582 2105; x_wconf 84' lang='lat' dir='ltr'><strong>tra·</strong></span> 
     </span>
     <span class='ocr_line' id='line_1_33' title="bbox 134 2123 1582 2176; baseline 0.002 -13"><span class='ocrx_word' id='word_1_337' title='bbox 134 2125 199 2164; x_wconf 86' lang='lat' dir='ltr'><strong>dit.</strong></span> <span class='ocrx_word' id='word_1_338' title='bbox 252 2124 451 2176; x_wconf 89' lang='lat' dir='ltr'><strong>Templum</strong></span> <span class='ocrx_word' id='word_1_339' title='bbox 477 2137 552 2176; x_wconf 92' lang='lat' dir='ltr'><strong>quo</strong></span> <span class='ocrx_word' id='word_1_340' title='bbox 586 2136 682 2162; x_wconf 88' lang='lat' dir='ltr'><strong>anno</strong></span> <span class='ocrx_word' id='word_1_341' title='bbox 710 2129 932 2174; x_wconf 87' lang='lat' dir='ltr'><strong>postremum</strong></span> <span class='ocrx_word' id='word_1_342' title='bbox 959 2123 1117 2161; x_wconf 87' lang='lat' dir='ltr'><strong>dicatum</strong></span> <span class='ocrx_word' id='word_1_343' title='bbox 1151 2125 1218 2173; x_wconf 90' lang='lat' dir='ltr'><strong>sit,</strong></span> <span class='ocrx_word' id='word_1_344' title='bbox 1250 2126 1477 2174; x_wconf 87' lang='lat' dir='ltr'><strong>ignoramus,</strong></span> <span class='ocrx_word' id='word_1_345' title='bbox 1509 2129 1582 2166; x_wconf 83' lang='lat' dir='ltr'><strong>nisi</strong></span> 
     </span>
     <span class='ocr_line' id='line_1_34' title="bbox 133 2184 1581 2239; baseline 0.001 -13"><span class='ocrx_word' id='word_1_346' title='bbox 133 2187 231 2226; x_wconf 74' lang='lat' dir='ltr'><strong>forte</strong></span> <span class='ocrx_word' id='word_1_347' title='bbox 256 2187 356 2239; x_wconf 87' lang='lat' dir='ltr'><strong>apud</strong></span> <span class='ocrx_word' id='word_1_348' title='bbox 373 2187 529 2224; x_wconf 87' lang='lat' dir='ltr'><strong>Plinium</strong></span> <span class='ocrx_word' id='word_1_349' title='bbox 545 2186 648 2223; x_wconf 91' lang='lat' dir='ltr'><strong>DLX</strong></span> <span class='ocrx_word' id='word_1_350' title='bbox 674 2184 867 2236; x_wconf 88' lang='lat' dir='ltr'><strong>legendum</strong></span> <span class='ocrx_word' id='word_1_351' title='bbox 892 2186 952 2233; x_wconf 92' lang='lat' dir='ltr'><strong>sit,</strong></span> <span class='ocrx_word' id='word_1_352' title='bbox 978 2192 1017 2223; x_wconf 87' lang='lat' dir='ltr'><strong>et</strong></span> <span class='ocrx_word' id='word_1_353' title='bbox 1036 2186 1161 2223; x_wconf 91' lang='lat' dir='ltr'><strong>Liuius</strong></span> <span class='ocrx_word' id='word_1_354' title='bbox 1187 2186 1286 2236; x_wconf 89' lang='lat' dir='ltr'><strong>quod</strong></span> <span class='ocrx_word' id='word_1_355' title='bbox 1312 2188 1371 2224; x_wconf 88' lang='lat' dir='ltr'><strong>alii</strong></span> <span class='ocrx_word' id='word_1_356' title='bbox 1397 2189 1581 2228; x_wconf 84' lang='lat' dir='ltr'><strong>annalium</strong></span> 
     </span>
     <span class='ocr_line' id='line_1_35' title="bbox 134 2247 1582 2298; baseline 0.001 -12"><span class='ocrx_word' id='word_1_357' title='bbox 134 2256 302 2287; x_wconf 81' lang='lat' dir='ltr'><strong>auctores</strong></span> <span class='ocrx_word' id='word_1_358' title='bbox 328 2262 349 2286; x_wconf 89' lang='lat' dir='ltr'><strong>a</strong></span> <span class='ocrx_word' id='word_1_359' title='bbox 376 2250 420 2286; x_wconf 92' lang='lat' dir='ltr'><strong>L.</strong></span> <span class='ocrx_word' id='word_1_360' title='bbox 441 2249 552 2286; x_wconf 89' lang='lat' dir='ltr'><strong>Furio</strong></span> <span class='ocrx_word' id='word_1_361' title='bbox 574 2249 815 2298; x_wconf 89' lang='lat' dir='ltr'><strong>Purpureone</strong></span> <span class='ocrx_word' id='word_1_362' title='bbox 840 2247 1015 2297; x_wconf 87' lang='lat' dir='ltr'><strong>templum</strong></span> <span class='ocrx_word' id='word_1_363' title='bbox 1042 2247 1214 2285; x_wconf 85' lang='lat' dir='ltr'><strong>Vediouis</strong></span> <span class='ocrx_word' id='word_1_364' title='bbox 1240 2249 1275 2285; x_wconf 91' lang='lat' dir='ltr'><strong>in</strong></span> <span class='ocrx_word' id='word_1_365' title='bbox 1302 2248 1433 2296; x_wconf 83' lang='lat' dir='ltr'><strong>insula,</strong></span> <span class='ocrx_word' id='word_1_366' title='bbox 1459 2249 1518 2287; x_wconf 87' lang='lat' dir='ltr'><strong>alii</strong></span> <span class='ocrx_word' id='word_1_367' title='bbox 1543 2250 1582 2288; x_wconf 87' lang='lat' dir='ltr'><strong>in</strong></span> 
     </span>
     <span class='ocr_line' id='line_1_36' title="bbox 135 2309 1582 2359; baseline 0.001 -12"><span class='ocrx_word' id='word_1_368' title='bbox 135 2320 222 2347; x_wconf 81' lang='lat' dir='ltr'><strong>arce</strong></span> <span class='ocrx_word' id='word_1_369' title='bbox 246 2310 382 2348; x_wconf 86' lang='lat' dir='ltr'><strong>factum</strong></span> <span class='ocrx_word' id='word_1_370' title='bbox 409 2309 650 2359; x_wconf 86' lang='lat' dir='ltr'><strong>tradiderint,</strong></span> <span class='ocrx_word' id='word_1_371' title='bbox 678 2310 756 2347; x_wconf 87' lang='lat' dir='ltr'><strong>illos</strong></span> <span class='ocrx_word' id='word_1_372' title='bbox 782 2309 862 2346; x_wconf 87' lang='lat' dir='ltr'><strong>loco</strong></span> <span class='ocrx_word' id='word_1_373' title='bbox 888 2321 1000 2359; x_wconf 86' lang='lat' dir='ltr'><strong>supra</strong></span> <span class='ocrx_word' id='word_1_374' title='bbox 1024 2309 1201 2355; x_wconf 87' lang='lat' dir='ltr'><strong>indicato,</strong></span> <span class='ocrx_word' id='word_1_375' title='bbox 1228 2309 1294 2347; x_wconf 87' lang='lat' dir='ltr'><strong>hos</strong></span> <span class='ocrx_word' id='word_1_376' title='bbox 1319 2311 1384 2359; x_wconf 81' lang='lat'><strong>35,</strong></span> <span class='ocrx_word' id='word_1_377' title='bbox 1399 2313 1446 2347; x_wconf 88' lang='lat'><strong>41</strong></span> <span class='ocrx_word' id='word_1_378' title='bbox 1473 2322 1582 2349; x_wconf 84' lang='lat' dir='ltr'><strong>secu-</strong></span> 
     </span>
     <span class='ocr_line' id='line_1_37' title="bbox 135 2371 345 2409; baseline -0.005 0"><span class='ocrx_word' id='word_1_379' title='bbox 135 2376 196 2409; x_wconf 88' lang='lat' dir='ltr'><strong>tus</strong></span> <span class='ocrx_word' id='word_1_380' title='bbox 221 2371 345 2409; x_wconf 86' lang='lat' dir='ltr'><strong>suerit.</strong></span> 
     </span>
    </p>

    <p class='ocr_par' dir='ltr' id='par_1_6' title="bbox 93 2432 1583 2733">
     <span class='ocr_line' id='line_1_38' title="bbox 236 2432 1583 2484; baseline 0.002 -14"><span class='ocrx_word' id='word_1_381' title='bbox 236 2433 294 2471; x_wconf 91' lang='lat' dir='ltr'><strong>De</strong></span> <span class='ocrx_word' id='word_1_382' title='bbox 319 2433 434 2472; x_wconf 86' lang='lat' dir='ltr'><strong>aede</strong></span> <span class='ocrx_word' id='word_1_383' title='bbox 459 2434 565 2472; x_wconf 90' lang='lat' dir='ltr'><strong>Diui</strong></span> <span class='ocrx_word' id='word_1_384' title='bbox 591 2432 708 2471; x_wconf 82' lang='lat' dir='ltr'><strong>Iulii</strong></span> <span class='ocrx_word' id='word_1_385' title='bbox 741 2445 852 2484; x_wconf 87' lang='lat' dir='ltr'><strong>quam</strong></span> <span class='ocrx_word' id='word_1_386' title='bbox 877 2433 1032 2472; x_wconf 89' lang='lat' dir='ltr'><strong>Ouidius</strong></span> <span class='ocrx_word' id='word_1_387' title='bbox 1059 2438 1097 2481; x_wconf 83' lang='lat'><strong>3,</strong></span> <span class='ocrx_word' id='word_1_388' title='bbox 1114 2433 1191 2471; x_wconf 78' lang='lat'><strong>704</strong></span> <span class='ocrx_word' id='word_1_389' title='bbox 1215 2439 1487 2482; x_wconf 84' lang='lat' dir='ltr'><strong>commemorat,</strong></span> <span class='ocrx_word' id='word_1_390' title='bbox 1514 2445 1583 2473; x_wconf 83' lang='lat' dir='ltr'><strong>ue-</strong></span> 
     </span>
     <span class='ocr_line' id='line_1_39' title="bbox 134 2494 1582 2547; baseline 0.001 -14"><span class='ocrx_word' id='word_1_391' title='bbox 134 2494 197 2533; x_wconf 87' lang='lat' dir='ltr'><strong>lim</strong></span> <span class='ocrx_word' id='word_1_392' title='bbox 231 2494 322 2532; x_wconf 84' lang='lat' dir='ltr'><strong>adiri</strong></span> <span class='ocrx_word' id='word_1_393' title='bbox 356 2496 604 2547; x_wconf 82' lang='lat' dir='ltr'><strong>topograplios</strong></span> <span class='ocrx_word' id='word_1_394' title='bbox 629 2494 833 2533; x_wconf 87' lang='lat' dir='ltr'><strong>Nardinum</strong></span> <span class='ocrx_word' id='word_1_395' title='bbox 858 2500 897 2544; x_wconf 91' lang='lat'><strong>2,</strong></span> <span class='ocrx_word' id='word_1_396' title='bbox 923 2510 961 2547; x_wconf 89' lang='lat' dir='ltr'><strong>p.</strong></span> <span class='ocrx_word' id='word_1_397' title='bbox 979 2498 1052 2535; x_wconf 88' lang='grc'><strong>169</strong></span> <span class='ocrx_word' id='word_1_398' title='bbox 1078 2495 1136 2533; x_wconf 90' lang='lat' dir='ltr'><strong>ed.</strong></span> <span class='ocrx_word' id='word_1_399' title='bbox 1163 2502 1298 2545; x_wconf 62' lang='lat' dir='ltr'><strong>quart„</strong></span> <span class='ocrx_word' id='word_1_400' title='bbox 1325 2496 1509 2545; x_wconf 80' lang='lat' dir='ltr'><strong>Nibbyum</strong></span> <span class='ocrx_word' id='word_1_401' title='bbox 1534 2495 1582 2535; x_wconf 90' lang='lat' dir='ltr'><strong>de</strong></span> 
     </span>
     <span class='ocr_line' id='line_1_40' title="bbox 134 2554 1583 2607; baseline 0.002 -14"><span class='ocrx_word' id='word_1_402' title='bbox 134 2554 217 2593; x_wconf 77' lang='lat' dir='ltr'><strong>foro</strong></span> <span class='ocrx_word' id='word_1_403' title='bbox 243 2568 281 2606; x_wconf 92' lang='lat' dir='ltr'><strong>p.</strong></span> <span class='ocrx_word' id='word_1_404' title='bbox 300 2557 364 2604; x_wconf 87' lang='lat'><strong>92,</strong></span> <span class='ocrx_word' id='word_1_405' title='bbox 391 2557 578 2595; x_wconf 78' lang='lat' dir='ltr'><strong>Saclisium</strong></span> <span class='ocrx_word' id='word_1_406' title='bbox 600 2562 637 2606; x_wconf 92' lang='lat'><strong>1,</strong></span> <span class='ocrx_word' id='word_1_407' title='bbox 663 2570 701 2607; x_wconf 90' lang='lat' dir='ltr'><strong>p.</strong></span> <span class='ocrx_word' id='word_1_408' title='bbox 717 2561 807 2605; x_wconf 88' lang='lat'>623,</span> <span class='ocrx_word' id='word_1_409' title='bbox 833 2557 1012 2595; x_wconf 84' lang='lat' dir='ltr'><strong>Caniuam</strong></span> <span class='ocrx_word' id='word_1_410' title='bbox 1037 2557 1085 2596; x_wconf 86' lang='lat' dir='ltr'><strong>de</strong></span> <span class='ocrx_word' id='word_1_411' title='bbox 1106 2557 1188 2594; x_wconf 84' lang='lat' dir='ltr'><strong>soro</strong></span> <span class='ocrx_word' id='word_1_412' title='bbox 1208 2569 1245 2607; x_wconf 88' lang='lat' dir='ltr'><strong>p.</strong></span> <span class='ocrx_word' id='word_1_413' title='bbox 1263 2559 1350 2605; x_wconf 90' lang='lat'>102,</span> <span class='ocrx_word' id='word_1_414' title='bbox 1365 2559 1452 2606; x_wconf 83' lang='lat'>103,</span> <span class='ocrx_word' id='word_1_415' title='bbox 1479 2558 1583 2596; x_wconf 90' lang='lat' dir='ltr'><strong>Bun-</strong></span> 
     </span>
     <span class='ocr_line' id='line_1_41' title="bbox 136 2618 1582 2668; baseline 0.001 -13"><span class='ocrx_word' id='word_1_416' title='bbox 136 2628 213 2655; x_wconf 72' lang='lat' dir='ltr'><strong>sen.</strong></span> <span class='ocrx_word' id='word_1_417' title='bbox 239 2618 360 2655; x_wconf 79' lang='lat' dir='ltr'><strong>annal.</strong></span> <span class='ocrx_word' id='word_1_418' title='bbox 387 2620 427 2665; x_wconf 88' lang='lat'><strong>8,</strong></span> <span class='ocrx_word' id='word_1_419' title='bbox 453 2630 491 2667; x_wconf 91' lang='lat' dir='ltr'><strong>p.</strong></span> <span class='ocrx_word' id='word_1_420' title='bbox 506 2622 595 2667; x_wconf 89' lang='lat'>277,</span> <span class='ocrx_word' id='word_1_421' title='bbox 610 2620 700 2668; x_wconf 85' lang='lat'>258,</span> <span class='ocrx_word' id='word_1_422' title='bbox 727 2619 1000 2656; x_wconf 88' lang='lat' dir='ltr'><strong>Ambroschium</strong></span> <span class='ocrx_word' id='word_1_423' title='bbox 1026 2620 1064 2656; x_wconf 93' lang='lat' dir='ltr'><strong>in</strong></span> <span class='ocrx_word' id='word_1_424' title='bbox 1095 2618 1221 2656; x_wconf 90' lang='lat' dir='ltr'><strong>studiis</strong></span> <span class='ocrx_word' id='word_1_425' title='bbox 1247 2625 1317 2657; x_wconf 89' lang='lat' dir='ltr'><strong>etc.</strong></span> <span class='ocrx_word' id='word_1_426' title='bbox 1368 2619 1582 2657; x_wconf 84' lang='lat' dir='ltr'><strong>Dedicatam</strong></span> 
     </span>
     <span class='ocr_line' id='line_1_42' title="bbox 93 2678 1582 2733; baseline 0.002 -16"><span class='ocrx_word' id='word_1_427' title='bbox 93 2728 96 2733; x_wconf 24' lang='lat'><strong><em>³</em></strong></span> <span class='ocrx_word' id='word_1_428' title='bbox 137 2689 216 2717; x_wconf 77' lang='lat' dir='ltr'><strong>esse</strong></span> <span class='ocrx_word' id='word_1_429' title='bbox 239 2678 309 2717; x_wconf 88' lang='lat' dir='ltr'><strong>XV</strong></span> <span class='ocrx_word' id='word_1_430' title='bbox 324 2678 386 2717; x_wconf 79' lang='grc' dir='ltr'><strong>ΚΡ</strong></span> <span class='ocrx_word' id='word_1_431' title='bbox 404 2678 510 2730; x_wconf 90' lang='lat' dir='ltr'><strong>Sept.</strong></span> <span class='ocrx_word' id='word_1_432' title='bbox 537 2682 702 2719; x_wconf 84' lang='lat' dir='ltr'><strong>nouimus</strong></span> <span class='ocrx_word' id='word_1_433' title='bbox 730 2693 776 2720; x_wconf 81' lang='lat' dir='ltr'><strong>ex</strong></span> <span class='ocrx_word' id='word_1_434' title='bbox 800 2680 901 2719; x_wconf 78' lang='lat' dir='ltr'><strong>fastis</strong></span> <span class='ocrx_word' id='word_1_435' title='bbox 928 2681 1126 2719; x_wconf 83' lang='lat' dir='ltr'><strong>Antiatinis.</strong></span> <span class='ocrx_word' id='word_1_436' title='bbox 1179 2680 1279 2718; x_wconf 89' lang='lat' dir='ltr'><strong>Nihil</strong></span> <span class='ocrx_word' id='word_1_437' title='bbox 1304 2688 1495 2732; x_wconf 85' lang='lat' dir='ltr'><strong>praeterea</strong></span> <span class='ocrx_word' id='word_1_438' title='bbox 1515 2681 1582 2720; x_wconf 83' lang='lat' dir='ltr'><strong>ha-</strong></span> 
     </span>
    </p>
   </div>
  </div>
 </body>
</html>
