1685 2954
98 88 184 132 200
649 100 971 132 FAs'rORvn

154 190 382 256 'expositus
408 212 499 243 mos
524 205 602 243 est.
637 203 760 244 moris
787 202 884 244 mihi
913 207 1043 244 restat
1070 201 1197 257 origo.

209 270 347 311 'l'urba
373 267 475 311 facit
503 268 678 324 dubium,
707 277 937 325 coeptaque
964 276 1103 312 nostra
1130 274 1259 310 tenet.

157 335 308 379 Omnia
334 342 484 392 purgat
511 337 619 379 edax
646 337 768 392 ignis,
796 339 1018 391 uitiumque
1045 336 1221 378 metallis
1456 338 1536 377 785

208 405 424 458 Excoquit.
461 403 612 446 idcirco
641 417 733 447 cum
760 405 867 446 duce
895 411 1046 459 purgat
1069 406 1171 446 ouis.

153 471 222 512 An
253 471 348 525 quia
376 478 612 514 cunctarum
642 473 842 514 contraria
870 472 1028 515 semina
1055 485 1186 514 rerum

208 538 318 579 Sunt
346 538 424 579 duo
454 539 677 593 discordes,
705 539 815 594 ignis
845 547 888 580 et
916 540 1036 592 unda,
1068 539 1147 592 dei,

154 604 377 646 lunxerunt
406 607 611 649 elementa
637 613 790 660 patres,
819 610 1259 660 aptumque'putar‘unt

209 673 380 727 Ignibus
410 680 452 714 et
479 687 624 728 sparsa
651 679 825 726 tangere
853 685 1002 726 corpus
1033 669 1170 726 aqua?
1460 678 1542 714 790

156 740 223 781 An
253 739 362 793 quod
384 741 425 781 in
452 741 517 783 his
545 743 655 782 uitae
684 752 813 780 causa
842 745 922 791 est,
950 740 1056 780 haec
1085 738 1260 793 perdidit
1287 740 1394 793 exul,

208 807 288 848 His
315 820 423 848 noua
450 808 497 849 fit
523 808 711 860 coniunx,
740 807 846 849 haec
874 805 954 847 duo
982 819 1134 861 magna
1161 803 1337 860 putant?

153 873 241 916 Vix
268 874 456 929 equidem
485 876 623 929 credo,
651 865 760 928 sunt,
788 875 856 928 qui
884 874 1142 915 Phaethonta
1170 874 1309 915 referri

208 941 394 982 Credant
423 948 467 984 et
494 943 638 985 nimias
666 939 929 984 Deucalionis
957 953 1099 994 aquas.

153 1008 258 1049 Pars
286 1020 462 1062 quoque,
491 1022 584 1051 cum
613 1011 730 1051 saxis
757 1016 946 1063 pastores
974 1022 1079 1050 saxa
1107 1010 1285 1062 ferirent,
1462 1012 1543 1051 795

213 1075 444 1116 Scintillam
472 1077 607 1118 subito
634 1078 871 1131 prosiluisse
900 1076 1055 1117 ferunt:

153 1143 289 1184 Prima
319 1141 483 1197 quidem
511 1143 643 1197 periit,
671 1143 835 1197 stipulis
863 1151 1044 1198 excepta
1071 1144 1257 1186 secunda
1287 1149 1378 1186 est:

210 1211 304 1252 Hoc
331 1216 616 1264 argumentum
643 1211 806 1256 flamma
828 1211 974 1254 Parilis
1001 1209 1159 1254 habet?

143 1358 238 1395 783.
265 1355 403 1407 Expos.
429 1369 514 1394 mox
539 1363 596 1396 est
620 1357 687 1405 llf.
734 1363 790 1394 est
815 1369 933 1396 mores
959 1358 1043 1395 mihi
1067 1363 1230 1408 praestat
1255 1356 1356 1406 origo
1383 1361 1446 1396 33.

153 1409 242 1444 784.
269 1407 340 1446 fae.
368 1408 467 1444 dubii
483 1406 544 1445 A.
584 1409 705 1447 Gloss.
722 1409 864 1453 Turba]
893 1408 1083 1446 multitudo
1107 1407 1332 1444 fabularum:
1359 1419 1547 1445 causarum

101 1456 169 1504 Rs.
179 1459 226 1497 Ε.
326 1458 415 1494 785.
442 1459 646 1507 uiciumque
663 1461 755 1496 DE.
794 1460 939 1496 metalle
963 1459 993 1505 f.
1033 1457 1156 1496 metal’
1180 1461 1369 1507 Emmpr.
1411 1459 1548 1495 metalli

104 1510 140 1544 E
151 1520 224 1544 ma.
236 1520 304 1545 sec.
320 1509 354 1544 G
365 1506 404 1544 Γ
400 1507 449 1544 Λ
461 1505 553 1545 ΟΠ
555 1507 593 1545 Σ
602 1509 665 1546 Tb
676 1510 758 1558 laps
783 1509 897 1546 decem
924 1509 999 1556 fere
1023 1509 1104 1554 alii3
1135 1506 1174 1545 Φ
1187 1520 1270 1545 aar.
1281 1520 1353 1545 scr.
1460 1510 1548 1546 786.

104 1557 286 1606 Decoquit
310 1560 347 1595 7.
389 1558 600 1608 Exquoquit
618 1563 663 1596 E.
702 1571 789 1596 oues
816 1559 896 1596 libri
922 1564 1064 1608 praeter
1076 1559 1124 1595 A.
1225 1560 1312 1595 787.
1338 1561 1418 1595 Hoc
1441 1558 1549 1595 disti-

104 1607 194 1644 chon
213 1612 295 1656 post
313 1620 461 1655 sequens
481 1612 568 1658 789,
583 1612 659 1646 790
676 1612 778 1659 ponit
801 1611 838 1646 G.
880 1611 964 1659 quia
991 1621 1177 1646 causarum
1204 1615 1320 1645 contr.
1343 1611 1387 1645 Τ.
1428 1615 1548 1645 cunct.

105 1659 309 1694 communia
336 1656 384 1694 Σ.
427 1667 545 1695 cunct.
575 1661 767 1696 concordia
792 1671 986 1708 mma.pr.
1088 1661 1174 1694 788.
1211 1658 1307 1694 unda
1333 1658 1424 1695 deae
1448 1659 1498 1695 A.

154 1709 242 1744 789.
277 1709 473 1745 1..xerunt
500 1709 567 1756 Ilf.
586 1722 657 1746 ma.
673 1722 730 1757 pr.
759 1721 837 1746 cum
864 1721 941 1746 ras.
963 1712 1073 1746 unius
1097 1709 1250 1746 litterae.
1290 1709 1487 1745 Iunxerunt
1511 1710 1551 1746 im

45 1794 50 1799 ,
105 1769 181 1794 ras.
204 1770 251 1794 m.
292 1759 397 1794 elem.
427 1771 533 1807 pares
559 1763 609 1795 20
635 1760 744 1796 alites.
783 1767 906 1808 patres
932 1766 1123 1808 artumque
1148 1760 1198 1795 A.
1237 1765 1333 1808 patr.
1360 1766 1550 1809 astumque

105 1810 166 1843 M.
208 1814 305 1856 patr.
332 1817 568 1858 sanctumque
588 1812 672 1845 Ρ3.
713 1817 807 1858 patr.
834 1821 1035 1858 sanumque
1058 1812 1269 1846 Buar.scr.
1311 1816 1475 1858 putarem
1500 1822 1550 1846 m.

159 1860 246 1894 790.
275 1870 402 1906 sparsa
429 1861 565 1908 tingere
596 1859 732 1896 GAld.
755 1862 864 1908 prim.
905 1872 1030 1909 sparsa
1055 1861 1202 1907 iungere
1229 1860 1264 1896 h.
1365 1861 1452 1896 791.
1481 1862 1552 1896 Aut

110 1904 169 1943 Π.
209 1908 265 1943 Ad
293 1908 462 1956 bimum.
503 1910 554 1945 his
572 1912 732 1946 ...uitae
749 1913 798 1945 D.
837 1911 935 1946 uitae
961 1917 1014 1946 est
1041 1921 1148 1945 causa
1175 1916 1230 1946 est
1255 1909 1320 1946 das
1345 1909 1419 1955 (uel
1437 1909 1553 1946 simile

107 1957 211 2005 quid)
239 1958 345 2007 perd.
372 1959 441 2004 llf.
461 1959 524 1995 snb
540 1972 616 1996 ras.
660 1967 714 1996 est
740 1960 808 1995 hoc
833 1960 937 2009 perd.
961 1972 997 2007 9.
1099 1961 1185 1997 792.
1211 1961 1252 1996 fit
1278 1973 1348 1996 om.
1367 1959 1409 1996 Ί).
1448 1962 1493 1997 sit
1519 1963 1555 1997 Ε

106 2020 179 2043 ma.
197 2019 253 2056 pr.
273 2010 324 2044 N.
374 2010 504 2044 coniux
534 2011 580 2046 G.
626 2017 730 2058 putat
755 2011 804 2046 A.
851 2009 973 2047 Gloss.
991 2013 1042 2046 E:
1069 2010 1147 2054 His]
1175 2011 1222 2058 ig.
1251 2018 1288 2047 et
1314 2021 1411 2059 aqua
1436 2010 1552 2047 bene-

105 2058 229 2094 dicta.
317 2060 404 2094 793.
433 2060 500 2094 Vix
524 2061 630 2095 etiam
647 2060 755 2095 credo
771 2065 797 2095 t.
838 2061 899 2108 qui
920 2060 1085 2109 platonta
1102 2059 1169 2096 ref.
1185 2059 1401 2108 ilfimmpr.
1437 2061 1551 2109 phae-

106 2114 208 2143 tanta
241 2111 287 2144 D.
335 2108 509 2157 phetonta
535 2109 601 2155 ΗΓ.
618 2114 788 2146 madert.
812 2109 954 2147 EGbr.
1002 2110 1143 2146 setonta
1168 2115 1196 2146 t.
1242 2112 1372 2148 referri
1397 2110 1486 2157 fort.
1512 2112 1551 2147 ἐκ

105 2157 265 2204 malls.
376 2161 461 2195 794.
497 2160 663 2196 Credunt
689 2157 883 2196 ΒΟΠΣ.
930 2160 1060 2196 Dicant
1086 2164 1112 2197 t.
1164 2160 1298 2198 Credet
1330 2167 1367 2198 et
1400 2163 1436 2197 in
1462 2162 1550 2196 imas

106 2207 212 2245 deuc.
242 2208 346 2245 bma.
360 2221 415 2257 pr.
454 2215 492 2245 et
517 2211 646 2246 multas
674 2212 725 2246 N.
765 2217 802 2246 et
828 2212 929 2246 uiuns
957 2213 1063 2246 1220
1090 2215 1258 2258 quatuor.
1297 2217 1334 2248 et
1357 2222 1461 2247 ueras
1485 2211 1546 2246 23.

154 2258 242 2294 795.
277 2258 364 2294 Post
398 2272 543 2308 quoque
575 2272 694 2308 pianr.
711 2272 780 2296 scr.
800 2264 881 2296 test.
903 2263 1029 2297 Heius.
1077 2260 1144 2296 Est
1170 2273 1316 2310 qnoque
1340 2272 1462 2309 puar.
1477 2270 1547 2295 scr.

105 2311 184 2343 test.
208 2310 322 2345 Gron.
376 2322 522 2358 quoque
548 2317 734 2357 pastorum
761 2322 842 2346 cuin
869 2312 961 2347 saxis
989 2322 1076 2347 saxa
1103 2312 1152 2346 26
1178 2316 1322 2360 septem.
1361 2313 1436 2357 lta,
1461 2308 1548 2345 seri·

105 2364 201 2403 rent,
229 2358 294 2403 uf.
309 2360 601 2396 ma.sec.DNO
616 2359 635 2395 b
652 2363 701 2396 20
725 2364 821 2403 ocio;
853 2362 918 2407 Gp
935 2373 1098 2398 navascr.
1143 2363 1302 2409 perirent
1326 2359 1393 2406 Ilt‘.
1405 2371 1476 2395 ma.
1488 2371 1545 2407 pr.

103 2418 154 2442 m.
192 2407 350 2444 seribant
370 2411 641 2446 BGEma.sec.
656 2412 729 2447 FG
741 2408 825 2445 (DF
836 2408 1236 2460 ΨΣΊ’ῐ1ιῃνηια.εεσ.
1249 2414 1316 2447 t33
1336 2408 1546 2457 (wincheim.

104 2455 284 2492 feriebant
313 2470 482 2508 rma.pr.
520 2460 687 2496 serebant
708 2464 891 2509 Ema.pr.
910 2466 942 2497 et
958 2461 1096 2509 reliqui.
1198 2462 1282 2496 796.
1309 2459 1447 2497 Abhinc
1474 2458 1547 2496 ali-

106 2510 192 2553 quot
215 2506 310 2552 folia
335 2508 460 2544 desunt
485 2511 520 2545 in
539 2510 575 2546 h.
616 2510 815 2547 Scintillam
842 2523 929 2548 saxo
955 2524 1054 2560 pros.
1071 2507 1133 2548 A.
1175 2510 1374 2547 Scintillam
1401 2517 1547 2546 tenuem

103 2568 203 2604 pros.
223 2559 285 2593 20.
327 2560 518 2606 prosiliisse
536 2558 584 2596 A
591 2558 635 2596 N
645 2559 724 2598 Ψε.
827 2563 916 2599 797.
943 2561 1013 2599 P..
1027 2573 1106 2598 .ma
1123 2559 1190 2606 Ilf.
1200 2572 1273 2596 ηια.
1285 2571 1340 2608 pr.
1380 2561 1463 2609 stip.
1485 2571 1546 2595 ac-

104 2613 212 2654 cepta
232 2603 315 2654 Φρ.
357 2608 441 2657 stip.
470 2616 596 2646 exacta
622 2623 695 2648 sec.
715 2611 748 2647 b.
788 2617 843 2648 est
869 2611 940 2649 abi.
957 2609 1011 2648 A.
1112 2611 1198 2646 798.
1225 2611 1426 2658 argumenti
1447 2607 1546 2651 FA-

105 2658 323 2704 argumentis
356 2656 409 2698 Ψ.
450 2660 567 2708 palilis
591 2664 716 2710 scripti
741 2673 862 2699 omncs
886 2666 1027 2713 praeter
1052 2660 1143 2698 Am.
1183 2661 1310 2710 pauilis
1335 2660 1390 2698 cd.
1411 2662 1486 2700 Vic.
