1685 2954
15 91 18 94 ’
81 111 244 142 ctxvm
623 130 628 135 .
689 106 747 138 m:
777 108 920 141 sAcms

80 223 147 262 que
170 215 212 249 ut
234 223 355 250 rerum
378 208 576 248 sinuatam
596 213 780 258 ρεειαηωπ
803 222 993 249 sacrorum
1017 213 1280 250 omiseram-etis
1311 213 1349 249 ἰη
1378 212 1519 262 ritibus,

80 284 129 311 ex
154 273 282 323 quibus
307 278 385 309 tam
408 271 533 308 multis
553 283 665 309 unum
688 273 829 310 interim
853 286 1001 322 ponam.
1048 274 1089 311 Si
1112 273 1195 323 quid
1216 286 1302 324 ergo
1328 274 1412 311 huic
1436 276 1522 314 fidei

81 339 152 382 est,
176 335 214 371 in
241 335 311 372 ritu
338 335 431 371 sacri
456 332 555 384 quod
581 333 627 370 ad
663 345 762 371 aram
788 335 882 372 Iouis
908 335 1016 372 Elicii
1040 336 1077 372 in
1103 337 1280 372 Auentino
1307 343 1428 374 monte
1452 337 1523 374 fie-

81 394 156 443 bat,
183 396 339 433 fabellae
365 396 570 433 notissimae
595 397 768 433 memoria
795 404 1010 434 conseruata
1044 403 1120 442 est,
1155 404 1273 434 actum
1308 405 1362 435 est
1388 398 1523 448 aliquid

79 468 228 504 eorum,
261 468 356 506 quae
382 455 554 493 Ouidium
591 468 634 494 ex
660 458 806 495 Valerio
830 459 977 495 Antiate
1010 459 1174 495 retulisse
1207 472 1318 507 supra
1344 460 1526 497 intellexi-

78 529 171 554 mus.
224 517 323 555 Idem
350 518 397 555 de
422 515 586 568 pluribus
611 519 721 555 sacris
748 519 911 556 disertius
938 519 1048 556 tradit
1074 521 1110 555 T
1113 522 1232 558 ertull.
1262 521 1308 558 ad
1334 527 1410 558 nat.
1439 525 1478 568 2,
1498 522 1525 557 7

78 579 146 615 sub
165 578 228 616 fin.
272 579 364 616 Eam
392 580 438 616 ob
465 591 607 615 causam
635 580 798 629 suspicor
818 585 965 628 poetam
993 586 1154 618 nostrum
1182 595 1441 632 nonnunquam
1466 582 1524 618 fa-

78 639 245 677 bularum
273 653 362 691 quas
388 646 513 677 narrat
539 641 641 690 quasi
674 639 950 677 fundamentum
978 641 1144 695 habuisse
1168 645 1328 694 ipsarum
1357 651 1522 682 ueterum

78 703 353 740 cerimoniarum
373 703 639 739 enarrationem
658 701 823 737 fortassis
843 701 1120 740 Varronianam.
1169 705 1254 741 Non
1280 706 1315 741 id
1343 706 1526 755 improba-

78 763 151 800 bile
175 771 265 814 puto
292 765 327 800 in
355 775 464 800 causa
487 764 563 811 illa,
590 776 655 799 cur
672 763 820 799 Faunus
844 767 962 798 uestes
988 762 1106 800 oderit
1124 768 1162 812 2,
1182 767 1406 804 305—358.
1453 767 1528 815 Ly-

77 823 146 861 dus
166 827 259 862 inter
276 837 379 862 sacra
400 825 563 860 Herculis
579 824 734 860 Victoris
756 824 804 860 111
821 823 919 860 Non.
940 825 1028 873 Apr.
1051 834 1323 874 commemorat,
1351 827 1397 864 de
1413 840 1526 864 mens.

77 886 117 933 4,
137 887 198 931 46,
225 899 263 936 p.
279 890 374 923 220:
412 881 474 923 διὸ
503 881 553 934 δὴ
580 882 645 922 καὶ
673 883 714 922 ἐν
749 885 835 929 τοῖς
861 879 1008 922 τούτου
1034 887 1248 936 μυςηριόις
1280 883 1374 931 τοὺς
1410 883 1527 939 &4352-

75 959 151 991 ’νας
175 944 418 997 γυναικείαις
445 946 584 992 ςολαῖς
610 946 846 995 κοσμοῦσιν,
874 947 940 984 cfr.
965 946 1011 984 de
1037 960 1156 998 magg.
1179 951 1217 995 3,
1234 950 1303 986 64:
1332 945 1436 986 ἀλλὰ
1461 947 1529 986 καὶ

75 1003 172 1051 τούς
197 1005 471 1057 καλουμένους
498 1005 702 1052 σάνὸυκας
727 1031 797 1046 -.
835 1003 1021 1060 Τοιούτῳ
1056 1005 1127 1046 τὸν
1149 1002 1356 1058 ςΗρακλέα
1386 1011 1530 1059 χιτῶνι

76 1069 355 1120 περιβαλοῦσα
367 1064 559 1121 Ὀμφάλη
580 1067 677 1107 ποτὲ
698 1067 876 1120 αἰσχρῶς
895 1068 1046 1119 ἐρῶντα
1062 1067 1353 1120 παρεθήλυνεν.
1385 1067 1530 1123 Ταύτῃ

75 1130 143 1169 καὶ
155 1125 364 1183 ιΗρακλῆς
382 1129 552 1170 Σάνὸων
581 1127 787 1182 ἀνηνέχθη
803 1153 874 1170 -.
902 1133 978 1170 Sed
1006 1133 1190 1183 aliquanto
1213 1133 1384 1170 illustrius
1406 1145 1530 1172 exem-

74 1193 177 1243 plum
203 1201 258 1231 est
284 1195 319 1231 in
338 1196 442 1231 Anna
459 1195 627 1232 Perenna
645 1198 684 1243 3,
703 1196 928 1232 677—694.
978 1196 1098 1232 Causa
1125 1207 1189 1231 cur
1215 1195 1418 1232 obscaenae
1443 1208 1530 1232 can·

22 1291 25 1294 Α
75 1255 212 1293 tilenae
238 1257 314 1293 eius
341 1256 439 1293 feriis
465 1263 700 1307 usurpentur,
727 1256 890 1293 redditur
916 1257 1015 1306 quod
1043 1269 1086 1294 ea
1110 1256 1318 1293 administra
1339 1257 1437 1293 Mars
1456 1269 1530 1294 non

73 1315 214 1354 felicius
237 1313 404 1355 Vulcano
431 1319 575 1368 nuptias
594 1318 783 1354 Mineruae
810 1318 1036 1367 expetiuerit.
1087 1318 1191 1354 Illum
1220 1329 1308 1354 uero
1336 1319 1412 1354 eius
1438 1318 1532 1355 deae

73 1389 229 1427 procum
257 1391 330 1415 non
356 1380 501 1416 memini
528 1380 802 1416 commemorari
829 1380 896 1415 nisi
923 1380 958 1415 in
986 1377 1166 1427 religionis
1194 1379 1281 1422 eius,
1309 1391 1418 1428 quam
1439 1378 1531 1416 Oui-

73 1438 156 1476 dius
182 1443 218 1484 3,
239 1442 311 1476 393
332 1453 387 1491 sq.
416 1442 618 1485 annotauit,
647 1441 889 1490 explicatione
916 1440 1013 1490 apud
1041 1440 1222 1490 Porphyr.
1251 1440 1297 1476 ad
1326 1441 1414 1478 Hor.
1442 1453 1529 1491 epp.

73 1503 115 1549 2,
134 1504 174 1549 2,
191 1503 286 1539 2092
315 1504 425 1539 Μαίο
450 1514 570 1539 mense
593 1502 718 1550 reliyio
746 1507 800 1539 est
822 1502 954 1540 nubere
979 1507 1012 1539 et
1039 1504 1123 1539 item
1143 1503 1302 1545 Martio,
1327 1504 1366 1539 in
1393 1515 1462 1552 quo
1489 1503 1532 1540 de

72 1565 213 1611 nuptiis
237 1563 363 1601 habito
393 1566 585 1602 certamine
610 1576 633 1600 α
659 1566 838 1602 Minerua
863 1567 977 1601 Mars
1000 1565 1120 1600 uictus
1143 1567 1214 1599 est.-
1247 1561 1389 1600 obtenta
1414 1567 1533 1613 uio-yi-

71 1625 188 1661 nitate
206 1627 383 1663 Minerua
402 1628 538 1664 Nerine
557 1630 610 1662 est
635 1626 836 1674 appellata.
878 1626 920 1662 Si
945 1625 1141 1661 infaustum
1167 1623 1255 1660 illud
1282 1631 1425 1674 tempus
1448 1638 1534 1662 coe-

72 1686 128 1736 pit
160 1687 245 1736 ipsis
269 1687 470 1735 Kalendis,
506 1688 560 1724 uti
594 1688 811 1736 assignificat
838 1685 1017 1734 Ouidius,
1053 1685 1157 1721 desiit
1185 1697 1271 1734 ergo
1308 1685 1471 1724 fortassis
1496 1689 1532 1724 in

72 1746 339 1784 Tubilustrium
372 1748 406 1784 X
432 1748 492 1784 Kl'
519 1749 631 1798 Apr.,
674 1754 761 1784 tunc
797 1749 893 1784 enim
932 1743 1054 1795 τιμᾶς
1078 1741 1219 1794 Ἄρεος
1256 1743 1321 1781 καὶ
1358 1745 1534 1797 Νερίνης

70 1808 237 1857 ascripsit
257 1808 384 1857 Lydus
412 1809 458 1845 de
478 1821 592 1845 mens.
615 1810 653 1855 4,
670 1810 734 1855 42,
762 1821 799 1858 p.
814 1812 905 1857 206,
933 1821 1004 1858 qua
1031 1821 1071 1845 re
1095 1810 1224 1844 iterum
1248 1807 1420 1846 dissensio
1442 1809 1535 1847 Oui-

72 1868 122 1905 dii
149 1876 186 1906 et
212 1870 330 1906 Verrii
357 1870 496 1917 Flacci,
525 1869 571 1906 de
597 1882 670 1919 qua
698 1869 769 1905 dixi
795 1882 907 1920 supra
933 1883 970 1920 p.
994 1883 1106 1917 an,
1135 1870 1356 1907 conciliatur.
1412 1871 1534 1909 Idibus

71 1942 160 1980 ergo
190 1931 331 1968 Martiis
359 1944 403 1968 ex
431 1932 572 1980 uulgari
599 1932 770 1981 opinione
805 1932 991 1968 etiamtum
1020 1932 1210 1981 deperibat
1236 1931 1341 1968 deam
1370 1939 1532 1970 amator:

69 1991 301 2030 manifestum
328 2000 383 2030 est
409 2005 488 2030 eam
515 1993 630 2042 ipsam
658 1994 832 2042 temporis
860 1994 1149 2030 conuenientiam
1173 2005 1304 2030 causae
1326 1993 1448 2038 fuisse,
1469 2006 1535 2031 cur

68 2057 176 2090 Anna
202 2055 235 2091 ei
262 2055 407 2103 negotio
435 2055 743 2104 interponeretur.
797 2055 838 2091 In
868 2055 1010 2092 Cereris
1037 2056 1147 2091 sacris
1175 2056 1213 2102 4,
1236 2056 1324 2100 494,
1352 2045 1440 2102 555,
1459 2056 1533 2091 556

71 2115 152 2164 ipse
175 2121 288 2164 poeta
315 2116 547 2152 cerimoniam
572 2116 618 2152 ad
641 2127 750 2165 quam
777 2115 901 2152 sabula
929 2117 1128 2166 pertineret
1154 2116 1338 2152 indicauit.
1379 2117 1417 2152 ln
1438 2117 1532 2152 Bac-

70 2175 128 2212 chi
155 2177 270 2213 mellis
299 2177 496 2214 inuentoris
522 2178 648 2213 sabula
671 2181 711 2225 3,
731 2177 806 2214 735
835 2177 933 2226 quod
959 2185 1015 2214 est
1041 2178 1348 2214 oblectamentum
1375 2177 1532 2213 nascitur

71 2243 171 2274 certe
198 2250 242 2274 ex
269 2239 410 2274 mimica
437 2246 474 2275 et
501 2240 646 2275 animali
677 2239 849 2276 narrandi
883 2241 1043 2287 argutia:
1082 2239 1248 2276 crederes
1275 2246 1421 2288 poetam
1447 2238 1538 2287 quia.

70 2297 255 2335 Liberalia
282 2301 443 2347 urbana,
479 2307 519 2337 ut
545 2301 641 2336 infra
667 2300 827 2347 dicetur,
865 2301 1132 2349 angustioribus
1159 2300 1289 2337 finibus
1315 2299 1531 2336 coerceban-

70 2366 156 2407 tur,
191 2360 236 2396 ad
264 2362 415 2398 rusticos
443 2362 574 2398 latinos
600 2373 680 2399 sese
707 2362 947 2411 applicuisse,
980 2361 1027 2398 de
1053 2363 1182 2411 quibus
1208 2362 1378 2410 Virgilius
1405 2371 1462 2408 ge.
1490 2363 1529 2406 2,

72 2423 148 2458 396
166 2434 222 2471 sq.
261 2422 365 2458 Aliud
388 2423 562 2459 eiusmodi
587 2423 671 2460 uide
690 2423 790 2473 apud
806 2423 926 2472 Neap.
947 2422 994 2459 ad
1012 2424 1050 2470 4,
1065 2426 1139 2461 235
1159 2436 1203 2461 ex
1221 2423 1319 2459 Plut.
1342 2420 1426 2457 adu.
1449 2421 1529 2458 Col.

72 2495 106 2520 c.
122 2486 170 2520 33
192 2484 254 2520 fin.
294 2483 460 2533 Denique
480 2497 574 2534 quae
594 2487 632 2532 6,
652 2485 726 2521 523
747 2484 793 2521 de
817 2484 971 2533 hospitio
995 2484 1215 2521 Carmentae
1241 2489 1278 2520 et
1298 2482 1424 2518 Matris
1450 2482 1532 2518 Ma-

73 2549 176 2582 tutae
202 2542 465 2593 proferuntur,
501 2547 666 2582 nituntur
690 2545 845 2582 fortasse
878 2547 1001 2584 nescio
1037 2558 1109 2596 qua
1136 2546 1321 2594 utriusque
1346 2555 1533 2581 sacrorum

73 2606 342 2653 coniunctione,
370 2618 451 2642 cum
479 2613 633 2656 utraque
658 2606 744 2655 dea,
773 2607 970 2644 Carmenta
997 2607 1196 2644 secundum
1217 2618 1277 2653 ea,
1305 2617 1400 2655 quae
1419 2606 1532 2656 paulo

74 2666 225 2705 inferius
250 2678 273 2704 a
299 2667 402 2704 nobis
428 2667 608 2717 dicentur,
636 2669 781 2705 Matuta
807 2680 896 2706 uero
915 2679 938 2704 a
960 2668 1146 2706 Strabone
1173 2673 1210 2706 et
1235 2667 1354 2706 Plinio
1382 2673 1535 2706 notante
