<?xml version="1.0" encoding="UTF-8"?>
<!DOCTYPE html PUBLIC "-//W3C//DTD XHTML 1.0 Transitional//EN"
    "http://www.w3.org/TR/xhtml1/DTD/xhtml1-transitional.dtd">
<html xmlns="http://www.w3.org/1999/xhtml" xml:lang="en" lang="en">
 <head>
  <title>
</title>
<meta http-equiv="Content-Type" content="text/html;charset=utf-8" />
  <meta name='ocr-system' content='tesseract 3.04.00' />
  <meta name='ocr-capabilities' content='ocr_page ocr_carea ocr_par ocr_line ocrx_word'/>
</head>
<body>
  <div class='ocr_page' id='page_1' title='image "./fastorumlibrisex00oviduoft_0040.png"; bbox 0 0 1685 2954; ppageno 0'>
   <div class='ocr_carea' id='block_1_1' title="bbox 81 61 964 94">
    <p class='ocr_par' dir='ltr' id='par_1_1' title="bbox 81 61 964 94">
     <span class='ocr_line' id='line_1_1' title="bbox 81 61 964 94; baseline -0.005 0"><span class='ocrx_word' id='word_1_1' title='bbox 81 63 84 65; x_wconf 63' lang='grc'><strong>’</strong></span> <span class='ocrx_word' id='word_1_2' title='bbox 121 62 246 94; x_wconf 82' lang='lat' dir='ltr'><strong>xxxu</strong></span> <span class='ocrx_word' id='word_1_3' title='bbox 712 61 768 90; x_wconf 71' lang='lat' dir='ltr'><strong>DE</strong></span> <span class='ocrx_word' id='word_1_4' title='bbox 798 62 964 91; x_wconf 74' lang='lat' dir='ltr'>DIERVM</span> 
     </span>
    </p>
   </div>
   <div class='ocr_carea' id='block_1_2' title="bbox 120 161 1590 2673">
    <p class='ocr_par' dir='ltr' id='par_1_2' title="bbox 120 161 1590 2673">
     <span class='ocr_line' id='line_1_2' title="bbox 120 161 1563 214; baseline -0.001 -11"><span class='ocrx_word' id='word_1_5' title='bbox 120 164 227 204; x_wconf 89' lang='lat' dir='ltr'><strong>Aliud</strong></span> <span class='ocrx_word' id='word_1_6' title='bbox 261 164 369 214; x_wconf 84' lang='lat' dir='ltr'><strong>igitur</strong></span> <span class='ocrx_word' id='word_1_7' title='bbox 401 161 543 199; x_wconf 82' lang='lat' dir='ltr'><strong>uidetur</strong></span> <span class='ocrx_word' id='word_1_8' title='bbox 575 161 857 211; x_wconf 85' lang='lat' dir='ltr'><strong>intelligendum.</strong></span> <span class='ocrx_word' id='word_1_9' title='bbox 910 163 1002 200; x_wconf 80' lang='lat' dir='ltr'><strong>Vtut</strong></span> <span class='ocrx_word' id='word_1_10' title='bbox 1028 170 1108 212; x_wconf 83' lang='lat' dir='ltr'><strong>est,</strong></span> <span class='ocrx_word' id='word_1_11' title='bbox 1143 163 1300 200; x_wconf 81' lang='lat' dir='ltr'>litteram</span> <span class='ocrx_word' id='word_1_12' title='bbox 1327 163 1563 202; x_wconf 84' lang='lat' dir='ltr'><strong>nundinalem</strong></span> 
     </span>
     <span class='ocr_line' id='line_1_3' title="bbox 120 222 1564 278; baseline -0.001 -14"><span class='ocrx_word' id='word_1_13' title='bbox 120 226 249 278; x_wconf 88' lang='lat' dir='ltr'><strong>quouis</strong></span> <span class='ocrx_word' id='word_1_14' title='bbox 283 237 378 262; x_wconf 90' lang='lat' dir='ltr'><strong>anno</strong></span> <span class='ocrx_word' id='word_1_15' title='bbox 415 224 520 259; x_wconf 84' lang='lat' dir='ltr'><strong>aliam</strong></span> <span class='ocrx_word' id='word_1_16' title='bbox 553 222 665 260; x_wconf 87' lang='lat' dir='ltr'><strong>fuisse</strong></span> <span class='ocrx_word' id='word_1_17' title='bbox 698 230 735 260; x_wconf 89' lang='lat' dir='ltr'><strong>et</strong></span> <span class='ocrx_word' id='word_1_18' title='bbox 768 235 812 261; x_wconf 92' lang='lat' dir='ltr'><strong>eo</strong></span> <span class='ocrx_word' id='word_1_19' title='bbox 823 251 835 269; x_wconf 89' lang='lat'><strong>,</strong></span> <span class='ocrx_word' id='word_1_20' title='bbox 873 237 947 274; x_wconf 92' lang='lat' dir='ltr'><strong>quo</strong></span> <span class='ocrx_word' id='word_1_21' title='bbox 981 224 1077 271; x_wconf 84' lang='lat' dir='ltr'><strong>dixi,</strong></span> <span class='ocrx_word' id='word_1_22' title='bbox 1110 224 1220 261; x_wconf 90' lang='lat' dir='ltr'><strong>modo</strong></span> <span class='ocrx_word' id='word_1_23' title='bbox 1254 230 1412 262; x_wconf 82' lang='lat' dir='ltr'><strong>mutasse</strong></span> <span class='ocrx_word' id='word_1_24' title='bbox 1441 237 1488 262; x_wconf 87' lang='lat' dir='ltr'><strong>ex</strong></span> <span class='ocrx_word' id='word_1_25' title='bbox 1518 238 1564 262; x_wconf 89' lang='lat' dir='ltr'><strong>eo</strong></span> 
     </span>
     <span class='ocr_line' id='line_1_4' title="bbox 121 284 1566 338; baseline -0.002 -12"><span class='ocrx_word' id='word_1_26' title='bbox 121 288 363 338; x_wconf 85' lang='lat' dir='ltr'><strong>cognoscitur,</strong></span> <span class='ocrx_word' id='word_1_27' title='bbox 387 287 417 321; x_wconf 90' lang='lat' dir='ltr'><strong>si</strong></span> <span class='ocrx_word' id='word_1_28' title='bbox 442 286 487 321; x_wconf 91' lang='lat' dir='ltr'><strong>ab</strong></span> <span class='ocrx_word' id='word_1_29' title='bbox 513 285 575 322; x_wconf 91' lang='lat' dir='ltr'><strong>illo</strong></span> <span class='ocrx_word' id='word_1_30' title='bbox 596 297 707 333; x_wconf 86' lang='lat' dir='ltr'><strong>anno,</strong></span> <span class='ocrx_word' id='word_1_31' title='bbox 739 284 786 322; x_wconf 90' lang='lat' dir='ltr'><strong>de</strong></span> <span class='ocrx_word' id='word_1_32' title='bbox 812 298 884 334; x_wconf 91' lang='lat' dir='ltr'><strong>quo</strong></span> <span class='ocrx_word' id='word_1_33' title='bbox 910 285 982 320; x_wconf 89' lang='lat' dir='ltr'><strong>Dio</strong></span> <span class='ocrx_word' id='word_1_34' title='bbox 1007 285 1089 321; x_wconf 87' lang='lat' dir='ltr'><strong>loco</strong></span> <span class='ocrx_word' id='word_1_35' title='bbox 1114 297 1224 335; x_wconf 90' lang='lat' dir='ltr'><strong>supra</strong></span> <span class='ocrx_word' id='word_1_36' title='bbox 1248 287 1368 335; x_wconf 87' lang='lat' dir='ltr'><strong>posito</strong></span> <span class='ocrx_word' id='word_1_37' title='bbox 1392 287 1566 336; x_wconf 84' lang='lat' dir='ltr'><strong>loquitur,</strong></span> 
     </span>
     <span class='ocr_line' id='line_1_5' title="bbox 121 346 1566 397; baseline -0.002 -10"><span class='ocrx_word' id='word_1_38' title='bbox 121 350 168 387; x_wconf 87' lang='lat' dir='ltr'><strong>V.</strong></span> <span class='ocrx_word' id='word_1_39' title='bbox 196 350 240 386; x_wconf 91' lang='lat' dir='ltr'><strong>C.</strong></span> <span class='ocrx_word' id='word_1_40' title='bbox 268 348 366 393; x_wconf 87' lang='grc'><strong>714,</strong></span> <span class='ocrx_word' id='word_1_41' title='bbox 393 346 565 383; x_wconf 90' lang='lat' dir='ltr'><strong>escendas</strong></span> <span class='ocrx_word' id='word_1_42' title='bbox 591 353 627 384; x_wconf 91' lang='lat' dir='ltr'><strong>et</strong></span> <span class='ocrx_word' id='word_1_43' title='bbox 652 347 790 383; x_wconf 83' lang='lat' dir='ltr'><strong>litteras</strong></span> <span class='ocrx_word' id='word_1_44' title='bbox 817 346 1028 383; x_wconf 84' lang='lat' dir='ltr'><strong>nundinales</strong></span> <span class='ocrx_word' id='word_1_45' title='bbox 1055 348 1255 397; x_wconf 86' lang='lat' dir='ltr'><strong>perquiras.</strong></span> <span class='ocrx_word' id='word_1_46' title='bbox 1307 348 1340 383; x_wconf 91' lang='lat' dir='ltr'><strong>Is</strong></span> <span class='ocrx_word' id='word_1_47' title='bbox 1367 359 1483 384; x_wconf 90' lang='lat' dir='ltr'><strong>annus</strong></span> <span class='ocrx_word' id='word_1_48' title='bbox 1506 348 1566 384; x_wconf 89' lang='lat' dir='ltr'><strong>in-</strong></span> 
     </span>
     <span class='ocr_line' id='line_1_6' title="bbox 123 407 1569 457; baseline -0.003 -9"><span class='ocrx_word' id='word_1_49' title='bbox 123 409 309 448; x_wconf 85' lang='lat' dir='ltr'><strong>tercalaris</strong></span> <span class='ocrx_word' id='word_1_50' title='bbox 334 407 418 455; x_wconf 82' lang='lat' dir='ltr'><strong>fuit,</strong></span> <span class='ocrx_word' id='word_1_51' title='bbox 446 407 621 457; x_wconf 84' lang='lat' dir='ltr'><strong>siquidem</strong></span> <span class='ocrx_word' id='word_1_52' title='bbox 648 415 741 445; x_wconf 89' lang='lat' dir='ltr'><strong>teste</strong></span> <span class='ocrx_word' id='word_1_53' title='bbox 766 408 886 445; x_wconf 87' lang='lat' dir='ltr'><strong>Dione</strong></span> <span class='ocrx_word' id='word_1_54' title='bbox 911 409 974 455; x_wconf 82' lang='lat'><strong>43,</strong></span> <span class='ocrx_word' id='word_1_55' title='bbox 993 409 1042 443; x_wconf 88' lang='grc'><strong>26</strong></span> <span class='ocrx_word' id='word_1_56' title='bbox 1068 420 1164 444; x_wconf 87' lang='lat' dir='ltr'><strong>anuo</strong></span> <span class='ocrx_word' id='word_1_57' title='bbox 1188 409 1236 444; x_wconf 87' lang='lat' dir='ltr'><strong>V.</strong></span> <span class='ocrx_word' id='word_1_58' title='bbox 1265 409 1308 445; x_wconf 89' lang='lat' dir='ltr'><strong>C.</strong></span> <span class='ocrx_word' id='word_1_59' title='bbox 1335 410 1410 444; x_wconf 88' lang='lat'><strong>708</strong></span> <span class='ocrx_word' id='word_1_60' title='bbox 1436 419 1569 457; x_wconf 81' lang='lat' dir='ltr'><strong>magna</strong></span> 
     </span>
     <span class='ocr_line' id='line_1_7' title="bbox 122 467 1565 518; baseline -0.001 -11"><span class='ocrx_word' id='word_1_61' title='bbox 122 470 394 508; x_wconf 83' lang='lat' dir='ltr'><strong>intercalatione</strong></span> <span class='ocrx_word' id='word_1_62' title='bbox 421 470 558 507; x_wconf 85' lang='lat' dir='ltr'><strong>Caesar</strong></span> <span class='ocrx_word' id='word_1_63' title='bbox 595 481 729 506; x_wconf 88' lang='lat' dir='ltr'><strong>annum</strong></span> <span class='ocrx_word' id='word_1_64' title='bbox 762 469 939 515; x_wconf 85' lang='lat' dir='ltr'><strong>correxit,</strong></span> <span class='ocrx_word' id='word_1_65' title='bbox 973 467 1134 518; x_wconf 80' lang='lat' dir='ltr'><strong>Lepidus</strong></span> <span class='ocrx_word' id='word_1_66' title='bbox 1165 468 1296 505; x_wconf 89' lang='lat' dir='ltr'><strong>deinde</strong></span> <span class='ocrx_word' id='word_1_67' title='bbox 1328 470 1437 506; x_wconf 89' lang='lat' dir='ltr'><strong>Pont.</strong></span> <span class='ocrx_word' id='word_1_68' title='bbox 1464 469 1565 506; x_wconf 85' lang='lat' dir='ltr'><strong>Max.</strong></span> 
     </span>
     <span class='ocr_line' id='line_1_8' title="bbox 123 529 1568 578; baseline -0.001 -10"><span class='ocrx_word' id='word_1_69' title='bbox 123 533 268 570; x_wconf 90' lang='lat' dir='ltr'><strong>biennio</strong></span> <span class='ocrx_word' id='word_1_70' title='bbox 293 537 434 568; x_wconf 88' lang='lat' dir='ltr'><strong>tantum</strong></span> <span class='ocrx_word' id='word_1_71' title='bbox 455 531 654 567; x_wconf 89' lang='lat' dir='ltr'><strong>intermisso</strong></span> <span class='ocrx_word' id='word_1_72' title='bbox 683 529 915 567; x_wconf 85' lang='lat' dir='ltr'><strong>intercalares</strong></span> <span class='ocrx_word' id='word_1_73' title='bbox 941 540 1054 565; x_wconf 89' lang='lat' dir='ltr'><strong>annos</strong></span> <span class='ocrx_word' id='word_1_74' title='bbox 1079 529 1166 564; x_wconf 85' lang='lat' dir='ltr'><strong>fecit</strong></span> <span class='ocrx_word' id='word_1_75' title='bbox 1185 531 1274 578; x_wconf 88' lang='lat'>711,</span> <span class='ocrx_word' id='word_1_76' title='bbox 1295 533 1384 578; x_wconf 93' lang='lat'>714,</span> <span class='ocrx_word' id='word_1_77' title='bbox 1403 533 1479 567; x_wconf 91' lang='lat'><strong>717</strong></span> <span class='ocrx_word' id='word_1_78' title='bbox 1498 536 1568 568; x_wconf 87' lang='lat' dir='ltr'><strong>etc.</strong></span> 
     </span>
     <span class='ocr_line' id='line_1_9' title="bbox 123 590 1570 641; baseline -0.002 -10"><span class='ocrx_word' id='word_1_79' title='bbox 123 596 228 632; x_wconf 83' lang='lat' dir='ltr'><strong>Anno</strong></span> <span class='ocrx_word' id='word_1_80' title='bbox 254 595 327 630; x_wconf 84' lang='grc'><strong>713</strong></span> <span class='ocrx_word' id='word_1_81' title='bbox 353 594 474 630; x_wconf 83' lang='lat' dir='ltr'><strong>littera</strong></span> <span class='ocrx_word' id='word_1_82' title='bbox 499 592 530 628; x_wconf 89' lang='lat' dir='ltr'><strong>F</strong></span> <span class='ocrx_word' id='word_1_83' title='bbox 559 592 734 628; x_wconf 89' lang='lat' dir='ltr'><strong>nundinas</strong></span> <span class='ocrx_word' id='word_1_84' title='bbox 761 590 952 627; x_wconf 87' lang='lat' dir='ltr'><strong>indicauit:</strong></span> <span class='ocrx_word' id='word_1_85' title='bbox 986 590 1148 639; x_wconf 85' lang='lat' dir='ltr'><strong>proximo</strong></span> <span class='ocrx_word' id='word_1_86' title='bbox 1174 591 1283 639; x_wconf 84' lang='lat' dir='ltr'><strong>igitur</strong></span> <span class='ocrx_word' id='word_1_87' title='bbox 1307 591 1487 641; x_wconf 83' lang='lat' dir='ltr'><strong>superiori</strong></span> <span class='ocrx_word' id='word_1_88' title='bbox 1511 592 1570 628; x_wconf 83' lang='lat' dir='ltr'><strong>lit·</strong></span> 
     </span>
     <span class='ocr_line' id='line_1_10' title="bbox 124 650 1570 702; baseline -0.003 -8"><span class='ocrx_word' id='word_1_89' title='bbox 124 662 205 694; x_wconf 86' lang='lat' dir='ltr'><strong>tera</strong></span> <span class='ocrx_word' id='word_1_90' title='bbox 230 655 277 701; x_wconf 95' lang='lat' dir='ltr'><strong>C,</strong></span> <span class='ocrx_word' id='word_1_91' title='bbox 303 659 340 690; x_wconf 91' lang='lat' dir='ltr'><strong>et</strong></span> <span class='ocrx_word' id='word_1_92' title='bbox 363 653 528 702; x_wconf 82' lang='lat' dir='ltr'><strong>proximo</strong></span> <span class='ocrx_word' id='word_1_93' title='bbox 555 659 639 689; x_wconf 89' lang='lat' dir='ltr'><strong>ante</strong></span> <span class='ocrx_word' id='word_1_94' title='bbox 664 652 783 698; x_wconf 88' lang='lat' dir='ltr'><strong>hunc,</strong></span> <span class='ocrx_word' id='word_1_95' title='bbox 810 652 872 701; x_wconf 89' lang='lat' dir='ltr'><strong>qui</strong></span> <span class='ocrx_word' id='word_1_96' title='bbox 896 650 1232 699; x_wconf 29' lang='lat' dir='ltr'><strong>intercalarisffuit,</strong></span> <span class='ocrx_word' id='word_1_97' title='bbox 1258 654 1346 700; x_wconf 89' lang='lat'><strong>711,</strong></span> <span class='ocrx_word' id='word_1_98' title='bbox 1373 653 1494 689; x_wconf 89' lang='lat' dir='ltr'><strong>littera</strong></span> <span class='ocrx_word' id='word_1_99' title='bbox 1518 652 1570 689; x_wconf 70' lang='lat' dir='ltr'><strong>At</strong></span> 
     </span>
     <span class='ocr_line' id='line_1_11' title="bbox 123 712 1572 765; baseline -0.003 -10"><span class='ocrx_word' id='word_1_100' title='bbox 123 729 198 755; x_wconf 88' lang='lat' dir='ltr'><strong>non</strong></span> <span class='ocrx_word' id='word_1_101' title='bbox 232 717 342 765; x_wconf 86' lang='lat' dir='ltr'><strong>igitur</strong></span> <span class='ocrx_word' id='word_1_102' title='bbox 376 719 520 750; x_wconf 84' lang='lat' dir='ltr'><strong>cautum</strong></span> <span class='ocrx_word' id='word_1_103' title='bbox 553 713 695 757; x_wconf 78' lang='lat' dir='ltr'><strong>suerat,</strong></span> <span class='ocrx_word' id='word_1_104' title='bbox 733 724 778 750; x_wconf 91' lang='lat' dir='ltr'><strong>ne</strong></span> <span class='ocrx_word' id='word_1_105' title='bbox 814 724 858 749; x_wconf 92' lang='lat' dir='ltr'><strong>eo</strong></span> <span class='ocrx_word' id='word_1_106' title='bbox 894 724 989 748; x_wconf 88' lang='lat' dir='ltr'><strong>anno</strong></span> <span class='ocrx_word' id='word_1_107' title='bbox 1025 712 1207 749; x_wconf 86' lang='lat' dir='ltr'><strong>nundinae</strong></span> <span class='ocrx_word' id='word_1_108' title='bbox 1238 721 1358 750; x_wconf 87' lang='lat' dir='ltr'><strong>essent</strong></span> <span class='ocrx_word' id='word_1_109' title='bbox 1383 713 1572 750; x_wconf 76' lang='lat' dir='ltr'><strong>Kalendis.</strong></span> 
     </span>
     <span class='ocr_line' id='line_1_12' title="bbox 124 774 1572 828; baseline -0.002 -13"><span class='ocrx_word' id='word_1_110' title='bbox 124 780 244 828; x_wconf 87' lang='lat' dir='ltr'><strong>Atque</strong></span> <span class='ocrx_word' id='word_1_111' title='bbox 271 777 341 813; x_wconf 86' lang='lat' dir='ltr'><strong>hoc</strong></span> <span class='ocrx_word' id='word_1_112' title='bbox 372 776 489 825; x_wconf 88' lang='lat' dir='ltr'><strong>ipsum</strong></span> <span class='ocrx_word' id='word_1_113' title='bbox 525 775 636 811; x_wconf 87' lang='lat' dir='ltr'><strong>tradit</strong></span> <span class='ocrx_word' id='word_1_114' title='bbox 660 774 867 810; x_wconf 86' lang='lat' dir='ltr'><strong>Macrobius</strong></span> <span class='ocrx_word' id='word_1_115' title='bbox 895 777 932 820; x_wconf 91' lang='lat' dir='ltr'><strong>l,</strong></span> <span class='ocrx_word' id='word_1_116' title='bbox 961 777 1027 809; x_wconf 83' lang='lat'><strong>13:</strong></span> <span class='ocrx_word' id='word_1_117' title='bbox 1073 775 1219 818; x_wconf 76' lang='lat' dir='ltr'><strong>Quoties</strong></span> <span class='ocrx_word' id='word_1_118' title='bbox 1254 776 1441 824; x_wconf 75' lang='lat' dir='ltr'><strong>incipiente</strong></span> <span class='ocrx_word' id='word_1_119' title='bbox 1474 779 1572 812; x_wconf 73' lang='lat' dir='ltr'><strong>anno</strong></span> 
     </span>
     <span class='ocr_line' id='line_1_13' title="bbox 125 834 1573 888; baseline -0.003 -10"><span class='ocrx_word' id='word_1_120' title='bbox 125 841 202 878; x_wconf 82' lang='lat' dir='ltr'><strong>dies</strong></span> <span class='ocrx_word' id='word_1_121' title='bbox 227 840 354 888; x_wconf 82' lang='lat' dir='ltr'><strong>coepit,</strong></span> <span class='ocrx_word' id='word_1_122' title='bbox 383 839 444 886; x_wconf 81' lang='lat' dir='ltr'><strong>qui</strong></span> <span class='ocrx_word' id='word_1_123' title='bbox 469 836 628 874; x_wconf 74' lang='lat' dir='ltr'><strong>adiectus</strong></span> <span class='ocrx_word' id='word_1_124' title='bbox 652 841 705 873; x_wconf 82' lang='lat' dir='ltr'><strong>est</strong></span> <span class='ocrx_word' id='word_1_125' title='bbox 728 835 912 882; x_wconf 80' lang='lat' dir='ltr'><strong>nundinis,</strong></span> <span class='ocrx_word' id='word_1_126' title='bbox 939 837 1055 872; x_wconf 67' lang='lat' dir='ltr'><strong>omnis</strong></span> <span class='ocrx_word' id='word_1_127' title='bbox 1079 834 1139 871; x_wconf 73' lang='lat' dir='ltr'><strong>me</strong></span> <span class='ocrx_word' id='word_1_128' title='bbox 1165 847 1284 872; x_wconf 79' lang='lat' dir='ltr'><strong>annus</strong></span> <span class='ocrx_word' id='word_1_129' title='bbox 1306 835 1483 881; x_wconf 73' lang='lat' dir='ltr'><strong>infaustis</strong></span> <span class='ocrx_word' id='word_1_130' title='bbox 1508 847 1573 873; x_wconf 81' lang='lat' dir='ltr'><strong>ca-</strong></span> 
     </span>
     <span class='ocr_line' id='line_1_14' title="bbox 124 895 1574 947; baseline -0.004 -7"><span class='ocrx_word' id='word_1_131' title='bbox 124 902 226 940; x_wconf 75' lang='lat' dir='ltr'><strong>sibus</strong></span> <span class='ocrx_word' id='word_1_132' title='bbox 250 901 436 937; x_wconf 75' lang='lat' dir='ltr'><strong>luctuosus</strong></span> <span class='ocrx_word' id='word_1_133' title='bbox 467 897 561 945; x_wconf 55' lang='lat' dir='ltr'><strong>suin</strong></span> <span class='ocrx_word' id='word_1_134' title='bbox 601 900 827 947; x_wconf 74' lang='lat' dir='ltr'><strong>maximeque</strong></span> <span class='ocrx_word' id='word_1_135' title='bbox 852 895 1055 945; x_wconf 79' lang='lat' dir='ltr'><strong>Lepidiauo</strong></span> <span class='ocrx_word' id='word_1_136' title='bbox 1080 895 1236 931; x_wconf 67' lang='lat' dir='ltr'><strong>tunnultu</strong></span> <span class='ocrx_word' id='word_1_137' title='bbox 1261 899 1381 945; x_wconf 82' lang='lat' dir='ltr'><strong>opinio</strong></span> <span class='ocrx_word' id='word_1_138' title='bbox 1406 899 1480 934; x_wconf 77' lang='lat' dir='ltr'><strong>ista</strong></span> <span class='ocrx_word' id='word_1_139' title='bbox 1504 896 1574 944; x_wconf 68' lang='lat' dir='ltr'><strong>fir-</strong></span> 
     </span>
     <span class='ocr_line' id='line_1_15' title="bbox 125 957 1574 1010; baseline -0.004 -9"><span class='ocrx_word' id='word_1_140' title='bbox 125 968 231 1001; x_wconf 80' lang='lat' dir='ltr'><strong>mata</strong></span> <span class='ocrx_word' id='word_1_141' title='bbox 255 967 321 999; x_wconf 72' lang='lat' dir='ltr'><strong>est.</strong></span> <span class='ocrx_word' id='word_1_142' title='bbox 359 960 600 1010; x_wconf 87' lang='lat' dir='ltr'><strong>Lepidianum</strong></span> <span class='ocrx_word' id='word_1_143' title='bbox 626 960 817 996; x_wconf 88' lang='lat' dir='ltr'><strong>tumultum</strong></span> <span class='ocrx_word' id='word_1_144' title='bbox 844 970 946 1002; x_wconf 88' lang='lat' dir='ltr'><strong>caue,</strong></span> <span class='ocrx_word' id='word_1_145' title='bbox 975 957 1101 994; x_wconf 86' lang='lat' dir='ltr'><strong>credas</strong></span> <span class='ocrx_word' id='word_1_146' title='bbox 1124 957 1222 993; x_wconf 88' lang='lat' dir='ltr'><strong>illum</strong></span> <span class='ocrx_word' id='word_1_147' title='bbox 1246 959 1331 995; x_wconf 88' lang='lat' dir='ltr'><strong>anni</strong></span> <span class='ocrx_word' id='word_1_148' title='bbox 1354 959 1399 995; x_wconf 90' lang='lat' dir='ltr'><strong>V.</strong></span> <span class='ocrx_word' id='word_1_149' title='bbox 1421 958 1464 995; x_wconf 88' lang='lat' dir='ltr'><strong>C.</strong></span> <span class='ocrx_word' id='word_1_150' title='bbox 1483 960 1574 1006; x_wconf 87' lang='grc'><strong>676,</strong></span> 
     </span>
     <span class='ocr_line' id='line_1_16' title="bbox 126 1005 1576 1073; baseline -0.001 -14"><span class='ocrx_word' id='word_1_151' title='bbox 126 1023 174 1061; x_wconf 88' lang='lat' dir='ltr'><strong>de</strong></span> <span class='ocrx_word' id='word_1_152' title='bbox 199 1035 272 1073; x_wconf 92' lang='lat' dir='ltr'><strong>quo</strong></span> <span class='ocrx_word' id='word_1_153' title='bbox 297 1023 454 1072; x_wconf 87' lang='lat' dir='ltr'><strong>Appian.</strong></span> <span class='ocrx_word' id='word_1_154' title='bbox 484 1023 570 1058; x_wconf 90' lang='lat' dir='ltr'><strong>bell.</strong></span> <span class='ocrx_word' id='word_1_155' title='bbox 599 1022 669 1057; x_wconf 86' lang='lat' dir='ltr'><strong>eiu.</strong></span> <span class='ocrx_word' id='word_1_156' title='bbox 700 1025 733 1065; x_wconf 76' lang='lat'><strong>1,</strong></span> <span class='ocrx_word' id='word_1_157' title='bbox 758 1023 844 1057; x_wconf 90' lang='lat'>107.</span> <span class='ocrx_word' id='word_1_158' title='bbox 897 1020 1011 1056; x_wconf 88' lang='lat' dir='ltr'><strong>Immo</strong></span> <span class='ocrx_word' id='word_1_159' title='bbox 1040 1025 1094 1055; x_wconf 87' lang='lat' dir='ltr'><strong>est</strong></span> <span class='ocrx_word' id='word_1_160' title='bbox 1120 1005 1179 1055; x_wconf 76' lang='lat' dir='ltr'><strong>ille</strong></span> <span class='ocrx_word' id='word_1_161' title='bbox 1206 1020 1289 1055; x_wconf 85' lang='lat' dir='ltr'><strong>anni</strong></span> <span class='ocrx_word' id='word_1_162' title='bbox 1315 1022 1403 1066; x_wconf 90' lang='lat'>711,</span> <span class='ocrx_word' id='word_1_163' title='bbox 1430 1020 1476 1057; x_wconf 89' lang='lat' dir='ltr'><strong>de</strong></span> <span class='ocrx_word' id='word_1_164' title='bbox 1503 1033 1576 1070; x_wconf 88' lang='lat' dir='ltr'><strong>quo</strong></span> 
     </span>
     <span class='ocr_line' id='line_1_17' title="bbox 125 1081 1578 1134; baseline -0.003 -12"><span class='ocrx_word' id='word_1_165' title='bbox 125 1085 198 1122; x_wconf 92' lang='lat' dir='ltr'><strong>Dio</strong></span> <span class='ocrx_word' id='word_1_166' title='bbox 224 1087 289 1132; x_wconf 87' lang='grc'><strong>46,</strong></span> <span class='ocrx_word' id='word_1_167' title='bbox 318 1086 368 1120; x_wconf 84' lang='grc'><strong>50</strong></span> <span class='ocrx_word' id='word_1_168' title='bbox 393 1097 486 1134; x_wconf 70' lang='lat' dir='ltr'><strong>sqq„</strong></span> <span class='ocrx_word' id='word_1_169' title='bbox 522 1083 652 1120; x_wconf 87' lang='lat' dir='ltr'><strong>Vellei.</strong></span> <span class='ocrx_word' id='word_1_170' title='bbox 676 1087 717 1131; x_wconf 86' lang='lat'><strong>2,</strong></span> <span class='ocrx_word' id='word_1_171' title='bbox 744 1084 816 1131; x_wconf 90' lang='grc'><strong>64,</strong></span> <span class='ocrx_word' id='word_1_172' title='bbox 854 1083 930 1119; x_wconf 90' lang='lat' dir='ltr'><strong>Cic.</strong></span> <span class='ocrx_word' id='word_1_173' title='bbox 957 1093 1043 1130; x_wconf 88' lang='lat' dir='ltr'><strong>epp.</strong></span> <span class='ocrx_word' id='word_1_174' title='bbox 1074 1083 1134 1127; x_wconf 87' lang='lat'><strong>12,</strong></span> <span class='ocrx_word' id='word_1_175' title='bbox 1165 1082 1188 1116; x_wconf 86' lang='lat'>8</span> <span class='ocrx_word' id='word_1_176' title='bbox 1215 1088 1252 1117; x_wconf 89' lang='lat' dir='ltr'><strong>et</strong></span> <span class='ocrx_word' id='word_1_177' title='bbox 1279 1083 1337 1118; x_wconf 92' lang='grc'><strong>10.</strong></span> <span class='ocrx_word' id='word_1_178' title='bbox 1389 1081 1446 1118; x_wconf 90' lang='lat' dir='ltr'><strong>Eo</strong></span> <span class='ocrx_word' id='word_1_179' title='bbox 1481 1081 1578 1118; x_wconf 88' lang='lat' dir='ltr'><strong>enim</strong></span> 
     </span>
     <span class='ocr_line' id='line_1_18' title="bbox 126 1142 1576 1192; baseline -0.002 -10"><span class='ocrx_word' id='word_1_180' title='bbox 126 1158 222 1183; x_wconf 90' lang='lat' dir='ltr'><strong>auno</strong></span> <span class='ocrx_word' id='word_1_181' title='bbox 251 1157 398 1182; x_wconf 87' lang='lat' dir='ltr'><strong>necesse</strong></span> <span class='ocrx_word' id='word_1_182' title='bbox 425 1152 500 1192; x_wconf 92' lang='lat' dir='ltr'><strong>est,</strong></span> <span class='ocrx_word' id='word_1_183' title='bbox 538 1145 659 1181; x_wconf 87' lang='lat' dir='ltr'><strong>littera</strong></span> <span class='ocrx_word' id='word_1_184' title='bbox 686 1142 888 1180; x_wconf 88' lang='lat' dir='ltr'><strong>nundinalis</strong></span> <span class='ocrx_word' id='word_1_185' title='bbox 913 1144 1023 1179; x_wconf 86' lang='lat' dir='ltr'><strong>suerit</strong></span> <span class='ocrx_word' id='word_1_186' title='bbox 1050 1145 1103 1188; x_wconf 88' lang='lat' dir='ltr'><strong>A,</strong></span> <span class='ocrx_word' id='word_1_187' title='bbox 1131 1142 1161 1177; x_wconf 88' lang='lat' dir='ltr'><strong>si</strong></span> <span class='ocrx_word' id='word_1_188' title='bbox 1187 1154 1282 1179; x_wconf 90' lang='lat' dir='ltr'><strong>anno</strong></span> <span class='ocrx_word' id='word_1_189' title='bbox 1309 1144 1406 1190; x_wconf 78' lang='lat'><strong>713,</strong></span> <span class='ocrx_word' id='word_1_190' title='bbox 1441 1143 1493 1179; x_wconf 88' lang='lat' dir='ltr'><strong>uti</strong></span> <span class='ocrx_word' id='word_1_191' title='bbox 1515 1155 1576 1179; x_wconf 91' lang='lat' dir='ltr'><strong>ac-</strong></span> 
     </span>
     <span class='ocr_line' id='line_1_19' title="bbox 127 1204 1578 1257; baseline -0.002 -14"><span class='ocrx_word' id='word_1_192' title='bbox 127 1208 310 1257; x_wconf 90' lang='lat' dir='ltr'><strong>cepimus,</strong></span> <span class='ocrx_word' id='word_1_193' title='bbox 337 1207 408 1243; x_wconf 86' lang='lat' dir='ltr'><strong>suit</strong></span> <span class='ocrx_word' id='word_1_194' title='bbox 432 1208 486 1243; x_wconf 89' lang='lat' dir='ltr'><strong>F:</strong></span> <span class='ocrx_word' id='word_1_195' title='bbox 524 1219 619 1243; x_wconf 90' lang='lat' dir='ltr'><strong>anno</strong></span> <span class='ocrx_word' id='word_1_196' title='bbox 646 1208 721 1242; x_wconf 92' lang='lat'><strong>710</strong></span> <span class='ocrx_word' id='word_1_197' title='bbox 747 1206 855 1254; x_wconf 85' lang='lat' dir='ltr'><strong>igitur</strong></span> <span class='ocrx_word' id='word_1_198' title='bbox 880 1205 936 1252; x_wconf 91' lang='lat' dir='ltr'><strong>F,</strong></span> <span class='ocrx_word' id='word_1_199' title='bbox 965 1216 1060 1240; x_wconf 91' lang='lat' dir='ltr'><strong>anno</strong></span> <span class='ocrx_word' id='word_1_200' title='bbox 1087 1205 1161 1239; x_wconf 84' lang='lat'><strong>709</strong></span> <span class='ocrx_word' id='word_1_201' title='bbox 1188 1204 1242 1251; x_wconf 86' lang='lat' dir='ltr'><strong>C,</strong></span> <span class='ocrx_word' id='word_1_202' title='bbox 1269 1216 1364 1240; x_wconf 91' lang='lat' dir='ltr'><strong>anno</strong></span> <span class='ocrx_word' id='word_1_203' title='bbox 1389 1206 1488 1251; x_wconf 87' lang='lat'>708,</span> <span class='ocrx_word' id='word_1_204' title='bbox 1514 1205 1578 1253; x_wconf 85' lang='lat' dir='ltr'><strong>qui</strong></span> 
     </span>
     <span class='ocr_line' id='line_1_20' title="bbox 129 1265 1580 1318; baseline -0.002 -13"><span class='ocrx_word' id='word_1_205' title='bbox 129 1268 476 1318; x_wconf 84' lang='lat' dir='ltr'><strong>quadringentorum</strong></span> <span class='ocrx_word' id='word_1_206' title='bbox 510 1267 749 1317; x_wconf 84' lang='lat' dir='ltr'><strong>quadraginta</strong></span> <span class='ocrx_word' id='word_1_207' title='bbox 782 1267 941 1316; x_wconf 90' lang='lat' dir='ltr'><strong>quinque</strong></span> <span class='ocrx_word' id='word_1_208' title='bbox 966 1266 1107 1302; x_wconf 83' lang='lat' dir='ltr'><strong>dierum</strong></span> <span class='ocrx_word' id='word_1_209' title='bbox 1133 1265 1226 1312; x_wconf 83' lang='lat' dir='ltr'><strong>suit,</strong></span> <span class='ocrx_word' id='word_1_210' title='bbox 1262 1265 1382 1301; x_wconf 85' lang='lat' dir='ltr'><strong>littera</strong></span> <span class='ocrx_word' id='word_1_211' title='bbox 1408 1265 1465 1312; x_wconf 87' lang='lat' dir='ltr'><strong>H,</strong></span> <span class='ocrx_word' id='word_1_212' title='bbox 1493 1268 1580 1315; x_wconf 86' lang='lat' dir='ltr'><strong>quia</strong></span> 
     </span>
     <span class='ocr_line' id='line_1_21' title="bbox 128 1326 1578 1380; baseline -0.003 -13"><span class='ocrx_word' id='word_1_213' title='bbox 128 1331 159 1367; x_wconf 89' lang='lat' dir='ltr'><strong>is</strong></span> <span class='ocrx_word' id='word_1_214' title='bbox 183 1341 329 1380; x_wconf 89' lang='lat' dir='ltr'><strong>quoque</strong></span> <span class='ocrx_word' id='word_1_215' title='bbox 355 1342 525 1366; x_wconf 84' lang='lat' dir='ltr'><strong>numerus</strong></span> <span class='ocrx_word' id='word_1_216' title='bbox 553 1330 713 1378; x_wconf 87' lang='lat' dir='ltr'><strong>quinque</strong></span> <span class='ocrx_word' id='word_1_217' title='bbox 738 1327 863 1364; x_wconf 85' lang='lat' dir='ltr'><strong>diebus</strong></span> <span class='ocrx_word' id='word_1_218' title='bbox 890 1328 1034 1376; x_wconf 86' lang='lat' dir='ltr'><strong>plenam</strong></span> <span class='ocrx_word' id='word_1_219' title='bbox 1057 1326 1294 1362; x_wconf 85' lang='lat' dir='ltr'><strong>nundinarum</strong></span> <span class='ocrx_word' id='word_1_220' title='bbox 1316 1338 1492 1362; x_wconf 86' lang='lat' dir='ltr'><strong>summam</strong></span> <span class='ocrx_word' id='word_1_221' title='bbox 1513 1339 1578 1363; x_wconf 84' lang='lat' dir='ltr'><strong>ex-</strong></span> 
     </span>
     <span class='ocr_line' id='line_1_22' title="bbox 129 1387 1580 1440; baseline -0.002 -12"><span class='ocrx_word' id='word_1_222' title='bbox 129 1391 239 1440; x_wconf 86' lang='lat' dir='ltr'><strong>cedit,</strong></span> <span class='ocrx_word' id='word_1_223' title='bbox 269 1392 320 1427; x_wconf 92' lang='lat' dir='ltr'><strong>uti</strong></span> <span class='ocrx_word' id='word_1_224' title='bbox 346 1392 381 1427; x_wconf 91' lang='lat' dir='ltr'><strong>in</strong></span> <span class='ocrx_word' id='word_1_225' title='bbox 412 1391 617 1440; x_wconf 84' lang='lat' dir='ltr'><strong>uulgaribus</strong></span> <span class='ocrx_word' id='word_1_226' title='bbox 643 1389 790 1425; x_wconf 87' lang='lat' dir='ltr'><strong>Iulianis</strong></span> <span class='ocrx_word' id='word_1_227' title='bbox 815 1389 856 1424; x_wconf 91' lang='lat' dir='ltr'><strong>fit</strong></span> <span class='ocrx_word' id='word_1_228' title='bbox 879 1389 993 1424; x_wconf 91' lang='lat' dir='ltr'><strong>annis.</strong></span> <span class='ocrx_word' id='word_1_229' title='bbox 1037 1387 1163 1424; x_wconf 86' lang='lat' dir='ltr'><strong>Orellii</strong></span> <span class='ocrx_word' id='word_1_230' title='bbox 1191 1389 1393 1424; x_wconf 76' lang='lat' dir='ltr'><strong>auctoritati</strong></span> <span class='ocrx_word' id='word_1_231' title='bbox 1422 1387 1491 1424; x_wconf 88' lang='lat' dir='ltr'><strong>hoc</strong></span> <span class='ocrx_word' id='word_1_232' title='bbox 1515 1388 1580 1425; x_wconf 85' lang='lat' dir='ltr'><strong>tri·</strong></span> 
     </span>
     <span class='ocr_line' id='line_1_23' title="bbox 129 1449 1578 1501; baseline -0.002 -11"><span class='ocrx_word' id='word_1_233' title='bbox 129 1453 214 1501; x_wconf 87' lang='lat' dir='ltr'><strong>bui,</strong></span> <span class='ocrx_word' id='word_1_234' title='bbox 251 1460 291 1490; x_wconf 91' lang='lat' dir='ltr'><strong>ut</strong></span> <span class='ocrx_word' id='word_1_235' title='bbox 325 1459 398 1489; x_wconf 89' lang='lat' dir='ltr'><strong>tam</strong></span> <span class='ocrx_word' id='word_1_236' title='bbox 433 1453 528 1488; x_wconf 86' lang='lat' dir='ltr'><strong>leuia</strong></span> <span class='ocrx_word' id='word_1_237' title='bbox 561 1458 598 1488; x_wconf 87' lang='lat' dir='ltr'><strong>et</strong></span> <span class='ocrx_word' id='word_1_238' title='bbox 635 1452 826 1500; x_wconf 89' lang='lat' dir='ltr'><strong>perspicua</strong></span> <span class='ocrx_word' id='word_1_239' title='bbox 852 1459 1037 1485; x_wconf 88' lang='lat' dir='ltr'><strong>monerem</strong></span> <span class='ocrx_word' id='word_1_240' title='bbox 1072 1450 1117 1486; x_wconf 83' lang='lat' dir='ltr'><strong>de</strong></span> <span class='ocrx_word' id='word_1_241' title='bbox 1151 1449 1276 1488; x_wconf 82' lang='lat' dir='ltr'><strong>litteris</strong></span> <span class='ocrx_word' id='word_1_242' title='bbox 1308 1450 1578 1498; x_wconf 82' lang='lat' dir='ltr'><strong>nundinalibus,</strong></span> 
     </span>
     <span class='ocr_line' id='line_1_24' title="bbox 133 1510 1581 1566; baseline -0.003 -14"><span class='ocrx_word' id='word_1_243' title='bbox 133 1516 266 1566; x_wconf 82' lang='lat' dir='ltr'><strong>quibus</strong></span> <span class='ocrx_word' id='word_1_244' title='bbox 295 1514 394 1551; x_wconf 89' lang='lat' dir='ltr'><strong>uides</strong></span> <span class='ocrx_word' id='word_1_245' title='bbox 420 1514 529 1550; x_wconf 89' lang='lat' dir='ltr'><strong>totius</strong></span> <span class='ocrx_word' id='word_1_246' title='bbox 556 1514 639 1549; x_wconf 89' lang='lat' dir='ltr'><strong>anni</strong></span> <span class='ocrx_word' id='word_1_247' title='bbox 666 1513 827 1549; x_wconf 86' lang='lat' dir='ltr'><strong>ordinem</strong></span> <span class='ocrx_word' id='word_1_248' title='bbox 855 1512 998 1547; x_wconf 80' lang='lat' dir='ltr'><strong>contexi</strong></span> <span class='ocrx_word' id='word_1_249' title='bbox 1025 1523 1068 1547; x_wconf 88' lang='lat' dir='ltr'><strong>ac</strong></span> <span class='ocrx_word' id='word_1_250' title='bbox 1088 1510 1256 1547; x_wconf 84' lang='lat' dir='ltr'><strong>describi.</strong></span> <span class='ocrx_word' id='word_1_251' title='bbox 1309 1511 1492 1548; x_wconf 86' lang='lat' dir='ltr'><strong>Adiectam</strong></span> <span class='ocrx_word' id='word_1_252' title='bbox 1519 1513 1581 1548; x_wconf 87' lang='lat' dir='ltr'><strong>iu-</strong></span> 
     </span>
     <span class='ocr_line' id='line_1_25' title="bbox 129 1573 1580 1626; baseline -0.003 -12"><span class='ocrx_word' id='word_1_253' title='bbox 129 1577 263 1626; x_wconf 85' lang='lat' dir='ltr'><strong>telligis</strong></span> <span class='ocrx_word' id='word_1_254' title='bbox 290 1575 353 1613; x_wconf 87' lang='lat' dir='ltr'><strong>tali</strong></span> <span class='ocrx_word' id='word_1_255' title='bbox 379 1577 520 1612; x_wconf 87' lang='lat' dir='ltr'><strong>litterae</strong></span> <span class='ocrx_word' id='word_1_256' title='bbox 547 1575 673 1625; x_wconf 88' lang='lat' dir='ltr'><strong>quouis</strong></span> <span class='ocrx_word' id='word_1_257' title='bbox 701 1574 759 1610; x_wconf 91' lang='lat' dir='ltr'><strong>die</strong></span> <span class='ocrx_word' id='word_1_258' title='bbox 786 1579 908 1609; x_wconf 86' lang='lat' dir='ltr'><strong>notam</strong></span> <span class='ocrx_word' id='word_1_259' title='bbox 938 1585 1044 1608; x_wconf 88' lang='lat' dir='ltr'><strong>unam</strong></span> <span class='ocrx_word' id='word_1_260' title='bbox 1072 1585 1116 1609; x_wconf 87' lang='lat' dir='ltr'><strong>ex</strong></span> <span class='ocrx_word' id='word_1_261' title='bbox 1140 1573 1180 1609; x_wconf 83' lang='lat' dir='ltr'><strong>iis</strong></span> <span class='ocrx_word' id='word_1_262' title='bbox 1208 1573 1346 1609; x_wconf 90' lang='lat' dir='ltr'><strong>dierum</strong></span> <span class='ocrx_word' id='word_1_263' title='bbox 1373 1574 1580 1622; x_wconf 80' lang='lat' dir='ltr'><strong>generibus,</strong></span> 
     </span>
     <span class='ocr_line' id='line_1_26' title="bbox 129 1634 1583 1689; baseline -0.003 -13"><span class='ocrx_word' id='word_1_264' title='bbox 129 1651 226 1689; x_wconf 85' lang='lat' dir='ltr'><strong>quae</strong></span> <span class='ocrx_word' id='word_1_265' title='bbox 251 1645 441 1689; x_wconf 86' lang='lat' dir='ltr'><strong>praeterea</strong></span> <span class='ocrx_word' id='word_1_266' title='bbox 469 1636 622 1674; x_wconf 87' lang='lat' dir='ltr'><strong>Ouidius</strong></span> <span class='ocrx_word' id='word_1_267' title='bbox 659 1641 942 1681; x_wconf 85' lang='lat' dir='ltr'><strong>commemorat,</strong></span> <span class='ocrx_word' id='word_1_268' title='bbox 981 1635 1141 1684; x_wconf 81' lang='lat' dir='ltr'><strong>exceptis</strong></span> <span class='ocrx_word' id='word_1_269' title='bbox 1168 1635 1264 1670; x_wconf 83' lang='lat' dir='ltr'><strong>atris.</strong></span> <span class='ocrx_word' id='word_1_270' title='bbox 1317 1634 1373 1670; x_wconf 90' lang='lat' dir='ltr'><strong>Ea</strong></span> <span class='ocrx_word' id='word_1_271' title='bbox 1401 1641 1487 1671; x_wconf 88' lang='lat' dir='ltr'><strong>nota</strong></span> <span class='ocrx_word' id='word_1_272' title='bbox 1521 1635 1583 1671; x_wconf 89' lang='lat' dir='ltr'><strong>ubi</strong></span> 
     </span>
     <span class='ocr_line' id='line_1_27' title="bbox 132 1695 1583 1750; baseline -0.002 -14"><span class='ocrx_word' id='word_1_273' title='bbox 132 1701 259 1748; x_wconf 87' lang='lat' dir='ltr'><strong>deest,</strong></span> <span class='ocrx_word' id='word_1_274' title='bbox 297 1699 523 1750; x_wconf 86' lang='lat' dir='ltr'><strong>quadratarii</strong></span> <span class='ocrx_word' id='word_1_275' title='bbox 558 1699 666 1748; x_wconf 92' lang='lat' dir='ltr'><strong>culpa</strong></span> <span class='ocrx_word' id='word_1_276' title='bbox 692 1699 823 1734; x_wconf 88' lang='lat' dir='ltr'><strong>omissa</strong></span> <span class='ocrx_word' id='word_1_277' title='bbox 848 1695 1015 1743; x_wconf 77' lang='lat' dir='ltr'><strong>uidetur3</strong></span> <span class='ocrx_word' id='word_1_278' title='bbox 1053 1704 1150 1732; x_wconf 85' lang='lat' dir='ltr'><strong>certe</strong></span> <span class='ocrx_word' id='word_1_279' title='bbox 1185 1698 1246 1731; x_wconf 91' lang='lat' dir='ltr'><strong>uix</strong></span> <span class='ocrx_word' id='word_1_280' title='bbox 1279 1695 1375 1731; x_wconf 88' lang='lat' dir='ltr'><strong>aliud</strong></span> <span class='ocrx_word' id='word_1_281' title='bbox 1408 1696 1583 1745; x_wconf 84' lang='lat' dir='ltr'><strong>suspicari</strong></span> 
     </span>
     <span class='ocr_line' id='line_1_28' title="bbox 129 1757 1584 1810; baseline -0.003 -11"><span class='ocrx_word' id='word_1_282' title='bbox 129 1762 217 1799; x_wconf 88' lang='lat' dir='ltr'><strong>licet</strong></span> <span class='ocrx_word' id='word_1_283' title='bbox 242 1761 358 1797; x_wconf 92' lang='lat' dir='ltr'><strong>Nonis</strong></span> <span class='ocrx_word' id='word_1_284' title='bbox 383 1761 500 1810; x_wconf 86' lang='lat' dir='ltr'><strong>April.</strong></span> <span class='ocrx_word' id='word_1_285' title='bbox 526 1767 562 1797; x_wconf 93' lang='lat' dir='ltr'><strong>et</strong></span> <span class='ocrx_word' id='word_1_286' title='bbox 588 1760 674 1796; x_wconf 86' lang='lat' dir='ltr'><strong>XVI</strong></span> <span class='ocrx_word' id='word_1_287' title='bbox 696 1759 757 1795; x_wconf 76' lang='grc' dir='ltr'><strong>ΚΡ</strong></span> <span class='ocrx_word' id='word_1_288' title='bbox 777 1759 854 1794; x_wconf 87' lang='lat' dir='ltr'><strong>Ian.</strong></span> <span class='ocrx_word' id='word_1_289' title='bbox 907 1757 948 1793; x_wconf 91' lang='lat' dir='ltr'><strong>In</strong></span> <span class='ocrx_word' id='word_1_290' title='bbox 976 1758 1136 1806; x_wconf 87' lang='lat' dir='ltr'><strong>reliquis,</strong></span> <span class='ocrx_word' id='word_1_291' title='bbox 1162 1757 1262 1793; x_wconf 84' lang='lat' dir='ltr'><strong>Non.</strong></span> <span class='ocrx_word' id='word_1_292' title='bbox 1289 1757 1416 1801; x_wconf 67' lang='lat' dir='ltr'><strong>Febr„</strong></span> <span class='ocrx_word' id='word_1_293' title='bbox 1440 1757 1520 1794; x_wconf 87' lang='lat' dir='ltr'><strong>Iun.</strong></span> <span class='ocrx_word' id='word_1_294' title='bbox 1546 1764 1584 1795; x_wconf 92' lang='lat' dir='ltr'><strong>et</strong></span> 
     </span>
     <span class='ocr_line' id='line_1_29' title="bbox 129 1818 1585 1872; baseline -0.003 -12"><span class='ocrx_word' id='word_1_295' title='bbox 129 1823 164 1860; x_wconf 88' lang='lat' dir='ltr'>V</span> <span class='ocrx_word' id='word_1_296' title='bbox 183 1823 238 1860; x_wconf 91' lang='lat' dir='ltr'><strong>Id.</strong></span> <span class='ocrx_word' id='word_1_297' title='bbox 261 1823 346 1860; x_wconf 91' lang='lat' dir='ltr'><strong>Oct.</strong></span> <span class='ocrx_word' id='word_1_298' title='bbox 374 1829 495 1872; x_wconf 86' lang='lat' dir='ltr'><strong>potest</strong></span> <span class='ocrx_word' id='word_1_299' title='bbox 522 1823 630 1858; x_wconf 86' lang='lat' dir='ltr'><strong>etiam</strong></span> <span class='ocrx_word' id='word_1_300' title='bbox 657 1822 692 1857; x_wconf 88' lang='lat' dir='ltr'><strong>in</strong></span> <span class='ocrx_word' id='word_1_301' title='bbox 722 1831 902 1856; x_wconf 87' lang='lat' dir='ltr'><strong>marmore</strong></span> <span class='ocrx_word' id='word_1_302' title='bbox 930 1819 1134 1865; x_wconf 77' lang='lat' dir='ltr'><strong>euanuisse,</strong></span> <span class='ocrx_word' id='word_1_303' title='bbox 1162 1818 1260 1868; x_wconf 90' lang='lat' dir='ltr'><strong>quod</strong></span> <span class='ocrx_word' id='word_1_304' title='bbox 1285 1830 1397 1868; x_wconf 85' lang='lat' dir='ltr'><strong>saepe</strong></span> <span class='ocrx_word' id='word_1_305' title='bbox 1422 1818 1585 1855; x_wconf 86' lang='lat' dir='ltr'><strong>animad-</strong></span> 
     </span>
     <span class='ocr_line' id='line_1_30' title="bbox 129 1879 1585 1932; baseline -0.003 -11"><span class='ocrx_word' id='word_1_306' title='bbox 129 1897 276 1922; x_wconf 86' lang='lat' dir='ltr'><strong>uersum</strong></span> <span class='ocrx_word' id='word_1_307' title='bbox 304 1884 421 1931; x_wconf 83' lang='lat' dir='ltr'><strong>estin</strong></span> <span class='ocrx_word' id='word_1_308' title='bbox 457 1883 638 1919; x_wconf 88' lang='lat' dir='ltr'><strong>ueteribus</strong></span> <span class='ocrx_word' id='word_1_309' title='bbox 674 1881 867 1932; x_wconf 87' lang='lat' dir='ltr'><strong>lapidibus.</strong></span> <span class='ocrx_word' id='word_1_310' title='bbox 922 1881 1045 1927; x_wconf 83' lang='lat' dir='ltr'><strong>Fasti,</strong></span> <span class='ocrx_word' id='word_1_311' title='bbox 1083 1879 1235 1927; x_wconf 86' lang='lat' dir='ltr'><strong>nefasti,</strong></span> <span class='ocrx_word' id='word_1_312' title='bbox 1275 1881 1472 1917; x_wconf 85' lang='lat' dir='ltr'><strong>comitiales</strong></span> <span class='ocrx_word' id='word_1_313' title='bbox 1507 1880 1585 1918; x_wconf 83' lang='lat' dir='ltr'><strong>dies</strong></span> 
     </span>
     <span class='ocr_line' id='line_1_31' title="bbox 130 1941 1585 1996; baseline -0.003 -13"><span class='ocrx_word' id='word_1_314' title='bbox 130 1945 314 1996; x_wconf 89' lang='lat' dir='ltr'><strong>quomodo</strong></span> <span class='ocrx_word' id='word_1_315' title='bbox 340 1945 560 1992; x_wconf 87' lang='lat' dir='ltr'><strong>indicentur,</strong></span> <span class='ocrx_word' id='word_1_316' title='bbox 584 1956 690 1981; x_wconf 89' lang='lat' dir='ltr'><strong>nemo</strong></span> <span class='ocrx_word' id='word_1_317' title='bbox 716 1946 872 1993; x_wconf 90' lang='lat' dir='ltr'><strong>ignorat.</strong></span> <span class='ocrx_word' id='word_1_318' title='bbox 917 1942 1125 1979; x_wconf 83' lang='lat' dir='ltr'><strong>comitiales</strong></span> <span class='ocrx_word' id='word_1_319' title='bbox 1148 1950 1185 1978; x_wconf 92' lang='lat' dir='ltr'><strong>et</strong></span> <span class='ocrx_word' id='word_1_320' title='bbox 1205 1943 1301 1992; x_wconf 90' lang='lat' dir='ltr'><strong>ipsos</strong></span> <span class='ocrx_word' id='word_1_321' title='bbox 1321 1942 1433 1979; x_wconf 81' lang='lat' dir='ltr'><strong>fastos</strong></span> <span class='ocrx_word' id='word_1_322' title='bbox 1458 1941 1585 1990; x_wconf 82' lang='lat' dir='ltr'><strong>fuisse,</strong></span> 
     </span>
     <span class='ocr_line' id='line_1_32' title="bbox 130 2003 1586 2058; baseline -0.004 -13"><span class='ocrx_word' id='word_1_323' title='bbox 130 2008 195 2046; x_wconf 88' lang='lat' dir='ltr'><strong>sed</strong></span> <span class='ocrx_word' id='word_1_324' title='bbox 213 2014 406 2058; x_wconf 85' lang='lat' dir='ltr'><strong>praeterea</strong></span> <span class='ocrx_word' id='word_1_325' title='bbox 428 2006 566 2057; x_wconf 90' lang='lat' dir='ltr'><strong>populo</strong></span> <span class='ocrx_word' id='word_1_326' title='bbox 587 2005 823 2042; x_wconf 89' lang='lat' dir='ltr'><strong>conuocando</strong></span> <span class='ocrx_word' id='word_1_327' title='bbox 843 2004 1009 2054; x_wconf 85' lang='lat' dir='ltr'><strong>cogundo</strong></span> <span class='ocrx_word' id='word_1_328' title='bbox 1035 2003 1201 2051; x_wconf 90' lang='lat' dir='ltr'><strong>idoneos,</strong></span> <span class='ocrx_word' id='word_1_329' title='bbox 1230 2003 1413 2056; x_wconf 73' lang='lat' dir='ltr'><strong>notissima</strong></span> <span class='ocrx_word' id='word_1_330' title='bbox 1441 2015 1497 2040; x_wconf 92' lang='lat' dir='ltr'><strong>res</strong></span> <span class='ocrx_word' id='word_1_331' title='bbox 1517 2011 1586 2051; x_wconf 89' lang='lat' dir='ltr'><strong>est,</strong></span> 
     </span>
     <span class='ocr_line' id='line_1_33' title="bbox 131 2065 1587 2120; baseline -0.003 -14"><span class='ocrx_word' id='word_1_332' title='bbox 131 2069 178 2107; x_wconf 91' lang='lat' dir='ltr'><strong>de</strong></span> <span class='ocrx_word' id='word_1_333' title='bbox 213 2081 286 2120; x_wconf 87' lang='lat' dir='ltr'><strong>qua</strong></span> <span class='ocrx_word' id='word_1_334' title='bbox 315 2069 489 2106; x_wconf 89' lang='lat' dir='ltr'><strong>Vaassen.</strong></span> <span class='ocrx_word' id='word_1_335' title='bbox 515 2069 634 2105; x_wconf 88' lang='lat' dir='ltr'><strong>Anim.</strong></span> <span class='ocrx_word' id='word_1_336' title='bbox 664 2081 703 2118; x_wconf 88' lang='lat' dir='ltr'><strong>p.</strong></span> <span class='ocrx_word' id='word_1_337' title='bbox 723 2069 809 2104; x_wconf 89' lang='grc'><strong>262.</strong></span> <span class='ocrx_word' id='word_1_338' title='bbox 873 2067 1049 2103; x_wconf 88' lang='lat' dir='ltr'><strong>Senatum</strong></span> <span class='ocrx_word' id='word_1_339' title='bbox 1086 2065 1211 2101; x_wconf 88' lang='lat' dir='ltr'><strong>iisdem</strong></span> <span class='ocrx_word' id='word_1_340' title='bbox 1248 2065 1305 2113; x_wconf 88' lang='lat' dir='ltr'><strong>agi</strong></span> <span class='ocrx_word' id='word_1_341' title='bbox 1340 2065 1521 2114; x_wconf 88' lang='lat' dir='ltr'><strong>potuisse,</strong></span> <span class='ocrx_word' id='word_1_342' title='bbox 1556 2065 1587 2102; x_wconf 88' lang='lat' dir='ltr'><strong>si</strong></span> 
     </span>
     <span class='ocr_line' id='line_1_34' title="bbox 132 2126 1587 2177; baseline -0.004 -9"><span class='ocrx_word' id='word_1_343' title='bbox 132 2132 278 2168; x_wconf 83' lang='lat' dir='ltr'><strong>comitia</strong></span> <span class='ocrx_word' id='word_1_344' title='bbox 305 2143 377 2167; x_wconf 91' lang='lat' dir='ltr'><strong>non</strong></span> <span class='ocrx_word' id='word_1_345' title='bbox 405 2130 639 2177; x_wconf 83' lang='lat' dir='ltr'><strong>haberentur,</strong></span> <span class='ocrx_word' id='word_1_346' title='bbox 665 2129 789 2166; x_wconf 89' lang='lat' dir='ltr'><strong>docuit</strong></span> <span class='ocrx_word' id='word_1_347' title='bbox 814 2127 1033 2164; x_wconf 87' lang='lat' dir='ltr'><strong>Vaassenius</strong></span> <span class='ocrx_word' id='word_1_348' title='bbox 1059 2140 1097 2176; x_wconf 90' lang='lat' dir='ltr'><strong>p.</strong></span> <span class='ocrx_word' id='word_1_349' title='bbox 1114 2128 1188 2163; x_wconf 85' lang='grc'><strong>236</strong></span> <span class='ocrx_word' id='word_1_350' title='bbox 1214 2139 1269 2176; x_wconf 92' lang='lat' dir='ltr'><strong>sq.</strong></span> <span class='ocrx_word' id='word_1_351' title='bbox 1327 2126 1445 2162; x_wconf 87' lang='lat' dir='ltr'><strong>Fastis</strong></span> <span class='ocrx_word' id='word_1_352' title='bbox 1480 2137 1587 2163; x_wconf 88' lang='lat' dir='ltr'><strong>sena-</strong></span> 
     </span>
     <span class='ocr_line' id='line_1_35' title="bbox 131 2188 1587 2241; baseline -0.003 -12"><span class='ocrx_word' id='word_1_353' title='bbox 131 2199 207 2229; x_wconf 86' lang='lat' dir='ltr'><strong>tum</strong></span> <span class='ocrx_word' id='word_1_354' title='bbox 236 2205 309 2229; x_wconf 91' lang='lat' dir='ltr'><strong>non</strong></span> <span class='ocrx_word' id='word_1_355' title='bbox 337 2193 550 2230; x_wconf 89' lang='lat' dir='ltr'><strong>conuenisse</strong></span> <span class='ocrx_word' id='word_1_356' title='bbox 577 2203 687 2241; x_wconf 88' lang='lat' dir='ltr'><strong>supra</strong></span> <span class='ocrx_word' id='word_1_357' title='bbox 715 2190 942 2236; x_wconf 88' lang='lat' dir='ltr'><strong>monuimus,</strong></span> <span class='ocrx_word' id='word_1_358' title='bbox 983 2195 1019 2224; x_wconf 91' lang='lat' dir='ltr'><strong>et</strong></span> <span class='ocrx_word' id='word_1_359' title='bbox 1053 2201 1108 2224; x_wconf 84' lang='lat' dir='ltr'><strong>res</strong></span> <span class='ocrx_word' id='word_1_360' title='bbox 1143 2189 1223 2238; x_wconf 86' lang='lat' dir='ltr'><strong>ipsa</strong></span> <span class='ocrx_word' id='word_1_361' title='bbox 1249 2188 1376 2236; x_wconf 90' lang='lat' dir='ltr'><strong>docet,</strong></span> <span class='ocrx_word' id='word_1_362' title='bbox 1413 2194 1490 2224; x_wconf 87' lang='lat' dir='ltr'><strong>tum</strong></span> <span class='ocrx_word' id='word_1_363' title='bbox 1516 2189 1587 2225; x_wconf 90' lang='lat' dir='ltr'><strong>Dio</strong></span> 
     </span>
     <span class='ocr_line' id='line_1_36' title="bbox 130 2250 1588 2299; baseline -0.004 -8"><span class='ocrx_word' id='word_1_364' title='bbox 130 2260 285 2291; x_wconf 87' lang='lat' dir='ltr'><strong>testatur</strong></span> <span class='ocrx_word' id='word_1_365' title='bbox 310 2254 390 2290; x_wconf 89' lang='lat' dir='ltr'><strong>loco</strong></span> <span class='ocrx_word' id='word_1_366' title='bbox 427 2255 521 2290; x_wconf 87' lang='lat' dir='ltr'><strong>male</strong></span> <span class='ocrx_word' id='word_1_367' title='bbox 559 2253 744 2290; x_wconf 83' lang='lat' dir='ltr'><strong>intellecto</strong></span> <span class='ocrx_word' id='word_1_368' title='bbox 771 2252 836 2299; x_wconf 83' lang='lat'><strong>45,</strong></span> <span class='ocrx_word' id='word_1_369' title='bbox 865 2253 927 2288; x_wconf 87' lang='lat'><strong>17.</strong></span> <span class='ocrx_word' id='word_1_370' title='bbox 980 2250 1297 2294; x_wconf 87' lang='lat' dir='ltr'><strong>Quemadmodum</strong></span> <span class='ocrx_word' id='word_1_371' title='bbox 1334 2250 1442 2298; x_wconf 82' lang='lat' dir='ltr'><strong>igitur</strong></span> <span class='ocrx_word' id='word_1_372' title='bbox 1477 2250 1588 2286; x_wconf 87' lang='lat' dir='ltr'><strong>comi-</strong></span> 
     </span>
     <span class='ocr_line' id='line_1_37' title="bbox 131 2311 1589 2366; baseline -0.004 -13"><span class='ocrx_word' id='word_1_373' title='bbox 131 2314 271 2353; x_wconf 87' lang='lat' dir='ltr'><strong>tialium</strong></span> <span class='ocrx_word' id='word_1_374' title='bbox 299 2315 436 2352; x_wconf 87' lang='lat' dir='ltr'><strong>dierum</strong></span> <span class='ocrx_word' id='word_1_375' title='bbox 466 2316 603 2366; x_wconf 89' lang='lat' dir='ltr'><strong>optima</strong></span> <span class='ocrx_word' id='word_1_376' title='bbox 639 2320 717 2351; x_wconf 87' lang='lat' dir='ltr'><strong>erat</strong></span> <span class='ocrx_word' id='word_1_377' title='bbox 752 2313 934 2360; x_wconf 88' lang='lat' dir='ltr'><strong>conditio,</strong></span> <span class='ocrx_word' id='word_1_378' title='bbox 971 2313 1099 2362; x_wconf 84' lang='lat' dir='ltr'><strong>quibus</strong></span> <span class='ocrx_word' id='word_1_379' title='bbox 1133 2313 1253 2348; x_wconf 89' lang='lat' dir='ltr'><strong>omnia</strong></span> <span class='ocrx_word' id='word_1_380' title='bbox 1291 2312 1412 2348; x_wconf 86' lang='lat' dir='ltr'><strong>munia</strong></span> <span class='ocrx_word' id='word_1_381' title='bbox 1443 2311 1589 2361; x_wconf 88' lang='lat' dir='ltr'><strong>publica</strong></span> 
     </span>
     <span class='ocr_line' id='line_1_38' title="bbox 134 2369 1589 2427; baseline -0.003 -13"><span class='ocrx_word' id='word_1_382' title='bbox 134 2379 352 2425; x_wconf 81' lang='lat' dir='ltr'><strong>obibautur3</strong></span> <span class='ocrx_word' id='word_1_383' title='bbox 389 2378 552 2427; x_wconf 82' lang='lat' dir='ltr'><strong>proxima</strong></span> <span class='ocrx_word' id='word_1_384' title='bbox 578 2377 776 2423; x_wconf 81' lang='lat' dir='ltr'><strong>fastorum,</strong></span> <span class='ocrx_word' id='word_1_385' title='bbox 803 2369 934 2425; x_wconf 83' lang='lat' dir='ltr'><strong>quibus</strong></span> <span class='ocrx_word' id='word_1_386' title='bbox 960 2374 1093 2411; x_wconf 77' lang='lat' dir='ltr'><strong>iudicia</strong></span> <span class='ocrx_word' id='word_1_387' title='bbox 1122 2382 1258 2410; x_wconf 86' lang='lat' dir='ltr'><strong>tantum</strong></span> <span class='ocrx_word' id='word_1_388' title='bbox 1286 2379 1411 2410; x_wconf 86' lang='lat' dir='ltr'><strong>erant:</strong></span> <span class='ocrx_word' id='word_1_389' title='bbox 1447 2373 1497 2410; x_wconf 89' lang='lat' dir='ltr'><strong>ita</strong></span> <span class='ocrx_word' id='word_1_390' title='bbox 1524 2385 1589 2410; x_wconf 89' lang='lat' dir='ltr'><strong>ne-</strong></span> 
     </span>
     <span class='ocr_line' id='line_1_39' title="bbox 135 2433 1588 2488; baseline -0.004 -12"><span class='ocrx_word' id='word_1_391' title='bbox 135 2440 313 2477; x_wconf 79' lang='lat' dir='ltr'><strong>fastorum</strong></span> <span class='ocrx_word' id='word_1_392' title='bbox 341 2439 481 2486; x_wconf 84' lang='lat' dir='ltr'><strong>dierum</strong></span> <span class='ocrx_word' id='word_1_393' title='bbox 508 2439 581 2475; x_wconf 89' lang='lat' dir='ltr'><strong>duo</strong></span> <span class='ocrx_word' id='word_1_394' title='bbox 609 2446 713 2475; x_wconf 81' lang='lat' dir='ltr'><strong>erant</strong></span> <span class='ocrx_word' id='word_1_395' title='bbox 739 2449 886 2488; x_wconf 86' lang='lat' dir='ltr'><strong>genera,</strong></span> <span class='ocrx_word' id='word_1_396' title='bbox 913 2436 1068 2485; x_wconf 80' lang='lat' dir='ltr'><strong>religiosi</strong></span> <span class='ocrx_word' id='word_1_397' title='bbox 1095 2443 1131 2472; x_wconf 78' lang='lat' dir='ltr'><strong>et</strong></span> <span class='ocrx_word' id='word_1_398' title='bbox 1158 2434 1288 2472; x_wconf 79' lang='lat' dir='ltr'><strong>nefasti</strong></span> <span class='ocrx_word' id='word_1_399' title='bbox 1314 2435 1472 2484; x_wconf 81' lang='lat' dir='ltr'><strong>proprie.</strong></span> <span class='ocrx_word' id='word_1_400' title='bbox 1509 2433 1588 2470; x_wconf 86' lang='lat' dir='ltr'><strong>Csr.</strong></span> 
     </span>
     <span class='ocr_line' id='line_1_40' title="bbox 135 2494 1590 2550; baseline -0.003 -13"><span class='ocrx_word' id='word_1_401' title='bbox 135 2502 233 2538; x_wconf 78' lang='lat' dir='ltr'><strong>Gen.</strong></span> <span class='ocrx_word' id='word_1_402' title='bbox 260 2504 299 2549; x_wconf 92' lang='lat'><strong>4,</strong></span> <span class='ocrx_word' id='word_1_403' title='bbox 327 2503 362 2537; x_wconf 85' lang='lat'><strong>9.</strong></span> <span class='ocrx_word' id='word_1_404' title='bbox 409 2499 613 2549; x_wconf 81' lang='lat' dir='ltr'><strong>Religiosos</strong></span> <span class='ocrx_word' id='word_1_405' title='bbox 650 2501 754 2547; x_wconf 90' lang='lat' dir='ltr'><strong>dico,</strong></span> <span class='ocrx_word' id='word_1_406' title='bbox 788 2500 918 2550; x_wconf 88' lang='lat' dir='ltr'><strong>quibus</strong></span> <span class='ocrx_word' id='word_1_407' title='bbox 953 2498 1041 2534; x_wconf 86' lang='lat' dir='ltr'><strong>nihil</strong></span> <span class='ocrx_word' id='word_1_408' title='bbox 1080 2498 1232 2544; x_wconf 79' lang='lat' dir='ltr'><strong>licebat,</strong></span> <span class='ocrx_word' id='word_1_409' title='bbox 1270 2508 1342 2533; x_wconf 78' lang='lat' dir='ltr'><strong>non</strong></span> <span class='ocrx_word' id='word_1_410' title='bbox 1374 2507 1454 2531; x_wconf 79' lang='lat' dir='ltr'><strong>cum</strong></span> <span class='ocrx_word' id='word_1_411' title='bbox 1489 2494 1590 2532; x_wconf 72' lang='lat' dir='ltr'><strong>hoste</strong></span> 
     </span>
     <span class='ocr_line' id='line_1_41' title="bbox 131 2555 1588 2607; baseline -0.005 -7"><span class='ocrx_word' id='word_1_412' title='bbox 131 2575 264 2601; x_wconf 74' lang='lat' dir='ltr'><strong>munus</strong></span> <span class='ocrx_word' id='word_1_413' title='bbox 290 2561 542 2607; x_wconf 71' lang='lat' dir='ltr'><strong>conserebant,</strong></span> <span class='ocrx_word' id='word_1_414' title='bbox 569 2569 642 2599; x_wconf 69' lang='lat' dir='ltr'><strong>tion</strong></span> <span class='ocrx_word' id='word_1_415' title='bbox 669 2563 848 2599; x_wconf 75' lang='lat' dir='ltr'><strong>exercitus</strong></span> <span class='ocrx_word' id='word_1_416' title='bbox 873 2559 1106 2604; x_wconf 76' lang='lat' dir='ltr'><strong>scribebatur,</strong></span> <span class='ocrx_word' id='word_1_417' title='bbox 1137 2572 1207 2595; x_wconf 81' lang='lat' dir='ltr'><strong>non</strong></span> <span class='ocrx_word' id='word_1_418' title='bbox 1235 2560 1380 2595; x_wconf 79' lang='lat' dir='ltr'><strong>comitia</strong></span> <span class='ocrx_word' id='word_1_419' title='bbox 1407 2555 1588 2593; x_wconf 77' lang='lat' dir='ltr'><strong>habebun-</strong></span> 
     </span>
     <span class='ocr_line' id='line_1_42' title="bbox 134 2619 1590 2673; baseline -0.005 -11"><span class='ocrx_word' id='word_1_420' title='bbox 134 2630 213 2670; x_wconf 78' lang='lat' dir='ltr'><strong>tur,</strong></span> <span class='ocrx_word' id='word_1_421' title='bbox 249 2637 323 2662; x_wconf 81' lang='lat' dir='ltr'><strong>non</strong></span> <span class='ocrx_word' id='word_1_422' title='bbox 347 2623 449 2662; x_wconf 75' lang='lat' dir='ltr'><strong>alim!</strong></span> <span class='ocrx_word' id='word_1_423' title='bbox 472 2626 664 2673; x_wconf 75' lang='lat' dir='ltr'><strong>quicquam</strong></span> <span class='ocrx_word' id='word_1_424' title='bbox 697 2626 735 2661; x_wconf 87' lang='lat' dir='ltr'><strong>in</strong></span> <span class='ocrx_word' id='word_1_425' title='bbox 760 2622 968 2672; x_wconf 76' lang='lat' dir='ltr'><strong>republica,</strong></span> <span class='ocrx_word' id='word_1_426' title='bbox 1000 2623 1073 2658; x_wconf 79' lang='lat' dir='ltr'><strong>nisi</strong></span> <span class='ocrx_word' id='word_1_427' title='bbox 1109 2619 1201 2669; x_wconf 79' lang='lat' dir='ltr'><strong>quod</strong></span> <span class='ocrx_word' id='word_1_428' title='bbox 1235 2619 1366 2656; x_wconf 80' lang='lat' dir='ltr'><strong>ultima</strong></span> <span class='ocrx_word' id='word_1_429' title='bbox 1393 2620 1590 2656; x_wconf 75' lang='lat' dir='ltr'><strong>necessitas</strong></span> 
     </span>
    </p>
   </div>
  </div>
 </body>
</html>
