1685 2954
565 107 664 137 Lm.
697 106 936 135 ‘rnrr‘rrvs
1406 88 1482 133 141

97 214 198 255 Siue
228 212 335 266 quod
364 211 454 264 ipse
482 221 583 262 puer
612 221 774 261 semper
802 206 1044 260 iuuenisque
1073 204 1236 258 uideris,

153 284 209 321 Et
239 278 372 320 me'dia
402 282 469 317 est
498 282 616 317 aetas
644 277 749 316 iuter
773 280 990 327 utrumque
1019 273 1112 314 tibi:

98 350 184 391 Seu
215 348 308 401 quia
338 353 382 386 tu
408 349 526 396 pater
555 356 616 396 es,
645 350 784 396 patres
813 354 889 382 sua
913 343 1099 395 pignora,
1123 346 1245 382 natos
1404 341 1484 381 775

153 413 450 458 commendant
478 424 601 452 curae
629 411 943 463 numinibusque
974 410 1075 449 tuis:

96 483 196 525 Siue
222 481 329 535 quod
355 492 402 520 es
429 479 565 531 Liber,
595 477 727 519 uestis
757 490 918 531 quoque
947 477 1074 517 libera
1102 490 1175 530 per
1205 483 1248 517 te

154 549 332 591 Sumitur
362 553 404 588 et
432 548 542 587 uitae
571 545 767 585 liberioris
796 546 885 586 iter.

93 619 159 657 An
187 617 281 670 quia
310 628 402 657 cum
431 615 614 655 colerent
642 612 766 666 prisci
795 613 1020 654 studiosius
1049 624 1186 667 agros,

146 685 204 725 Et
232 685 388 724 faceret
416 682 547 735 patrio
575 693 665 721 rure
695 687 861 721 senator
889 693 1006 734 opus,
1406 681 1488 717 780

92 754 149 793 Et
177 758 345 805 caperet
373 751 513 791 fasces
542 762 567 790 a
597 761 722 789 curuo
753 750 895 790 consul
922 754 1068 802 aratro,

147 822 243 861 Neo
272 819 424 860 crimen
462 817 584 857 duras
616 822 733 857 esset
761 817 914 856 habere
942 830 1102 869 manus,

92 886 292 929 Rusticus
322 886 373 926 ad
401 885 519 926 ludos
547 885 722 937 populus
750 884 946 923 ueniebat
973 885 1014 923 in
1043 884 1204 924 urbem:

148 954 235 995 Sed
261 954 336 1006 dis,
366 966 447 993 non
476 952 623 993 studiis
651 951 719 992 ille
748 951 921 990 dabatur
948 952 1099 991 honos:

93 1023 209 1063 Luce
244 1034 321 1062 sua
354 1021 472 1061 ludos
509 1032 616 1059 uuae
647 1024 897 1059 commentor
924 1018 1116 1070 habebat,
1406 1019 1486 1055 785

150 1088 266 1139 Quos
295 1100 388 1128 cum
428 1087 628 1127 taedifera
664 1099 773 1127 nune
803 1086 930 1126 habet
961 1086 1028 1125 ille
1057 1086 1154 1126 dea:

91 1157 204 1209 Ergo
232 1162 278 1196 ut
308 1155 477 1195 tironem
509 1154 718 1194 celebrare
753 1154 983 1206 frequentia
1011 1158 1170 1206 posset,

143 1221 249 1264 Visa
277 1222 366 1263 dies
396 1221 555 1262 dandae
584 1234 664 1261 non
694 1222 829 1262 aliena
858 1218 1014 1275 togae?

33 1346 160 1395 impr.)
182 1346 231 1382 14
242 1348 289 1382 33
316 1356 399 1390 sem
427 1342 489 1390 (Φ
508 1349 588 1382 test.
607 1346 753 1392 Heins.)
770 1342 864 1382 HA
878 1357 961 1383 παν.
976 1357 1046 1382 scr.
1078 1344 1229 1381 Constat
1253 1343 1290 1380 A
1305 1342 1369 1381 Gb
1382 1354 1405 1392 9
1418 1355 1437 1380 s
1455 1347 1489 1380 et

32 1401 179 1446 septem,
207 1399 268 1445 qni
292 1396 482 1444 Luciferis,
510 1396 678 1434 habuisse
703 1403 779 1433 tua.
827 1399 929 1434 Vnus
954 1396 1088 1434 scilicet
1113 1395 1299 1441 Lucifero,
1326 1396 1408 1432 tuis.

82 1449 171 1484 773.
203 1459 297 1496 puer
321 1447 462 1483 iuuenis
487 1459 705 1497 semperque
737 1445 789 1484 Ψ.
901 1448 988 1484 774.
1023 1453 1215 1495 utramque
1240 1459 1262 1494 9
1279 1457 1435 1482 ma.sec.

28 1530 38 1540 ι
82 1499 171 1535 775.
207 1504 330 1547 patres
357 1499 406 1534 ita
432 1498 532 1546 pign.
560 1501 605 1535 P.
656 1504 759 1535 natas
786 1497 819 1535 b.
866 1504 971 1535 notos
997 1497 1028 1545 f.
1141 1498 1227 1533 776.
1263 1497 1488 1532 nominibus-

33 1559 107 1598 que
131 1552 170 1585 2.
272 1551 358 1585 777.
393 1547 482 1584 Siue
508 1549 569 1598 qui
596 1550 747 1598 (comp.)
773 1561 812 1585 es
836 1549 927 1586 liber
954 1548 1157 1597 uestisque.
1173 1547 1309 1584 .libera
1335 1549 1381 1583 E.
1424 1558 1489 1583 ue·

35 1599 173 1647 stisque
199 1598 290 1635 haec
316 1600 428 1635 libera
454 1611 486 1635 r.
537 1599 598 1635 lib.
627 1607 732 1648 parte
759 1596 805 1636 Σ.
917 1602 1006 1637 778.
1043 1599 1146 1635 Sum.
1173 1605 1229 1635 est
1258 1598 1353 1634 uitae
1383 1600 1431 1643 T3
1462 1597 1492 1634 G

34 1659 201 1685 uar.scr.
247 1649 422 1685 liberioris
455 1649 522 1685 erit
559 1648 722 1687 FGPA
733 1662 753 1687 r
768 1663 842 1688 ma.
855 1663 913 1700 pr.
939 1655 1031 1695 tres3
1063 1650 1266 1686 Guamcfr.
1312 1649 1489 1687 liberioris

34 1699 172 1735 habent
202 1699 408 1736 Guar.scr.
509 1702 596 1736 779.
631 1703 686 1736 An
712 1713 858 1738 erasum
883 1700 1026 1738 uidetur
1050 1703 1089 1737 ‘in
1115 1702 1160 1736 E.
1198 1700 1270 1735 Aut
1296 1700 1381 1748 quia
1408 1701 1492 1735 ΒΤ

34 1749 120 1790 Ιι20
138 1748 209 1786 duo
234 1754 267 1785 et
291 1749 378 1786 ΑΜ.
406 1761 481 1798 pr.;
510 1752 717 1787 Eumnscr.
769 1753 853 1800 quia
880 1763 948 1787 con
978 1752 1138 1787 colerent
1166 1747 1217 1785 (D.
1272 1762 1354 1785 cum
1380 1749 1490 1798 prisci

0 1827 1 1830 η
34 1800 199 1836 colerent
223 1797 273 1836 A
283 1799 302 1836 b
312 1812 369 1849 9p
389 1801 553 1848 quinque.
593 1800 713 1836 studio
739 1813 823 1836 suos
849 1813 956 1850 agros
989 1802 1027 1838 G.
1131 1802 1219 1836 780.
1248 1800 1297 1836 Et
1323 1799 1489 1836 facerent

39 1851 89 1888 G.
124 1850 176 1886 Et
200 1851 317 1900 patrio
345 1851 482 1887 faceret
514 1851 718 1887 GDmslz
729 1853 779 1886 20
799 1855 884 1888 tres.
931 1851 1003 1888 sac.
1031 1851 1149 1900 patria
1175 1862 1268 1900 rupe
1300 1847 1351 1887 Ψ.
1391 1857 1488 1900 patr.

34 1901 144 1947 (sac.)
172 1901 251 1938 iure
276 1899 368 1938 DF.
408 1912 486 1937 sen.
515 1913 604 1949 opes
629 1913 661 1937 s.
773 1903 862 1938 781.
905 1901 1026 1939 Gloss.
1043 1904 1098 1937 D.-
1125 1903 1161 1946 a]
1190 1907 1286 1951 post.
1398 1903 1486 1937 782.

0 1977 1 1984 κ
33 1952 145 1988 abere
169 1949 211 1987 Γ
209 1978 221 1990 .
267 1951 403 1988 habere
431 1951 506 1987 uias
530 1950 641 1999 yloss.
658 1949 719 1988 A.
737 1985 747 1990 ,
836 1954 923 1989 783.
958 1953 1126 1989 Rusticos
1154 1951 1184 1998 f.
1230 1951 1335 1988 ludos
1361 1952 1489 2001 populi

0 2010 1 2014 ’
33 2014 58 2051 p
74 2013 243 2039 uar.scr.
348 2004 433 2038 784.
466 2001 517 2037 Et
544 2002 608 2037 diis
635 2000 667 2038 b.
710 2001 777 2038 diis
804 2005 885 2039 mei.
918 2002 1039 2040 Gloss.
1066 2000 1205 2050 studiis]
1235 2010 1275 2039 ut
1301 2015 1410 2038 nunc.
1436 2004 1487 2039 D.

0 2085 2 2096 ,
32 2053 152 2089 honor
175 2049 732 2091 ABG?DEFFMNOP11
745 2051 832 2090 ΨΑ
843 2052 1147 2102 beyhmp‘rst
1172 2055 1325 2101 triginta
1341 2052 1400 2089 uel
1418 2054 1490 2090 tri-
1545 2042 1556 2065 ξ’

0 2097 2 2141 ᾗ
30 2105 138 2152 ginta
155 2108 313 2152 quatuor
332 2108 366 2140 et
383 2103 438 2140 ed.
456 2102 552 2139 Rub.
656 2104 742 2140 785.
770 2104 872 2141 Luce
897 2117 982 2140 suos
1009 2105 1086 2140 lud.
1117 2107 1161 2141 Τ.
1201 2104 1305 2141 ludos
1332 2103 1489 2140 bacchus

0 2156 2 2179 ;
31 2162 258 2191 commentor
283 2155 337 2200 (A
353 2158 378 2190 t.
399 2155 532 2200 Gron.)
553 2151 603 2191 Ψ.
647 2161 860 2191 commentor
893 2157 938 2192 G.
981 2162 1206 2191 commentor
1232 2167 1280 2191 m.
1329 2166 1489 2191 conuen-

31 2210 92 2241 tor
115 2216 302 2242 smmsec.
355 2211 559 2241 carmentor
583 2216 691 2242 unus.
734 2205 855 2243 Gloss.
883 2207 963 2251 sua]
994 2209 1043 2242 .1.
1072 2206 1221 2255 propria
1247 2205 1313 2241 sibi
1338 2205 1405 2241 soli
1430 2205 1490 2241 di-

32 2260 114 2291 cata
140 2258 185 2292 E.
227 2255 401 2302 habebat]
431 2255 528 2292 solus
554 2258 602 2292 D.
707 2257 795 2292 786.
823 2256 1001 2293 thedifera
1026 2259 1078 2293 D.
1118 2255 1288 2293 rectifera
1314 2260 1342 2291 t.
1381 2256 1490 2291 turri-

31 2304 111 2342 fera
136 2310 152 2342 t
177 2308 215 2343 in
241 2318 358 2354 mary.
411 2305 509 2343 taed.
537 2310 609 2342 fion
637 2306 749 2343 habet
782 2304 862 2355 ²159.
910 2308 1022 2343 habet
1048 2309 1125 2356 ipse
1153 2304 1274 2351 FG(·.2
1295 2304 1415 2343 dubito
1440 2317 1490 2343 an

34 2355 188 2393 alterum
214 2357 368 2394 scribere
390 2357 546 2394 uoluerit
571 2359 630 2394 uir
656 2355 862 2404 officiosus)
887 2354 977 2393 (DN
988 2354 1167 2394 OPArs
1182 2360 1204 2393 3
1219 2360 1324 2393 1033
1351 2356 1488 2394 duode-

34 2407 112 2443 cim.
157 2407 268 2444 habet
294 2408 355 2444 illa
380 2407 433 2444 ed.
457 2410 544 2444 Ven.
575 2409 687 2443 1484.
790 2410 877 2446 787.
905 2408 1006 2458 Ergo
1033 2408 1094 2444 ubi
1124 2408 1163 2445 G.
1202 2414 1373 2456 tyronum
1399 2410 1434 2444 D
1454 2409 1489 2445 G

38 2452 127 2492 ΦΓ
145 2457 198 2495 ed.
219 2458 314 2495 Rub.
352 2458 551 2495 thirrenum
577 2462 604 2493 t.
650 2459 806 2494 tironum
834 2458 963 2506 reliqui
989 2463 1133 2508 praeter
1159 2460 1310 2506 m5333
1337 2458 1387 2494 48
1404 2470 1486 2495 aar.

34 2517 120 2554 scr„
154 2519 242 2555 quos
267 2520 343 2558 seq.⁴
376 2509 498 2546 Gloss.
525 2507 722 2557 celebrare]
752 2508 856 2546 ludos
884 2512 933 2546 D.
988 2509 1173 2546 celebrare
1200 2509 1363 2558 potentia
1389 2521 1487 2558 Ροεε.

39 2557 86 2600 G,
111 2556 172 2593 sed
190 2570 264 2596 ma.
280 2572 338 2608 pr.
361 2572 454 2598 corr.
507 2558 718 2609 frequencia
739 2557 779 2596 Γ
778 2586 788 2597 .
841 2561 926 2607 δίο,
960 2566 1108 2610 posset,
1137 2562 1170 2597 B
1184 2558 1317 2597 GDA
1329 2557 1406 2596 Th
1420 2571 1490 2596 mr

33 2612 328 2694 ποποηῶεῷαιειι.
355 2609 409 2649 ed.
458 2610 598 2661 possint
631 2614 690 2648 ll.
743 2610 857 2660 possit
890 2611 1032 2648 caeteri.
1144 2612 1234 2649 788.
1271 2610 1349 2648 dies
1376 2608 1486 2658 longe

35 2668 109 2693 non
233 2685 243 2696 .
