1685 2954
601 113 705 144 Lrss.
735 110 975 148 varvs
1433 94 1513 139 251

129 218 192 257 'l'e
221 215 466 269 quicumque
494 226 595 255 suas
623 212 861 267 profitentur
889 210 1068 251 uendere
1095 221 1268 262 merces,

181 276 317 324 'l'liure
348 283 457 335 dato,
486 283 642 322 tribuas
670 288 717 322 ut
745 280 822 321 sibi
851 279 979 330 lucra,
1009 285 1168 332 rogant.

129 352 207 392 Est
237 364 343 404 aqua
370 349 560 391 Mercurii
587 355 730 402 portae
758 346 893 388 uicina
923 347 1139 399 Capenae:

186 419 233 459 Si
266 420 378 458 iuuat
411 418 594 469 expertis
624 415 812 467 credere,
849 427 998 454 numen
1034 414 1171 453 habet.

126 487 221 527 Huc
248 484 361 525 uenit
388 485 594 524 incinctus
622 482 801 524 tunicam
832 487 1046 532 mercator,
1076 486 1119 520 et
1146 492 1246 521 urna
1437 480 1516 518 675

184 554 317 594 Purus
345 551 494 604 suffita,
525 564 645 604 quam
674 552 791 603 serat,
820 549 953 590 haurit
979 561 1139 602 aquam.

129 620 226 662 Vda
252 620 299 660 fit
327 620 422 660 hinc
447 620 598 672 laurus,
628 619 740 658 lauro
770 622 1018 671 sparguntur
1047 618 1098 658 ab
1127 615 1210 656 uda

184 687 331 728 Omnia
358 700 464 741 quae
493 687 678 727 dominos
707 692 802 727 sunt
830 686 1016 726 habitura
1040 697 1183 724 nouos.

128 756 299 809 Spargit
329 760 372 794 et
401 755 490 807 ipse
519 766 619 795 suos
648 754 759 794 lauro
787 759 949 793 rorante
979 751 1162 805 capillos,

183 825 240 863 Et
267 820 428 876 peragit
456 823 578 862 solita
606 822 746 862 fallere
775 834 881 862 uoce
910 833 1080 873 preces:
1443 822 1524 858 680

131 891 266 930 Ablue
297 890 505 943 praeteriti
532 890 707 943 periuria
732 887 943 942 temporis,
972 888 1115 942 inquit,

185 959 321 999 Ablue
349 958 570 1011 praeterita
599 956 755 1011 perfida
783 957 910 997 uerba
941 956 1019 996 die.

129 1026 230 1067 Siue
261 1039 342 1080 ego
375 1031 417 1065 te
446 1026 529 1065 feci
558 1031 723 1078 testem,
752 1025 912 1065 falsoue
939 1024 1066 1065 citaui

185 1095 281 1135 Non
311 1093 485 1134 audituri
510 1093 672 1132 numina
698 1104 850 1145 magna
877 1093 1000 1145 Iouis,

78 1226 162 1264 ΓΖ
173 1227 227 1275 1⁴¹9
242 1239 278 1263 m
294 1229 344 1262 20
356 1229 404 1262 33
431 1230 607 1274 quamtum
637 1224 678 1262 (D
694 1239 777 1263 itur.
795 1239 868 1264 scr.
887 1230 968 1263 test.
989 1227 1118 1263 Heius.
1168 1226 1233 1263 tibi
1258 1237 1362 1262 sacra
1391 1222 1529 1263 ΦΣεε

77 1278 194 1315 decem
219 1277 305 1314 Ald.
324 1279 450 1326 prim.;
478 1275 518 1312 A
534 1275 575 1311 Τ
582 1290 604 1325 p
621 1289 703 1314 ιιαν.
721 1289 791 1313 scr.
842 1278 904 1313 tibi
939 1284 1065 1313 sancta
1095 1278 1147 1322 05
1174 1274 1235 1322 (Φ
1256 1288 1337 1313 aar.
1356 1289 1428 1314 scr.
1449 1281 1530 1313 test.

78 1328 238 1373 Mami.)
340 1329 427 1363 671.
461 1325 512 1362 Se
538 1328 633 1374 quic.
668 1325 718 1363 Ψ.
765 1328 859 1376 quic.
889 1334 969 1363 tuas
996 1329 1047 1363 M
1062 1339 1145 1364 aar.
1165 1339 1233 1364 scr.
1275 1327 1471 1404 profitetur
1497 1329 1532 1364 B

78 1376 161 1416 DF
174 1376 246 1415 ³1¹6
259 1381 365 1414 1022
390 1376 474 1420 cluo,
500 1375 579 1413 edd.
599 1378 675 1414 Vic.
694 1379 780 1413 Ven.
893 1379 983 1413 672.
1019 1378 1124 1414 Ture
1153 1375 1218 1414 ΦΣ)
1231 1375 1282 1414 E:
1298 1376 1342 1424 f?
1379 1379 1464 1414 trib.
1492 1378 1532 1414 in

79 1441 145 1466 sua
174 1429 275 1465 lucra
306 1429 425 1465 Oma.
438 1439 494 1476 pr.
551 1428 635 1463 trib.
664 1434 701 1463 et
727 1439 792 1463 sua
819 1428 844 1466 1.
870 1439 902 1464 s.
952 1427 1016 1463 sibi
1044 1427 1151 1464 thura
1176 1441 1212 1464 m
1230 1441 1303 1464 ma.
1319 1440 1377 1477 pr.
1426 1435 1532 1478 rogat

79 1482 204 1518 BDE
219 1477 292 1516 ³1¹6
304 1481 407 1514 1022
430 1477 513 1514 duo.
615 1479 700 1514 673.
730 1490 870 1527 capone
897 1477 932 1515 b.
1035 1480 1121 1516 674.
1150 1480 1251 1515 iuuet
1269 1477 1322 1515 A.
1360 1480 1461 1515 iuuat
1487 1491 1533 1516 ex

78 1530 185 1567 furtis
211 1529 360 1566 credere
393 1540 525 1564 nomen
559 1527 644 1564 hab.
674 1531 736 1566 33.
790 1541 888 1566 num.
914 1529 1008 1566 inest
1035 1531 1093 1565 'rt
1114 1532 1174 1566 14.
1284 1530 1371 1566 675.
1406 1530 1476 1565 Hic
1501 1542 1533 1566 e.

82 1592 168 1617 uen.
195 1581 350 1616 incincta
377 1576 425 1618 Γ.
469 1581 544 1623 Sic,
571 1579 742 1623 tunicam,
768 1582 818 1615 M
831 1591 913 1616 enm·-
930 1592 1001 1617 scr.
1040 1580 1110 1616 inc.
1138 1586 1242 1616 ueste
1267 1587 1417 1616 mercat.
1444 1582 1533 1617 Ρ3.

82 1631 154 1667 inc.
181 1631 320 1666 tunicas
344 1630 842 1678 Gmea.pr.10122022
854 1634 916 1667 23.
959 1631 1029 1667 inc.
1058 1638 1139 1667 tuas
1167 1643 1277 1668 merc.
1304 1634 1449 1668 Muar.
1461 1643 1534 1668 scr.

83 1681 154 1717 inc.
182 1681 304 1716 tunica
331 1681 462 1717 caeteri
481 1692 614 1716 omnes.
654 1686 733 1716 tun.
763 1688 916 1717 uenator
943 1688 979 1717 et
1005 1693 1095 1717 aura
1126 1683 1157 1718 0
1175 1694 1321 1730 mmm.
1362 1687 1399 1717 et
1425 1693 1535 1718 urnas

83 1743 209 1768 mma.
223 1742 280 1780 pr.
394 1731 480 1766 676.
515 1729 633 1765 Purus
666 1731 822 1767 sustin...
858 1731 979 1775 „hacc
1006 1737 1186 1781 apparent
1211 1734 1249 1768 in
1282 1744 1319 1768 m
1341 1743 1388 1768 ex
1413 1734 1536 1780 prima

83 1793 211 1818 manu.
246 1779 340 1816 unde
365 1778 538 1815 suffusam
564 1779 717 1825 factum.
756 1786 896 1817 caetera
924 1781 1071 1818 abrasa.
1109 1787 1150 1818 ut
1175 1794 1238 1819 nec
1263 1781 1379 1818 uideri
1402 1784 1535 1831 possit,

85 1831 172 1881 quid
190 1831 336 1868 illorum
356 1829 445 1874 loco,
471 1842 580 1878 quam
597 1830 705 1876 serat,
731 1833 905 1879 scriptum
923 1831 1045 1877 fucrit,
1072 1844 1164 1880 quac
1183 1835 1434 1869 correctoriam
1450 1845 1537 1869 nia-

84 1894 173 1919 mum
199 1881 333 1919 olent.’'
366 1882 492 1917 Heius.
520 1881 559 1916 in
583 1879 698 1917 scheri.
739 1880 827 1919 Pur.
855 1883 1012 1917 suffitam
1041 1883 1135 1918 433.
1176 1882 1262 1918 Pur.
1290 1882 1444 1919 suffecta
1472 1886 1536 1921 13.

84 1932 173 1969 Pur.
191 1932 330 1969 suffitas
345 1933 395 1967 48
415 1932 482 1976 (10
493 1942 575 1967 παν.
586 1943 657 1967 scr.
670 1931 862 1968 secundnm
878 1943 965 1968 arm.
978 1934 1118 1981 impin).
1154 1932 1273 1969 Purus
1292 1933 1392 1969 suffit
1403 1945 1537 1983 aquam

85 1983 187 2019 suffit
213 1989 250 2019 et
275 1982 395 2018 haurit
419 1993 552 2030 aquam
572 1979 630 2018 Z?
641 1983 702 2017 34.
738 1982 831 2018 Pur.
854 1981 1026 2018 suffusam
1047 1980 1216 2020 NO‘Fe
1230 1988 1315 2020 tres.
1355 1984 1443 2021 Pur.
1460 1983 1538 2020 suf-

87 2034 168 2070 fusa
192 2035 335 2070 caeteri.
378 2043 486 2081 quam
512 2031 596 2068 ferit
614 2033 709 2068 433.
748 2044 856 2082 quarn
885 2033 976 2080 gerit
1001 2037 1027 2077 t,
1054 2033 1230 2079 fortassis
1242 2039 1346 2071 recte.
1448 2036 1538 2071 677.

87 2084 128 2120 fit
154 2084 211 2120 hic
241 2084 269 2120 G
283 2094 365 2119 uar.
381 2094 453 2119 scr.
494 2083 540 2118 ab
568 2082 663 2118 unda
684 2095 731 2119 m.
835 2084 921 2119 678.
951 2083 1047 2119 dom.
1067 2086 1137 2120 sint
1159 2086 1205 2121 G.
1309 2087 1394 2122 679.
1423 2085 1540 2134 Spar-

87 2135 135 2171 sit
161 2140 197 2171 et
213 2136 259 2170 E.
298 2134 377 2182 ipsa
403 2145 433 2169 c.
473 2145 557 2168 suos
584 2144 674 2168 auro
700 2144 731 2169 s.
774 2134 876 2169 lauro
896 2140 1056 2170 torrente
1081 2136 1262 2184 Ommpr.
1366 2138 1454 2172 680.
1481 2135 1542 2171 In-

88 2185 176 2234 cipit
201 2191 238 2220 et
264 2184 369 2220 solita
401 2183 523 2219 dicere
550 2195 639 2219 uoce
665 2182 789 2231 bymt
807 2183 894 2220 Am.
911 2196 980 2222 scc.
1033 2185 1083 2221 Et
1110 2193 1287 2234 peragunt
1318 2187 1365 2222 G.
1413 2186 1540 2222 solitas

89 2236 208 2274 nescio
229 2236 289 2284 qui
308 2238 374 2272 anit
392 2238 488 2282 quot.
529 2245 679 2283 praeces
707 2236 756 2270 D.
860 2235 946 2271 681.
980 2235 1096 2271 Abluo
1125 2242 1240 2284 praet.
1269 2239 1312 2273 F.
1350 2236 1475 2286 inquid
1494 2238 1540 2272 E.
1597 2250 1609 2274 ς».

141 2287 230 2322 682.
268 2285 385 2320 Abluo
412 2286 455 2320 F.
513 2285 709 2334 pnaeterito
737 2283 1137 2330 Zm(·.21n0n1zmten=iin
1156 2286 1307 2332 sebast).
1354 2280 1542 2337 prae‘teriti

91 2335 181 2375 Ald.
197 2336 305 2384 prim.
325 2336 403 2371 Vic.
423 2336 511 2371 Veii.
551 2336 662 2371 uerba
688 2335 761 2371 fide
787 2333 893 2383 P²F3
920 2334 1136 2374 Anniuscr.
1169 2337 1292 2375 Gloss.
1310 2338 1357 2374 G.-
1382 2337 1454 2387 die]
1474 2350 1541 2386 pro

93 2386 178 2423 diei.
287 2387 372 2421 683.
410 2391 447 2420 te
472 2391 601 2421 testem
627 2385 697 2421 feci
727 2383 885 2425 [DMP.
925 2387 996 2422 suci
1019 2388 1156 2423 tristem
1183 2400 1232 2425 m.
1275 2388 1367 2424 salso
1395 2400 1440 2425 ue
1466 2391 1502 2424 E
1512 2399 1542 2424 e.

92 2435 258 2485 falsoque
282 2434 455 2473 GObms
475 2440 644 2484 quatuor.
682 2435 841 2473 falsusne
864 2439 938 2473 TZ
952 2441 1013 2472 21.
1056 2437 1241 2487 salsusque
1259 2437 1321 2476 A.
1364 2444 1446 2476 test.
1474 2438 1544 2474 sal-

94 2497 246 2535 sumque
272 2487 402 2523 uocaui
426 2497 553 2523 imus..
574 2498 619 2522 ue
644 2488 774 2523 uocaui
799 2484 883 2524 ΨΣ
888 2487 1055 2536 Γυιαφν.
1065 2493 1093 2525 t.
1136 2501 1180 2525 ue
1207 2489 1321 2525 iuraui
1337 2492 1373 2527 Ε
1382 2499 1543 2527 nar-scr.

98 2547 144 2572 ue
170 2537 281 2574 uitaui
305 2548 483 2585 rrumpr.
586 2539 674 2575 684.
707 2538 876 2574 audituro
903 2551 940 2574 n.
966 2550 1061 2574 uana
1087 2539 1159 2574 ioui
1188 2543 1223 2577 2.
1270 2540 1416 2577 nomina
1440 2535 1546 2578 Aff‘

99 2583 141 2625 A
149 2597 207 2635 9p
232 2591 388 2635 quatuor
405 2586 493 2625 Αἶά.
511 2588 618 2636 prim.
652 2590 729 2632 Ita,
755 2600 901 2638 magna,
931 2587 1059 2626 GDA
1067 2586 1112 2624 N
1118 2587 1159 2626 A
1172 2588 1449 2628 Tmo-st2228
1474 2600 1545 2626 πο-

102 2647 198 2681 uem3
223 2639 434 2679 Feriam-scr.
483 2650 582 2677 uum.
608 2637 702 2676 falsa
727 2641 808 2678 Ρ3.
860 2651 962 2676 num.
985 2639 1122 2687 (nom.)
1149 2652 1243 2679 uana
1269 2642 1399 2680 caeteri
1423 2644 1458 2678 ct
1480 2651 1547 2677 ms

100 2697 186 2725 ναν.
202 2697 273 2726 scr.
