1685 2954
153 69 239 114 284
712 85 1027 118 riis-ronvu

268 185 413 237 Tuque
441 182 557 225 cadis
590 188 738 238 patria,
772 198 898 239 parue
924 186 1128 239 Learche,
1164 199 1297 227 manu.

212 250 379 292 Maesta
406 252 639 293 Learcheas
674 259 803 294 mater
839 255 1108 294 tumulauerat
1135 255 1311 308 umbras,
1505 256 1583 296 485

267 317 324 357 Et
351 317 520 359 dederat
544 319 702 362 miseris
728 319 861 361 omnia
887 321 996 361 iusta
1023 319 1148 375 rogis.

214 382 333 424 Haec
360 396 522 439 quoque
548 387 750 441 funestos,
775 394 821 428 ut
846 393 946 439 erat,
974 386 1124 429 laniata
1152 386 1321 442 capillos

270 450 446 505 Prosilit,
476 459 520 493 et
548 452 664 495 cunis
688 461 745 506 te,
773 455 999 508 Melicerta,
1027 457 1141 508 rapit.

213 515 294 557 Est
319 519 454 571 spatio
483 526 693 561 contracta
720 520 845 574 breui,
872 522 975 563 freta
1002 521 1096 564 bina
1123 523 1292 576 repellit,

269 584 446 639 Vnaque
473 588 655 640 pulsatur
681 594 789 628 terra
816 588 974 628 duabus
1002 590 1130 641 aquis.
1188 612 1190 618 ,
1510 589 1590 629 490

213 650 308 692 Huc
336 653 449 693 uenit
475 653 629 695 insanis
656 660 796 694 natum
824 655 1040 707 complexa
1068 655 1247 707 lacertis,

268 718 325 759 Et
351 730 494 761 secum
519 734 543 760 e
573 720 686 761 celso
714 720 837 761 mittit
863 721 904 761 in
932 722 1014 762 alta
1042 721 1152 774 iugo.

214 783 381 838 Excipit
406 784 572 828 illaesos
601 788 769 840 Panope
797 793 1042 842 centumque
1070 800 1243 841 sorores,

269 853 324 892 Et
353 853 511 906 placido
540 855 658 907 lapsu
685 866 759 908 per
786 867 863 895 sua
890 867 1020 909 regna
1047 854 1190 895 ferunt.

212 919 406 961 Nondum
432 922 684 974 Leucothea,
713 921 888 962 nondum
915 935 1015 975 puer
1042 922 1110 962 ille
1134 921 1365 973 Palaemon,
1513 922 1592 962 495

270 985 507 1028 verticibus
535 987 653 1029 densi
680 988 855 1030 Tibridis
883 1001 952 1030 ora
980 995 1135 1030 tenent.

217 1052 358 1094 Lucus
386 1060 486 1095 erat.
521 1054 684 1096 dubium
714 1056 905 1097 Semelae
935 1055 1189 1098 Stimulaene
1213 1060 1404 1099 uocetur:

270 1121 501 1163 Maenadas
527 1122 735 1164 Ausonias
763 1124 984 1166 incoluisse
1011 1123 1154 1166 ferunt.

161 1229 229 1267 sub
254 1229 362 1280 imag.
387 1229 516 1281 H'fy
529 1235 578 1269 44
603 1245 729 1271 nouem
755 1239 788 1271 et
812 1239 898 1273 vett.
918 1234 993 1280 εὼς
1022 1232 1342 1273 ΦΜΝηαν.εον.
1396 1232 1531 1270 atham.
1558 1232 1595 1268 in

164 1280 318 1330 imagine
347 1281 458 1319 falsus
491 1283 600 1320 schol.
623 1286 721 1321 Stat.
772 1285 905 1322 atham.
932 1285 996 1322 sed
1029 1285 1183 1333 imagine
1213 1285 1356 1321 caeteri.
1402 1283 1597 1321 Gloss.D:

167 1332 259 1368 falsa
285 1332 438 1381 imagine
463 1335 639 1382 serpentis
664 1335 759 1370 missi
785 1346 807 1371 a
833 1336 964 1371 iunone
997 1348 1069 1371 non
1100 1335 1200 1371 furiis
1226 1335 1318 1371 ueris
1351 1340 1389 1371 ut
1422 1335 1457 1370 in
1482 1339 1597 1369 meta·

165 1381 407 1431 morphoseon
434 1390 499 1419 est.
613 1386 699 1421 484.
736 1385 797 1420 Tu
823 1384 918 1422 cadis
944 1397 965 1421 a
992 1392 1085 1434 patr.
1110 1383 1192 1422 As.
1239 1396 1311 1434 que
1337 1383 1469 1420 cadens
1500 1388 1596 1432 patr.

82 1433 97 1459 ¹-
166 1431 277 1470 schol.
297 1433 397 1470 Stat.
435 1433 553 1470 learce
579 1437 656 1471 Dr.
695 1435 816 1482 learge
836 1433 898 1472 A.
941 1435 1052 1471 laerte
1082 1433 1173 1471 (DN
1179 1445 1210 1471 s.
1311 1435 1397 1471 485.
1422 1433 1473 1470 M.
1504 1434 1598 1468 lear-

167 1493 251 1517 ceas
279 1485 330 1519 D.
375 1479 688 1521 laeiee‘asmNs.
736 1485 893 1522 leerceas
924 1482 1058 1522 Φπιιιν.
1074 1498 1145 1523 εον.
1194 1484 1394 1521 clearcheas
1420 1482 1500 1520 edd.
1520 1484 1596 1519 Vic.

172 1533 262 1571 Ven.
305 1540 390 1570 mat.
414 1534 641 1570 timulauerat
671 1532 724 1572 Φ.
770 1542 856 1572 mat.
883 1536 1092 1572 turbauerat
1118 1548 1155 1571 u.
1181 1534 1264 1571 duo.
1366 1535 1453 1569 486.
1487 1531 1600 1568 dede-

168 1589 250 1619 rant
276 1581 309 1619 b.
349 1595 444 1620 omu.
472 1592 609 1621 moesta
636 1598 713 1634 rog.
742 1582 789 1621 Σ.
892 1587 977 1622 487.
1006 1586 1085 1621 Hoc
1110 1598 1171 1634 qu.
1203 1587 1246 1621 Τ.
1285 1590 1358 1620 stos
1383 1588 1416 1620 et
1441 1583 1495 1619 los
1520 1580 1598 1628 ayl-

167 1631 275 1668 labae
300 1635 336 1669 in
360 1645 437 1669 ras.
464 1646 512 1670 m.
611 1637 695 1672 488.
728 1635 830 1672 l'ros.
858 1648 880 1672 a
906 1648 987 1672 cun.
1013 1632 1071 1672 Π.
1115 1635 1298 1671 melicerte
1319 1645 1352 1670 r.
1396 1633 1479 1669 mel.
1503 1632 1601 1681 capit

168 1681 193 1729 f
205 1694 278 1719 via.
293 1694 350 1732 pr.
377 1683 486 1721 alius.
530 1685 612 1722 mel.
640 1686 729 1734 petit
753 1698 773 1722 s
799 1685 881 1723 duo.
988 1686 1075 1722 489.
1112 1685 1162 1721 Et
1187 1697 1242 1734 sp.
1269 1683 1351 1721 duo.
1397 1682 1518 1732 spacio
1550 1683 1597 1719 G.

168 1745 224 1782 sp.
251 1739 453 1770 constructa
479 1731 525 1770 Σ.
581 1748 635 1784 sp.
662 1742 830 1772 contenta
862 1748 899 1784 p.
955 1748 1010 1785 sp.
1037 1742 1202 1772 contacta
1236 1737 1299 1770 20.
1343 1746 1399 1783 sp.
1433 1739 1601 1768 concreta

169 1782 279 1821 schol.
308 1785 406 1821 Stat.
438 1784 545 1821 Theb.
575 1787 613 1832 6,
642 1789 702 1822 10.
811 1787 897 1822 490.
933 1798 1003 1835 que
1028 1792 1201 1835 pausatur
1225 1783 1286 1822 A.
1393 1785 1480 1819 491.
1517 1793 1600 1818 uen.
1673 1785 1685 1809 ¹=

169 1833 206 1868 in
241 1834 393 1883 propriis
424 1842 497 1873 nat.
530 1838 660 1872 Puar.
678 1848 746 1874 scr.
862 1838 949 1872 492.
984 1836 1034 1873 Et
1066 1848 1106 1872 se
1135 1835 1181 1872 de
1207 1835 1292 1871 cels.
1317 1830 1374 1870 Π.
1430 1833 1461 1869 Ε
1489 1844 1529 1869 se
1553 1831 1600 1869 de
1669 1857 1671 1859 -

171 1883 257 1920 cels.
288 1888 316 1919 t.
356 1896 477 1921 secum
504 1886 599 1922 celso
628 1887 708 1926 Gm.
751 1898 872 1922 secum
898 1887 1038 1923 excelso
1063 1886 1154 1922 mitt.
1184 1883 1354 1922 BEFA
1367 1881 1452 1921 ΨΑ
1465 1881 1602 1920 Teme

144 1932 398 2020 χἐσιέἶιὸῑὸημΕε
422 1947 560 2021 suilrpno
585 1948 684 2023 αηυὲ
690 1938 900 2034 1,ζίῧῖιᾶσέ
924 1939 1042 2023 πεέἒὶο
1068 1938 1128 2023 ‘ndi
1152 1935 1266 2021 edi-tii·
1285 1935 1447 2021 infima}
1467 1933 1604 2020 ‹1qu

158 2007 163 2017 τ
299 2010 308 2019 ·
373 1997 430 2024 xc.
464 1998 474 2021 ι
503 1997 622 2022 aesum
936 1999 956 2024 s
1046 1999 1095 2023 un
1121 1999 1175 2023 em
1202 1999 1238 2022 m
1257 1999 1281 2023 ι.
1327 1998 1338 2020 ι
1366 1996 1425 2021 aes
1451 1996 1484 2020 m

161 2022 340 2082 'qtiatuoiu
379 2036 531 2072 inlaesas
555 2030 742 2075 r'v'iiasec.
843 2000 930 2074 494).
959 2036 1007 2087 pl.
1028 2037 1129 2087 lapso
1150 1998 1356 2083 qumpr„
1381 2037 1501 2084 lapsos
1525 2044 1600 2070 ma.

172 2095 240 2122 sec.
341 2085 427 2121 495.
453 2088 529 2132 Ita,
555 2087 758 2135 leucothea,
783 2090 848 2136 P9
864 2091 911 2125 33
932 2087 1047 2125 decem
1064 2087 1141 2124 edd.
1164 2089 1241 2124 Vic.
1261 2089 1347 2123 Ven.
1387 2083 1600 2122 leuchotliea

174 2146 248 2170 non
268 2133 352 2170 dum
374 2138 422 2172 D.
463 2136 652 2173 leucothoa
675 2140 721 2177 G.
761 2139 949 2175 leucothoe
969 2135 1138 2176 GEHA
1149 2136 1445 2184 Tmma.sec.ps
1457 2137 1597 2183 septem.

175 2184 341 2221 leucotoe
361 2182 398 2221 Σ
403 2184 435 2222 b.
472 2186 612 2224 leucate
631 2199 664 2226 r.
704 2188 913 2225 leucotheae
933 2201 964 2226 e.
1000 2188 1188 2226 leucothee
1205 2188 1346 2225 caeteri.
1384 2185 1492 2222 nond.
1510 2188 1598 2238 P'flej·

176 2234 242 2272 rile
268 2233 338 2284 pal.
365 2248 413 2274 m.
517 2239 603 2274 496.
630 2239 834 2275 Vorticibus
855 2237 998 2276 ΒΦΛ
1011 2236 1120 2286 Ψοῖς
1147 2241 1356 2275 Puar.scr.
1391 2238 1464 2279 Ita,
1487 2231 1597 2289 tiens-¹,

176 2285 377 2323 emendanti
400 2289 583 2325 Heinsius.
628 2288 744 2325 densis
771 2289 851 2326 libri
876 2295 1017 2338 practer
1045 2291 1091 2334 G,
1117 2293 1178 2339 qui
1202 2288 1304 2325 Vert.
1329 2286 1449 2325 mersis
1473 2281 1597 2318 thibu-

176 2334 243 2371 dis.
284 2337 433 2387 tybridis
452 2340 544 2375 DE.
583 2351 646 2375 ora
667 2346 765 2376 tenet
780 2338 858 2377 Ar.
899 2353 962 2376 ora
987 2347 1116 2377 sonant
1133 2351 1253 2378 mma.
1263 2350 1320 2389 pr.
1419 2334 1504 2390 4975
1531 2329 1598 2366 du·

177 2384 272 2421 bium
298 2393 352 2423 est
376 2400 465 2426 sem.
492 2389 634 2435 (stem.)
657 2387 1038 2429 ΒΡΦΛΝΙΠΨΣ
1048 2389 1266 2440 Tbeyprs.
1303 2386 1386 2423 dub.
1408 2382 1530 2421 semlle
1551 2381 1598 2417 G·

177 2434 264 2471 dub·
294 2439 383 2485 (est)
409 2440 545 2475 semule
576 2438 717 2478 GPA.
765 2447 819 2477 est
845 2441 968 2488 (dub.)
1002 2443 1153 2479 semeles
1183 2436 1399 2485 waypss·
1448 2439 1502 2469 est
1527 2437 1599 2468 Ste-

177 2485 272 2524 mele
296 2489 475 2526 semeleue
494 2488 553 2529 A.
589 2493 662 2535 Ita,
689 2491 898 2534 Stimulaene
919 2493 1078 2538 (stimule
1097 2504 1143 2529 ue
1159 2492 1266 2534 DE),
1295 2487 1404 2542 GDE
1416 2485 1448 2521 G
1461 2477 1604 2519 ΨΜΡ

185 2533 228 2572 Ψ
231 2533 272 2572 A
279 2540 404 2574 112320
413 2543 459 2576 33
473 2541 735 2588 quatuordecim
746 2546 872 2578 elaten.
885 2542 938 2580 ed.
964 2555 994 2580 s.
1013 2543 1210 2580 stemulene
1225 2541 1266 2576 F.
1296 2551 1325 2574 s.
1344 2534 1530 2591 stunuleue
1547 2533 1598 2568 N.

178 2599 208 2625 s.
221 2587 394 2625 simulene
410 2588 441 2624 b.
465 2603 494 2626 s.
510 2592 694 2629 stemileue
708 2591 738 2638 f.
765 2605 794 2628 s.
812 2591 1003 2629 simulesne
1017 2605 1082 2641 9p.
1109 2604 1138 2627 s.
1152 2590 1356 2627 samuinene
1373 2598 1406 2624 ε.
1431 2597 1461 2621 s.
1479 2590 1600 2620 stime-

172 2637 259 2676 tenu
277 2637 400 2688 reliqui
412 2643 445 2675 ct
459 2643 649 2681 Erinomae.
674 2643 884 2682 stimulaeue
899 2650 1047 2681 uocatur
1066 2642 1171 2680 CPZ
1186 2645 1267 2678 tres.
1370 2638 1456 2676 498.
1477 2635 1602 2676 Maen-
