1685 2954
109 56 286 86 cczxxn
641 55 790 90 ,coum
817 59 857 98 A,
884 59 923 99 B,
952 60 977 89 e

106 156 182 194 sius
206 155 361 194 eundem
387 155 534 204 librum,
560 155 680 194 nescio
707 169 794 195 num
819 159 856 195 in
883 158 1017 196 Suesia
1041 171 1087 198 an
1115 159 1214 209 alibi,
1240 159 1392 198 contulit
1417 161 1545 212 insigni

108 229 192 255 cum
218 230 318 254 cura.
369 217 576 267 Scripturas
602 218 647 255 ab
672 217 728 256 his
753 219 916 269 proditas
948 221 1072 258 notaui
1105 221 1223 259 littera
1248 222 1297 260 A.
1349 222 1541 261 Postremo

107 279 156 317 Is.
176 280 323 316 Vossius
349 278 504 316 eundem
532 279 648 317 obiter
674 278 841 317 collatum
868 281 1054 331 reliquisse
1079 283 1233 320 uidetur.
1284 284 1421 321 Extant
1445 285 1542 322 enim

107 340 263 379 schedae
288 341 421 377 Heinsii
445 341 582 391 aliquot
607 341 769 379 codicum
795 342 1004 380 collationes
1031 345 1259 393 complexae,
1295 346 1331 381 in
1357 345 1487 395 quibus
1511 345 1544 383 si

108 402 318 439 detraxeris,
334 413 397 438 eas
421 403 636 452 scripturas,
671 415 766 453 quae
791 404 837 439 ab
871 404 982 453 ipsius
1007 405 1124 442 Vossii
1149 417 1258 442 manu
1286 406 1371 442 alibi
1397 411 1546 442 notatae

108 470 326 513 supersunt,
358 470 494 500 restant
519 476 606 512 eae,
638 476 729 514 quas
761 467 796 500 in
824 466 916 501 notis
942 466 1120 515 impressis
1147 471 1395 515 eoecerptoram
1424 467 1545 504 Vossii

107 525 274 561 Heinsius
301 537 511 576 nuncupare
535 526 648 563 solet:
686 537 754 575 ego
781 538 931 562 numero
956 527 1004 561 43
1039 526 1214 564 indicaui:
1248 527 1437 565 Petauiani
1463 528 1546 565 libri

107 598 188 623 esse
213 587 433 636 ignorauisse
460 587 603 623 uidetur
629 587 819 633 Heinsius,
853 586 951 635 quod
978 593 1096 624 tamen
1123 588 1271 625 dubium
1305 590 1449 626 minime
1475 594 1545 627 est.

107 648 217 684 Hunc
241 647 401 685 codicem
428 648 535 685 hodie
557 647 757 697 putauerim
777 659 856 684 esse
880 648 974 684 inter
989 647 1206 686 Petauianos
1228 649 1312 686 bibl.
1332 650 1545 698 Vaticanae,

108 709 172 760 qui
199 708 298 760 apud
324 709 525 746 Montsauc.
553 708 642 744 bibl.
662 708 748 744 bibl.
771 711 807 754 1,
833 720 871 756 p.
889 708 981 745 91C
1006 721 1043 745 n.
1064 710 1176 756 1025,
1193 712 1304 757 1217,
1319 712 1394 746 904
1419 722 1547 747 recen-

107 777 246 809 sentur.
296 771 437 807 Eximia
464 770 538 806 eius
565 776 619 806 est
645 769 837 806 auctoritas
864 780 932 805 nec
963 769 1029 806 nisi
1064 782 1210 819 grauem
1238 770 1284 807 ob
1311 782 1454 807 causam
1480 770 1548 808 de-

105 833 275 880 serenda,
301 832 364 869 sed
391 833 492 880 origo
520 831 566 867 ab
595 831 671 867 aliis
696 829 806 880 paulo
833 829 949 865 minus
977 832 1125 867 uetustis
1149 832 1256 880 longe
1282 838 1420 868 remota
1446 837 1484 869 et
1508 832 1546 870 in

105 894 293 943 scripturis
319 893 508 929 manifesta
542 903 805 942 saepenumero
833 891 1017 940 corruptio
1046 897 1084 928 et
1117 890 1323 930 barbaries:
1358 892 1394 929 in
1420 891 1546 932 ortho-

105 954 257 1005 graphia
281 955 395 991 multa
419 955 516 991 solus
546 953 725 990 offerebat
755 952 863 1002 digna
889 964 1048 990 assensu.

207 1019 244 1063 2,
265 1018 303 1052 3.
348 1015 453 1051 Notis
480 1018 514 1051 B
539 1021 576 1051 et
607 1016 636 1052 G
658 1014 860 1050 indicantur
886 1013 958 1051 duo
984 1014 1063 1050 libri
1091 1015 1140 1051 ita
1166 1014 1335 1066 descripti
1360 1016 1407 1054 ab
1433 1016 1548 1055 Hein-

106 1077 179 1116 sio:
214 1075 568 1114 Arundelzanae
603 1074 834 1113 bibliothecae
866 1075 977 1112 codem
1010 1077 1049 1112 in
1082 1075 1290 1113 membrana
1315 1082 1402 1115 ante
1429 1090 1548 1116 annos

105 1140 184 1177 700
208 1139 382 1188 scriptam
416 1142 506 1175 certe
541 1136 662 1187 quoad
692 1140 907 1174 uetustatem
935 1139 1113 1175 Vossiano
1147 1137 1259 1176 codici
1291 1138 1548 1188 praeferendus

105 1200 260 1238 uidetur.
289 1220 338 1228 —
376 1200 645 1237 Vossianus
670 1199 799 1245 codem,
827 1203 891 1235 aut
917 1210 1019 1248 quem
1043 1198 1102 1235 ille
1125 1199 1214 1236 milvi
1239 1200 1548 1249 commodauerat,

107 1266 192 1300 ante
217 1273 336 1299 annos
359 1264 436 1299 700
462 1266 528 1298 aut
553 1263 628 1297 600
651 1263 822 1311 scriptus,
850 1263 911 1309 qui
936 1271 982 1297 ea·
1007 1259 1214 1298 bibliotheca
1240 1263 1280 1298 S.
1308 1262 1482 1307 Nazarti,
1506 1266 1549 1299 ut

105 1323 215 1370 frons
239 1322 440 1370 exhibebat,
467 1320 708 1372 profluxerat.
759 1321 1064 1359 Membranaceus
1090 1321 1203 1359 bonae
1227 1326 1334 1359 notae
1358 1327 1424 1360 est.
1473 1323 1549 1360 Po·

105 1385 290 1422 steriorem
316 1386 423 1421 etiam
451 1387 653 1421 contulerat
680 1384 725 1421 Is.
745 1383 893 1420 Vossius
920 1384 954 1419 in
977 1383 1171 1433 exemplari
1192 1383 1251 1421 ed.
1272 1384 1420 1421 Amstel.
1437 1385 1548 1431 1630,

104 1447 204 1498 quod
230 1446 368 1484 seruari
394 1445 523 1482 dicitur
547 1445 586 1483 in
613 1444 828 1482 bibliotheca
855 1444 1039 1482 Leidensi.
1092 1445 1180 1482 Inde
1205 1446 1325 1481 uarias
1351 1446 1548 1495 scripturas

107 1514 350 1547 enotauerunt
376 1507 429 1545 lo.
454 1508 518 1544 Fr.
544 1507 755 1544 Gronouius
782 1512 819 1543 et
843 1506 956 1542 Laur.
986 1506 1179 1543 Santenius
1212 1507 1249 1542 in
1281 1507 1546 1556 exemplaribus

106 1570 242 1619 Micylli
258 1569 429 1607 Francos.
457 1576 494 1606 et
518 1569 675 1605 Plantini
696 1569 896 1617 Antwerp.,
923 1566 1021 1616 quod
1050 1573 1241 1616 utrumque
1266 1565 1458 1616 diligenter
1482 1580 1548 1605 ex-

106 1631 200 1669 cussi
225 1637 262 1668 et
286 1630 397 1666 sicubi
422 1630 469 1667 ab
495 1630 644 1667 Heinsio
673 1630 732 1666 uel
765 1629 857 1666 adeo
893 1629 986 1665 inter
1017 1628 1114 1678 ipsos
1147 1627 1387 1665 differentiam
1414 1628 1548 1680 depre-

106 1692 228 1740 hendi,
255 1693 444 1729 annotaui.
496 1691 639 1728 Neuter
665 1690 780 1727 codex
806 1691 867 1727 ubi
892 1703 989 1727 nunc
1013 1690 1079 1737 sit,
1105 1689 1236 1726 rescire
1261 1689 1376 1738 potui.
1428 1693 1550 1728 Arun-

106 1755 270 1793 delianus
301 1766 382 1790 cum
415 1754 452 1790 in
485 1764 609 1790 museo
636 1752 846 1788 Britannico
880 1764 952 1789 non
988 1753 1052 1794 sit,
1089 1750 1292 1799 reperietur
1324 1750 1478 1790 sortasse
1509 1752 1547 1791 in

105 1817 270 1864 catalogo
297 1814 343 1862 of
362 1814 420 1852 the
444 1813 606 1851 Arundel
631 1826 718 1850 mss.
745 1815 785 1850 in
810 1812 868 1850 the
893 1811 1031 1858 libi-ary
1057 1810 1103 1858 of
1124 1811 1182 1848 the
1207 1811 1337 1861 college
1361 1813 1408 1861 of
1433 1826 1547 1861 arms,

104 1890 214 1929 quem
239 1876 394 1914 nancisci
430 1888 502 1913 non
534 1875 649 1926 potui.
703 1875 898 1912 Vossianus
933 1871 1029 1910 alter
1060 1884 1186 1911 eorum
1213 1885 1292 1911 esse
1318 1876 1451 1925 possit,
1483 1877 1548 1927 qui

105 1945 341 1978 recensentur
365 1938 402 1974 in
429 1937 646 1974 bibliotheca
673 1937 790 1974 Vossii
816 1935 1084 1982 Windsoriana,
1113 1934 1237 1973 catali.
1264 1935 1435 1975 librorum
1457 1950 1548 1977 mss.

105 2002 262 2052 Anglsiae
280 2005 313 2037 et
329 1998 527 2036 Hiberniae
545 2000 656 2046 1697,
682 2003 710 2035 t.
727 2002 766 2047 2,
793 2011 831 2048 p.
846 2000 895 2035 66
919 2009 957 2035 n.
973 1998 1086 2034 2448.
1106 1999 1178 2032 123
1203 2004 1240 2034 et
1264 2009 1302 2048 p.
1317 2000 1365 2036 69
1383 2010 1418 2036 n.
1431 1999 1546 2037 2651.

106 2067 194 2103 326.
245 2062 442 2111 Vtriusque
467 2060 654 2109 singularis
688 2067 725 2097 et
750 2059 877 2097 eadem
904 2065 960 2096 est
985 2059 1109 2108 origo:
1146 2058 1210 2095 nisi
1239 2071 1297 2096 me
1327 2058 1423 2097 fallit
1453 2059 1545 2098 iudi-

106 2127 214 2173 cium,
239 2136 261 2161 e
286 2134 411 2160 museo
438 2122 661 2171 grammatici
687 2123 838 2158 alicuius
864 2121 1037 2158 Mauortii
1063 2126 1100 2157 et
1125 2121 1257 2157 Asterii
1281 2121 1423 2158 illorum
1447 2120 1544 2158 simi-

105 2189 168 2236 lis,
201 2186 264 2236 qui
292 2184 375 2233 leyit
399 2188 433 2221 et
460 2188 500 2220 ut
524 2185 641 2234 potuit
667 2183 886 2228 entendaaiss
913 2183 1012 2231 operi
1035 2182 1180 2220 sedatus
1205 2181 1373 2219 incubuit.
1423 2181 1544 2218 Inter-

104 2248 297 2300 polationis
324 2258 397 2283 non
424 2251 508 2282 sunt
533 2247 709 2282 immunes
737 2246 803 2281 uisi
830 2257 896 2281 nec
922 2244 1098 2294 sequendi
1122 2245 1200 2280 sine
1226 2244 1451 2288 necessitate,
1475 2242 1543 2278 ali-

105 2316 241 2361 quanto
262 2307 519 2345 recentioribus
539 2319 799 2357 nonnunquam
819 2305 1070 2355 posthabendi.
1109 2305 1346 2343 Proserantur
1366 2303 1435 2338 loci
1452 2308 1543 2352 quot

104 2371 286 2409 sufficiunt
312 2382 384 2406 non
410 2369 458 2406 ad
483 2368 657 2406 tuendum
685 2369 754 2406 hoc
779 2367 960 2411 iudicium,
986 2366 1051 2403 sed
1079 2365 1126 2403 ad
1152 2362 1410 2402 illustrandum.
1458 2363 1541 2399 Lib.

105 2437 144 2481 1,
162 2434 257 2479 3933
284 2433 387 2479 6263·
405 2434 442 2475 2,
466 2431 563 2478 149;
589 2434 626 2477 3,
644 2434 694 2468 30
719 2430 873 2466 sortasse
903 2429 1119 2478 glossemata
1152 2427 1235 2477 quia
1264 2437 1349 2461 casu
1383 2424 1543 2473 quodam

103 2495 140 2533 in
167 2506 310 2532 uersum
337 2492 567 2543 quadrabant
600 2498 747 2542 recepta
773 2492 852 2541 quis
880 2489 1019 2526 dixerit.
1072 2489 1119 2525 At
1143 2492 1182 2534 2,
1205 2489 1298 2534 1063
1322 2488 1415 2533 3393
1443 2487 1542 2534 3623
1602 2538 1606 2543 ἡ

103 2557 196 2604 368;
219 2557 317 2603 3783
342 2555 438 2602 4703
470 2556 510 2601 3,
534 2557 627 2601 2313
653 2555 728 2590 236
760 2560 796 2590 et
828 2552 962 2588 centies
997 2556 1186 2600 praeterea
1222 2547 1451 2584 manifestum
1485 2553 1543 2585 est

101 2617 292 2657 ornatioris
325 2621 389 2653 aut
423 2614 678 2658 emendatioris
707 2613 896 2651 locutionis
920 2610 1091 2649 studium.
1143 2608 1407 2649 Audendumne
1434 2608 1544 2658 igitur
