1685 2954
569 85 628 114 vx.
668 86 725 115 nn
755 70 853 115 mm.
882 83 1025 115 sAcms
1113 68 1116 70 ’
1384 81 1523 116 cxxm

74 199 161 226 ann.
191 190 255 236 12,
275 187 348 235 243
382 186 418 223 in
452 191 687 221 monumento
713 185 906 232 Ancyrano
933 195 1021 221 uero
1048 184 1123 222 tab.
1145 187 1165 221 1
1193 182 1291 221 dext.
1312 183 1390 222 init.
1417 183 1525 222 aedes

75 253 219 289 Larum
243 252 282 287 in
306 259 448 286 summa
472 258 582 283 sacra
611 248 677 283 uia
701 246 795 282 inter
820 257 864 281 ea
891 251 1113 294 recensetur,
1140 258 1234 296 quae
1258 246 1439 296 Augustus
1464 246 1525 293 fe-

77 315 188 358 cisse,
215 324 288 349 non
313 308 498 356 refecisse,
527 314 589 344 aut
613 306 804 357 perfecisse
829 318 868 342 se
894 306 1098 356 profitetur.
1151 302 1297 345 Titulus
1327 308 1525 345 dedicatio-

75 376 130 412 nis
156 383 343 424 superesse
369 370 514 407 uidetur
538 370 633 405 inter
659 368 907 417 inscriptiones
935 367 1140 405 Orellianas
1169 382 1204 409 n.
1226 372 1337 418 1668,
1365 370 1427 405 ubi
1452 381 1525 405 no-

76 442 202 474 tantur
226 446 318 471 cosS.
346 432 390 469 C.
412 431 592 468 Caluisius
617 430 798 477 Sabinus,
825 429 870 466 L.
898 429 1089 466 Passienus
1115 431 1257 478 Rufus,
1285 432 1322 468 h.
1349 444 1381 469 e.
1409 443 1524 468 annus

76 499 124 536 V.
153 498 196 536 C.
221 496 311 532 750.
362 494 488 538 Quare
523 492 621 543 quod
644 492 920 541 Hertzbergium
957 492 992 527 in
1026 494 1214 541 postremis
1242 493 1406 542 opusculi
1428 492 1526 529 foliis

76 559 259 597 affirmare
294 556 402 592 uideo
428 555 639 603 Dionysium
666 555 750 591 Hal.
779 559 816 602 1,
843 556 892 590 68
927 554 1026 603 loqui
1060 553 1106 590 de
1135 554 1313 602 Laribus,
1348 554 1383 589 id
1416 565 1525 603 spero

76 630 160 659 eum
195 621 231 657 in
259 619 460 669 prioribus,
499 617 616 654 allatis
650 616 859 652 testimoniis
893 615 940 652 de
975 616 1107 652 sacello
1134 616 1269 652 Larum
1304 627 1348 652 eo
1374 616 1409 651 in
1446 616 1527 652 loco

76 683 185 719 etiam
204 687 290 718 ante
310 680 426 717 editos
445 679 610 728 Dionysii
633 678 741 714 libros
762 679 895 728 posito,
920 678 1168 714 confirmasse:
1196 690 1264 726 ego
1284 677 1421 713 nullum
1442 688 1528 725 rep-

76 744 169 795 peri.
222 743 380 780 Carmen
409 741 629 779 Ouidianum
665 740 733 777 hae
767 747 873 790 parte
907 739 1158 790 imperfectum
1185 746 1299 789 puto,
1334 751 1417 774 cum
1452 744 1528 775 tam

77 806 218 856 insigne
249 812 397 855 tamque
431 804 621 841 tractabile
655 803 826 852 principis
859 802 996 838 sactum
1036 808 1111 839 tam
1147 801 1286 838 exiliter
1320 805 1527 837 annotetur.

77 867 175 905 Nam
201 874 349 918 praeter
374 866 469 904 diem
497 868 595 903 locus
623 871 762 901 tantum
788 864 981 912 indicatur,
1009 864 1045 900 in
1071 875 1210 900 summa
1236 874 1340 899 sacra
1365 862 1438 909 uia,
1465 861 1528 898 ubi

79 941 163 967 cum
197 941 308 979 poma
343 930 497 966 ueniisse
530 933 671 964 constet
704 938 750 962 ex
775 926 942 962 Varrone
977 925 1024 962 de
1057 936 1097 961 re
1131 930 1220 960 rust.
1251 928 1289 972 l,
1315 928 1354 972 2,
1380 937 1419 974 p.
1439 925 1479 971 8,
1504 923 1530 959 4

80 990 195 1037 8ε31.,
224 990 291 1027 csr,
319 997 395 1028 not.
423 1004 462 1040 p.
486 992 573 1037 196,
609 988 655 1024 de
680 987 826 1023 floribus
853 993 891 1023 et
917 987 1059 1024 coronis
1085 999 1157 1023 nou
1195 992 1249 1022 est
1274 984 1528 1036 improbabile,

81 1065 176 1102 quae
204 1052 250 1088 ad
276 1052 389 1089 Lares
416 1052 570 1088 maxime
596 1050 841 1100 pertinebant,
870 1048 942 1086 uid.
971 1049 1075 1087 Suet.
1104 1047 1190 1085 Oet.
1213 1049 1277 1096 57,
1303 1047 1408 1086 Paul.
1425 1048 1529 1085 Diae.

80 1127 118 1164 p.
139 1115 204 1162 69,
228 1115 265 1149 6.

605 1263 758 1300 LlBER
790 1261 1006 1300 SEXTVS.

181 1361 330 1410 Fragm.
360 1363 393 1396 1.
436 1357 588 1408 August.
615 1362 653 1405 3,
670 1362 716 1398 17
733 1358 794 1395 fin.
840 1361 943 1396 Nam
969 1369 1060 1407 quae
1086 1361 1171 1394 tuuc
1196 1357 1295 1393 uelut
1321 1357 1372 1395 ad
1396 1357 1531 1395 sedan-

82 1423 168 1461 dam
203 1422 445 1473 pestilentiam
483 1420 670 1469 diligenter
704 1423 857 1470 repetita
895 1420 1045 1467 fuerunt
1083 1424 1191 1468 atque
1224 1425 1424 1470 reparata,
1461 1422 1535 1458 uisi

82 1490 208 1536 postea
241 1484 362 1522 eodem
395 1482 499 1521 modo
530 1483 689 1531 neglecta
721 1488 828 1531 atque
858 1486 1043 1532 usurpata
1075 1481 1284 1527 latitarent,
1316 1494 1389 1520 uon
1413 1484 1536 1531 utique

83 1560 239 1597 maguae
267 1548 419 1596 peritiae
447 1547 629 1583 Varronis
655 1544 889 1593 tribueretur,
923 1543 1017 1594 quod
1040 1543 1198 1581 scribens
1230 1545 1272 1581 ‹le
1297 1544 1445 1582 aedibus
1469 1556 1537 1582 sa·-

85 1611 157 1646 oris
180 1614 257 1646 tam
281 1608 399 1645 multa
423 1609 595 1655 iyuorata
621 1611 885 1645 commemorat.

187 1673 224 1706 2.
278 1670 385 1707 Seru.
411 1669 457 1705 ad
488 1672 577 1705 Aen.
607 1673 645 1717 2,
669 1669 763 1705 512:
809 1671 929 1706 Varro
954 1668 1071 1706 locum
1097 1673 1255 1717 cuzatum·
1279 1670 1425 1717 auyulis
1449 1680 1538 1707 con-

87 1731 227 1769 clusum
257 1731 378 1767 aedem
416 1730 515 1767 (locet
543 1730 681 1767 'uocari
713 1729 847 1767 debere.
905 1730 1007 1768 Idem
1044 1742 1163 1767 rerum
1202 1731 1411 1768 diuinarum
1448 1730 1538 1768 libro

87 1797 192 1830 sexto
217 1792 359 1840 intulit,
392 1792 470 1828 ideo
497 1792 578 1829 loca
602 1804 715 1829 sacra
741 1794 907 1829 ciuitates
931 1791 1060 1828 habere
1084 1792 1261 1840 uoluisse,
1296 1805 1339 1828 ue
1365 1805 1427 1842 per
1452 1804 1539 1829 con-

87 1857 195 1892 tinua
226 1852 391 1900 aedificia
416 1853 582 1890 incendia
606 1852 895 1902 prolaberentur,
928 1856 962 1888 et
987 1856 1027 1888 ut
1050 1858 1186 1901 essent,
1213 1867 1281 1903 quo
1309 1854 1541 1903 confuyerent

86 1917 246 1968 plerique
269 1929 349 1953 eum
374 1915 522 1962 familia
545 1927 613 1951 sua
642 1917 681 1951 in
707 1914 886 1963 periculis.

190 1978 207 1997 *
221 1981 256 2014 3.
296 1977 349 2014 Id.
369 1978 417 2013 ib.
441 1990 477 2013 u.
493 1978 585 2012 225:
619 1978 739 2013 Varro
760 1981 880 2012 <actem
899 1987 1018 2012 rerum
1038 1975 1248 2014 diuinarum
1273 1976 1362 2014 libro
1384 1979 1545 2015 XXVII

90 2039 274 2077 delubrum
293 2051 368 2075 esse
394 2039 480 2076 dicit
504 2043 570 2075 aut
594 2038 655 2074 ubi
679 2038 788 2088 plura
813 2040 963 2074 numina
983 2036 1047 2074 sub
1074 2050 1145 2075 ιιηο
1167 2044 1256 2076 tecto
1280 2044 1378 2084 suut,
1406 2044 1445 2076 ut
1469 2041 1543 2076 Ga·-

89 2101 273 2151 pitolium,
308 2105 373 2137 aut
398 2100 458 2137 ubi
485 2105 628 2150 praeter
655 2100 778 2137 aedem
804 2112 893 2137 area
918 2102 967 2137 sit
993 2099 1189 2148 adsumpta
1216 2099 1318 2136 ileum
1344 2113 1476 2145 causa,
1499 2105 1541 2137 ut

89 2162 132 2200 ‘in'
156 2165 248 2200 circo
275 2162 459 2199 Flaminio
483 2165 568 2199 Ioui
594 2164 753 2206 Statori,
788 2167 854 2198 aut
881 2165 917 2199 iu
943 2174 1012 2211 quo
1039 2162 1116 2198 loco
1142 2161 1196 2197 clei
1223 2161 1384 2198 dicatum
1415 2164 1465 2198 sit
1489 2163 1545 2198 si-

92 2223 311 2269 mulacrum3
335 2229 377 2260 ut
402 2226 439 2260 in
467 2236 534 2273 quo
560 2222 677 2272 figunt
702 2223 904 2268 caudelam,
932 2223 1185 2261 caudelabrum
1211 2223 1409 2272 appellant,
1435 2225 1489 2260 sic
1508 2225 1546 2259 iat

93 2298 163 2336 quo
184 2286 288 2322 deum
312 2291 462 2335 ponant,
490 2285 685 2323 delubrum.
726 2285 865 2322 Eadem
885 2287 1093 2323 Macrobius
1111 2295 1178 2323 sat.
1203 2289 1241 2333 3,
1257 2289 1295 2333 4,
1315 2298 1351 2334 p.
1367 2288 1455 2332 390,
1482 2283 1548 2321 sed

93 2360 140 2386 ex
165 2347 255 2385 libro
283 2353 413 2385 octauo
438 2360 559 2385 rerum
592 2346 818 2392 diuinarum,
852 2354 889 2385 et
920 2348 1060 2384 adiicit:
1096 2350 1169 2385 His
1194 2361 1219 2385 a
1248 2349 1413 2384 Varrone
1437 2359 1547 2396 prae-

95 2411 241 2460 scriptis
266 2409 459 2458 bdellium-e
483 2421 676 2460 possumus
702 2408 740 2444 id
765 2412 993 2458 potissmium
1020 2409 1064 2446 ab
1091 2422 1130 2446 eo
1156 2408 1361 2458 probatum,
1390 2408 1483 2458 quod
1502 2419 1547 2445 ex

97 2483 167 2508 sua
192 2472 444 2508 consuetudine
478 2474 515 2508 in
547 2472 673 2508 ultimo
699 2473 833 2519 posuit.
886 2471 967 2509 Csr.
995 2471 1103 2507 etiam
1127 2472 1318 2507 Asconium
1347 2471 1546 2508 Pedianum

100 2536 158 2568 ed.
183 2532 347 2582 Popmae
372 2534 452 2570 Col.
483 2534 592 2577 1578,
617 2546 656 2582 p.
673 2533 709 2568 5.

200 2597 238 2631 4.
283 2597 433 2644 August.
459 2597 555 2639 6,7:
594 2593 690 2641 Quid
715 2593 758 2630 de
784 2597 872 2631 Ioue
896 2599 1096 2642 senserunt,
1125 2597 1186 2644 qui
1210 2597 1287 2632 eius
1314 2598 1486 2632 matricem·
1510 2595 1549 2630 in

109 2654 284 2704 capitolio
307 2654 530 2705 posueruut?
555 2676 604 2684 --
630 2679 679 2685 -—
706 2655 888 2707 Epulones
913 2658 1024 2694 etium
1050 2656 1133 2695 deos
1157 2659 1345 2708 parasitos
1371 2659 1473 2695 Ioniis
1500 2653 1549 2698 ad-
