1685 2954
91 88 196 120 cvm
710 87 916 119 VARRONIS

91 189 291 240 parietes
329 189 371 226 in
408 186 583 231 schola,
629 198 756 237 quam
793 193 925 227 extra
961 189 1006 227 in
1043 189 1146 237 foro
1184 189 1304 237 ferre
1340 196 1529 240 ponunt

90 262 234 288 aures.

191 313 228 348 7.
281 310 434 359 August.
461 311 506 358 7,
532 311 578 347 6:
621 310 718 348 Dicit
752 323 835 361 eryo
869 310 961 349 idem
996 314 1115 351 Varro
1143 312 1260 351 adhuc
1294 310 1338 349 de
1367 313 1531 350 naturali

90 373 267 420 theoloyia
292 371 529 421 praeloquens
561 370 664 408 deum
694 384 734 409 se
764 373 938 411 arbitrari
969 386 1046 411 esse
1070 376 1230 412 animam
1256 372 1398 418 numdi,
1430 385 1531 422 qttem

93 434 223 472 Graeci
255 437 387 470 §cocant
419 429 589 481 κόσμον,
630 437 663 470 et
693 433 787 471 hunc
817 436 938 485 ipsum
969 435 1142 472 mundum
1172 448 1249 472 esse
1280 434 1396 472 deum.
1459 434 1532 471 Sea

86 497 180 533 sicut
211 494 388 532 hominem
419 496 633 543 sapientem,
660 507 739 531 cum
770 497 819 532 sit
853 507 898 532 ea·
931 508 1077 545 corporo
1101 501 1134 534 et
1160 498 1302 544 animo,
1340 500 1460 532 tamen
1485 493 1531 531 ab

87 557 211 594 animo
236 555 306 592 dici
331 557 542 605 sapientem,
569 557 622 593 ita
648 555 822 593 mimdum
849 556 953 593 deum
980 557 1050 594 dici
1075 558 1121 595 ab
1147 561 1282 605 animo,
1308 570 1387 594 cum
1411 558 1460 594 sit
1484 567 1532 593 ea·

87 619 211 656 animo
238 621 273 654 et
298 629 454 668 corpore.
483 637 530 645 --
560 617 726 666 adiunyit
752 616 925 654 mumdum
950 617 1064 656 diuidi
1094 621 1132 656 in
1158 619 1252 656 dotas
1276 623 1417 668 partes,
1449 629 1531 655 cae-

86 679 161 716 lum
186 683 222 716 et
246 683 401 726 terram,
434 683 468 715 et
494 677 630 716 caelum
656 678 829 725 bifariam
854 680 895 715 in
918 678 1064 717 aethera
1089 685 1131 731 σι’
1149 684 1260 728 ae'ra,
1286 685 1422 718 terram
1445 691 1531 717 uero

85 742 125 779 in
159 753 294 791 aquam
325 745 359 776 et
390 739 549 777 humum.
602 741 637 776 E
667 738 795 787 quibus
826 751 1005 776 summum
1037 753 1113 777 esse
1143 740 1310 788 aethera,
1339 740 1531 778 secundum

87 806 192 851 aera,
216 804 363 841 tertiam
387 812 531 850 aqumn,
557 798 723 846 infimam
748 804 897 838 terram·
953 801 1055 846 Quas
1080 814 1201 839 omnes
1231 807 1386 850 quatuor
1407 805 1533 851 partes

85 866 296 902 animarum
320 875 396 899 esse
419 861 566 911 plenas,
599 863 638 897 in
664 861 803 899 aethere
829 867 862 900 et
889 865 971 899 ae're
1001 861 1280 910 immortalium,
1311 864 1350 899 in
1375 873 1472 911 aqua
1497 864 1532 898 et

87 930 186 964 terra
210 924 437 969 mortalium;
469 936 492 960 a
524 934 664 960 summo
697 927 816 960 autern
848 925 997 961 circuitu
1030 922 1119 960 caeli
1149 934 1261 972 usque
1289 923 1337 960 ad
1361 923 1532 961 circulum

87 987 196 1025 lunae
227 985 413 1023 aethereas
445 985 589 1022 animas
620 995 697 1021 esse
727 988 831 1021 astra
862 998 906 1022 ac
937 985 1065 1022 stellas
1095 996 1222 1033 eosque
1251 984 1418 1022 caelestes
1446 983 1531 1022 deos

84 1061 157 1086 non
181 1047 287 1085 modo
311 1046 463 1094 intelliyi
487 1059 574 1091 esse,
601 1044 663 1082 sed
688 1046 796 1082 etiam
819 1046 954 1093 uideri3
980 1049 1077 1083 inter
1102 1045 1209 1082 hirtae
1233 1058 1319 1083 uero
1343 1052 1471 1095 gyrum
1495 1048 1529 1082 et

82 1110 286 1149 nimborum
310 1121 354 1146 ac
377 1112 565 1145 uentorum
593 1109 779 1145 cacumina
805 1112 930 1146 a'e‘reas
955 1120 1030 1145 esse
1049 1109 1208 1154 animas,
1232 1107 1295 1145 sed
1313 1119 1375 1145 eas
1394 1108 1528 1150 animo,

82 1183 155 1209 non
185 1171 299 1209 oculis
322 1169 438 1207 uideri
464 1174 497 1206 et
522 1171 647 1207 uocari
671 1169 801 1207 heroas
829 1175 863 1207 et
889 1171 985 1208 lares
1010 1174 1044 1206 et
1067 1170 1203 1217 genios.

186 1236 224 1272 8.
275 1233 385 1271 Seru.
412 1231 459 1268 ad
485 1232 576 1268 Aen.
604 1233 643 1279 6,
664 1233 759 1268 703:
784 1252 836 1258 —
859 1233 897 1268 in
923 1243 991 1280 quo
1015 1235 1151 1268 tractat
1177 1229 1220 1267 ‹le
1245 1230 1413 1267 Platonis
1437 1229 1527 1278 ‹109-

81 1299 197 1340 mate,
228 1293 322 1344 quod
352 1295 391 1331 in
422 1293 615 1330 Phaedone
647 1294 803 1342 positum
834 1297 887 1330 est
919 1289 1008 1340 περὶ
1040 1292 1180 1340 ψυχῆς
1202 1312 1274 1331 -.
1306 1294 1362 1328 De
1393 1303 1464 1340 qua
1487 1302 1528 1328 re

81 1359 192 1395 etiam
221 1358 339 1393 Varro
365 1357 403 1392 in
428 1356 543 1404 primo
569 1354 776 1392 diuinarum
800 1353 1005 1403 plenissime
1030 1355 1215 1390 tractauit.

182 1419 220 1454 9.
272 1419 422 1466 August.
450 1418 488 1464 4,
517 1419 587 1452 31:
631 1415 727 1461 Quid
760 1418 835 1466 ipse
865 1418 984 1452 Varro
1015 1437 1066 1446 --
1097 1427 1213 1452 nonne
1242 1415 1296 1451 ita
1327 1413 1526 1461 confitetur,

81 1491 156 1518 non
187 1490 226 1516 se
257 1477 323 1514 illa
355 1477 484 1515 iudicio
515 1489 581 1514 suo
612 1479 732 1526 sequi,
766 1489 857 1526 quae
887 1479 1070 1514 ciuitatem
1094 1479 1301 1514 Romanam
1328 1477 1527 1513 instituisse

82 1544 346 1584 commemorat,
372 1545 412 1576 ut
437 1542 471 1576 si
495 1551 574 1575 eam
600 1540 784 1575 ciuitatem
802 1551 936 1576 nouam
956 1541 1195 1582 constitueret,
1221 1549 1267 1574 ea·
1286 1542 1439 1574 naturae
1456 1550 1525 1586 po-

82 1604 157 1640 tius
178 1601 340 1649 formula
365 1601 449 1639 deos
473 1603 687 1650 nominaque
713 1600 858 1638 deorum
884 1612 921 1636 se
946 1598 1060 1645 fuisse
1086 1599 1332 1636 dedicaturum
1356 1611 1427 1636 non
1455 1599 1525 1636 du-

84 1664 168 1702 bitet
193 1662 377 1711 confiteri?

187 1728 247 1762 10.
290 1725 442 1774 August.
469 1727 507 1772 7,
524 1726 565 1761 5:
593 1726 756 1764 Prinmm
783 1735 844 1759 cas
869 1725 1179 1773 interpretationes
1203 1724 1255 1760 sic
1284 1725 1402 1759 Varro
1428 1733 1525 1759 com-

83 1786 248 1831 mendat,
280 1792 321 1822 ut
347 1787 445 1823 dicat
470 1788 638 1835 antiquos
664 1786 862 1821 sinmlacra
888 1784 1032 1821 deorum
1063 1789 1096 1821 et
1126 1787 1284 1833 insignia
1309 1789 1526 1833 ornatusque

83 1848 312 1896 confinxisse,
340 1859 430 1896 quae
449 1859 528 1885 cum
547 1847 659 1884 oculis
681 1845 1020 1882 animaduertissent
1046 1845 1094 1890 hi,
1121 1848 1182 1895 qui
1207 1845 1366 1883 adissent
1391 1845 1524 1883 doctri-

82 1923 152 1949 nae
174 1911 360 1956 mysteria,
386 1913 532 1957 possent
558 1911 718 1945 animam
741 1907 866 1944 mundi
893 1920 936 1945 ac
960 1912 1082 1956 partes
1108 1910 1197 1955 eius,
1226 1907 1261 1944 id
1287 1913 1340 1944 est
1359 1907 1443 1944 deos
1460 1920 1524 1944 ue-

81 1984 144 2011 ros
168 1973 290 2009 animo
316 1970 454 2007 uidere:
480 1982 629 2019 (piorum
658 1972 717 2019 qui
738 1969 937 2007 si'nmlacra
961 1972 1074 2017 specie
1098 1969 1251 2007 hominis
1275 1969 1435 2015 fecerunt
1460 1968 1524 2005 hoc

82 2033 199 2071 uideri
224 2037 379 2077 secutos,
413 2031 505 2080 quod
532 2032 736 2068 mortalium
762 2033 926 2078 unimus,
960 2032 1020 2078 qui
1045 2035 1098 2067 est
1123 2032 1159 2068 in
1185 2043 1331 2080 corpore
1355 2030 1521 2074 humano,

79 2096 284 2134 simillimus
310 2099 363 2131 est
388 2093 603 2130 ‘immortalis
630 2095 754 2129 animi.
1365 2083 1373 2092 ’

183 2160 243 2193 11.
300 2157 446 2204 August.
482 2156 520 2202 4,
546 2156 590 2190 9:
626 2177 673 2181 —
708 2154 800 2203 quod
830 2155 902 2203 ipsi
932 2155 1041 2190 etiam
1076 2154 1231 2190 Varroni
1263 2155 1316 2189 ita
1347 2151 1520 2200 displicet,

80 2224 122 2256 ut
142 2241 190 2246 —-
212 2230 436 2267 nequaquam
463 2221 580 2254 tamen
607 2215 720 2254 dicere
746 2221 778 2251 et
803 2215 953 2253 scribere
972 2215 1161 2259 dubitaret,
1187 2213 1279 2263 quod
1305 2213 1342 2250 hi
1368 2215 1428 2261 qui
1452 2226 1520 2261 po·-

80 2280 177 2331 pulis
207 2282 437 2316 instituerunt
463 2277 662 2315 sinmlacra
694 2282 726 2313 et
758 2282 887 2314 metum
914 2277 1149 2326 dempserunt,
1176 2281 1208 2312 et
1233 2287 1387 2314 errorem
1411 2274 1534 2313 ad‹15-,

78 2342 216 2380 derunt.

183 2406 244 2439 12.
299 2402 431 2438 Arnob.
458 2403 496 2447 7,
525 2404 568 2437 1:
596 2421 644 2428 —
676 2402 852 2438 Varronis
879 2403 988 2438 uestri
1014 2401 1188 2437 sententia
1214 2420 1261 2426 —-
1291 2400 1425 2445 Quia,
1461 2399 1518 2433 in·

81 2467 179 2515 quit,
212 2462 276 2499 (lii
307 2465 403 2499 ueri
434 2474 571 2511 neque
608 2462 865 2499 desiderant
896 2474 962 2505 ea,
999 2474 1132 2510 neque
1171 2461 1430 2510 deposcunt:
1468 2471 1518 2496 ex

81 2539 183 2566 aere
215 2529 357 2563 autem
391 2524 529 2571 facti,
562 2529 702 2571 testu,
740 2537 893 2573 gypso,
927 2523 996 2560 uel
1028 2535 1240 2560 vmarmore
1270 2521 1404 2558 multo
1436 2523 1518 2557 mi-

83 2599 166 2626 nus
191 2587 296 2625 haec
323 2591 494 2629 cvm-anu
522 2590 674 2622 curent
699 2588 810 2622 enim
836 2597 988 2632 sensu,
1014 2597 1144 2633 neque
1170 2584 1264 2621 ulla
1293 2582 1518 2620 contrahi-

82 2656 155 2688 tur
181 2650 220 2687 si
246 2659 405 2686 canon
431 2646 607 2694 feceris,
629 2647 774 2697 culpa,
794 2659 927 2695 neque
953 2646 1060 2694 ulla,
1087 2648 1126 2684 si
1149 2645 1324 2692 feceris,
1350 2646 1516 2694 qratia.
