1685 2954
125 70 209 130 278
637 43 998 114 *FAsr-onvtr

181 183 362 237 Surgite,
391 186 435 223 et
461 182 501 224 in
529 181 685 225 medios
712 183 765 225 de
793 182 962 225 summis
991 184 1151 226 arcibus
1178 185 1323 228 hostes

236 249 391 291 Mittite
418 262 539 303 quam
566 251 727 292 minime
754 250 916 292 tradere
942 251 1077 304 uoltis,
1106 265 1238 305 opem.

182 317 362 359 Somnus
390 315 488 371 abit,
517 325 795 372 quaeruntque
823 318 941 359 nouis
970 320 1212 374 ambagibus
1238 319 1334 373 acti,

238 383 418 425 Tradere
446 397 566 438 quam
590 386 715 426 nolint
743 392 787 426 et
814 385 1030 427 iubeantur
1058 400 1189 440 opem.

182 452 292 492 Esse
321 463 440 493 ceres
467 453 557 494 uisa
586 458 664 494 est.
704 451 857 495 iaciunt
884 453 1071 495 Cerealia
1099 455 1227 495 dona:
1480 458 1558 495 385

236 520 350 561 lacta
378 530 502 572 super
529 520 675 574 galeas
703 527 904 574 scutaque
931 522 1057 575 longa
1084 528 1244 563 sonant.

179 585 316 628 Posse
349 586 458 627 fame
492 586 600 628 uinci
631 600 732 641 spes
760 586 926 628 excidit.
962 588 1084 628 hoste
1111 590 1274 641 repulso

236 652 422 695 Candida
449 652 598 695 Pistori
625 655 787 707 ponitur
814 665 885 694 ara
909 654 1010 694 Ioui.

179 720 307 762 Forte
335 721 568 761 reuertebar
596 721 717 761 festis
745 720 986 760 Vestalibus
1014 718 1119 774 illac,

235 786 328 839 Qua
354 787 477 828 Noua
503 788 688 828 Romano
718 800 827 829 nunc
854 787 921 827 uia
947 785 1087 828 iuncta
1114 788 1200 829 foro
1228 795 1306 830 est.
1483 793 1562 828 390

178 855 274 896 Huc
300 854 408 908 pede
434 860 658 895 matronam
684 853 791 895 nudo
822 853 1075 896 descendere
1099 854 1202 897 uidi:

234 921 439 975 Obstupui
466 922 619 963 tacitus
648 920 905 975 sustinuique
933 921 1116 975 gradum.

178 989 322 1030 Sensit
350 1000 454 1029 anus
481 986 616 1030 uicina
644 990 749 1042 loco,
779 989 1016 1043 iussumque
1043 987 1191 1030 sedere

234 1055 462 1108 Alloquitur
498 1054 687 1109 quatiens
721 1068 827 1097 uoce
854 1061 1056 1097 tremente
1089 1061 1232 1109 caput:

178 1123 284 1175 Hoc,
311 1122 380 1163 ubi
408 1135 517 1164 nunc
543 1122 631 1164 fora
657 1128 767 1176 sunt,
794 1121 901 1163 udae
931 1128 1102 1163 tenuere
1131 1123 1320 1176 paludes:
1481 1127 1558 1165 395

231 1190 364 1229 Amne
392 1190 630 1232 redundatis
657 1190 772 1244 fossa
800 1186 995 1231 madebat
1023 1191 1153 1243 aquis.

179 1255 347 1297 Curtius
375 1257 442 1297 ille
470 1258 600 1309 lacus,
627 1250 768 1299 siccas
796 1257 864 1310 qui
892 1257 1070 1298 sustinet
1096 1268 1201 1307 aras,

176 1379 262 1414 381.
295 1376 432 1414 medias
465 1388 646 1427 rma.p⁴r.
704 1376 800 1414 med.
829 1390 849 1413 e
881 1389 1008 1413 summ.
1035 1376 1068 1412 b.
1179 1379 1265 1414 382.
1304 1377 1447 1414 minime
1477 1377 1562 1414 mit-

124 1428 188 1464 tite
215 1427 304 1464 uult.
337 1427 378 1464 G.
433 1427 519 1463 min.
546 1429 690 1464 mittere
716 1429 807 1464 uult.
834 1428 956 1464 2933.
1013 1428 1098 1463 min.
1125 1427 1280 1477 perdere
1312 1429 1402 1464 uult.
1432 1432 1504 1465 tres
1528 1433 1561 1466 et

32 1494 50 1525 J..
124 1477 202 1515 edd.
230 1490 326 1514 saec.
342 1489 426 1526 κη
452 1480 678 1515 Muar.scr.
722 1478 808 1516 min.
836 1477 984 1514 credere
1009 1490 1047 1515 u.
1072 1489 1179 1514 tanus.
1224 1478 1334 1514 uultis
1361 1477 1454 1514 libri.

176 1530 262 1565 383.
297 1528 481 1576 Sompnus
504 1530 551 1565 E.
597 1534 849 1577 quaeruntque
882 1528 994 1564 noctis
1021 1540 1051 1564 s.
1100 1540 1185 1564 nou.
1210 1539 1233 1563 a
1266 1528 1416 1576 bagibus
1442 1526 1503 1564 alti
1529 1531 1564 1566 Ε

125 1590 197 1615 mia.
217 1590 285 1615 sec.
383 1578 471 1614 384.
496 1589 603 1627 quam
632 1579 759 1614 nolunt
784 1575 929 1622 ΒΣΤ;
955 1590 1074 1626 puar.
1086 1590 1156 1614 scr.
1205 1577 1280 1614 nol.
1307 1584 1347 1613 ut
1372 1577 1445 1616 iub.
1470 1576 1533 1615 A.

176 1629 263 1665 385.
297 1628 394 1665 Ecce
421 1639 494 1664 cer.
520 1639 747 1665 rsma.sec.
765 1631 867 1664 1333
893 1632 1038 1676 septem.
1086 1639 1186 1663 ceres
1213 1628 1327 1664 uisum
1353 1633 1408 1664 est
1434 1629 1563 1666 Fuar.

125 1690 194 1716 sor.
305 1680 391 1715 386.
426 1677 546 1714 Nacta
570 1690 650 1728 sup.
677 1677 710 1714 b.
756 1678 828 1725 gal.
853 1684 1029 1726 sentaque
1053 1676 1235 1725 bmmpr.
1283 1677 1353 1726 gal.
1384 1678 1564 1728 longaque

126 1734 228 1765 scuta
252 1725 346 1765 BA
355 1729 378 1765 5
406 1732 560 1776 quatuor
585 1732 619 1763 et
643 1727 722 1764 edd.
741 1726 937 1764 Rub.Ald.
957 1730 1063 1776 prim.
1164 1729 1251 1764 387.
1278 1728 1432 1765 Vincere
1457 1741 1564 1777 posse

126 1778 225 1815 fame
250 1791 333 1827 spes
361 1781 421 1814 ll.
458 1789 541 1826 spes
567 1777 678 1813 edidit
698 1789 872 1827 swatpr.
973 1780 1058 1814 388.
1087 1777 1203 1814 Cand.
1225 1778 1396 1826 pistorum
1422 1791 1510 1828 pon.
1530 1778 1564 1816 b.

178 1830 266 1865 389.
293 1829 409 1865 Forte
434 1828 648 1864 reuectabar
673 1831 711 1863 2.
753 1841 830 1864 reu.
851 1828 961 1864 sacris
982 1835 1071 1864 uest.
1095 1825 1161 1863 ffl‘?
1183 1831 1299 1864 1221.
1336 1828 1420 1865 fest.
1440 1840 1563 1865 cerea-

127 1879 219 1915 libus
245 1876 347 1914 ]120
358 1879 420 1914 41.
468 1878 550 1914 sest.
579 1878 756 1914 natalibus
783 1877 865 1915 duo.
915 1884 1006 1914 uest.
1032 1878 1104 1914 illic
1135 1875 1223 1915 ΨΑ
1238 1890 1312 1915 ma.
1327 1890 1383 1926 pr.
1434 1879 1563 1915 uestal.

61 1944 63 1947 ·
127 1929 189 1965 illa
213 1930 292 1965 AD
308 1930 466 1976 GNym
491 1927 604 1964 decem
630 1927 705 1974 fere
730 1932 764 1964 et
788 1927 866 1965 edd.
886 1927 981 1965 Rub.
1003 1928 1089 1965 AM.
1193 1930 1278 1964 390.
1306 1928 1391 1972 Qua
1417 1929 1474 1965 uia
1500 1941 1565 1972 ro-

127 1982 235 2015 ma‘no
273 1991 368 2014 nunc
392 1990 490 2014 noua
517 1975 673 2015 ΕΡΔ3
699 1983 772 2016 tres
796 1982 830 2015 et
853 1983 940 2015 uett.
967 1977 1022 2015 ed.
1069 1991 1164 2015 nunc
1189 1990 1333 2028 quoque
1358 1979 1382 2015 i.
1409 1980 1461 2016 N.
1509 1984 1565 2016 est

130 2028 202 2067 abi.
231 2030 291 2065 34.
404 2030 492 2065 391.
526 2028 596 2065 Hic
620 2027 681 2066 A.
726 2029 806 2065 Hac
830 2033 922 2074 tres3
949 2032 998 2066 M
1012 2041 1094 2065 nar.
1115 2041 1185 2066 scr.
1229 2035 1336 2066 matr.
1363 2028 1434 2065 uidi
1465 2027 1564 2066 desc.

129 2079 227 2115 nudo
254 2081 363 2116 P'I'3
374 2080 421 2114 33
444 2078 526 2116 duo.
627 2081 713 2115 392.
742 2078 911 2148 Obstigui
943 2081 977 2116 G
992 2082 1108 2117 1233.
1149 2091 1223 2129 que
1246 2078 1379 2129 gradus
1403 2078 1453 2127 bg
1473 2083 1565 2117 octo.

182 2131 269 2166 393.
297 2128 402 2166 Sedit
427 2141 486 2165 an.
515 2127 566 2167 Ψ.
608 2129 727 2167 Sentit
753 2141 812 2166 an.
839 2150 887 2165 ι...
926 2130 994 2167 uic.
1022 2130 1089 2166 loci
1115 2131 1164 2166 29
1175 2133 1235 2167 33.
1273 2130 1352 2167 loco
1378 2130 1565 2178 uisumque

35 2163 68 2186 γ’
135 2181 174 2216 G.
215 2179 296 2216 loco
322 2179 531 2228 nullumque
557 2179 589 2215 b.
691 2181 777 2217 394.
803 2179 974 2229 quaciens
995 2181 1042 2217 G.
1083 2180 1200 2230 capud
1226 2183 1270 2217 E.
1372 2180 1458 2216 395.
1484 2182 1563 2225 Im,

132 2231 253 2275 Haec,
281 2232 317 2266 D
338 2231 418 2278 (per
443 2229 684 2279 compendium
711 2235 830 2267 tamen
856 2230 949 2278 quoa
979 2231 1018 2267 in
1051 2242 1090 2267 eo
1115 2229 1206 2268 libro
1232 2230 1309 2268 ulia
1341 2241 1475 2279 quoque
1497 2239 1562 2265 as-

129 2279 331 2327 siynificat)
353 2282 418 2317 Gs
443 2291 568 2317 nouem
587 2285 621 2316 et
637 2284 724 2317 vett.
739 2280 793 2317 ed.
840 2281 919 2318 Hoc
943 2281 1004 2317 ubi
1030 2280 1563 2329 ETzfymma.sec.r2428

130 2333 191 2367 33.
232 2331 314 2366 Huc
341 2331 381 2367 G.
422 2330 528 2370 Hunc
546 2333 605 2368 M.
647 2331 725 2367 Hac
750 2330 837 2376 duo;
868 2332 1075 2369 Guar.scr.
1116 2332 1185 2367 Hic
1208 2331 1383 2380 reliqum
1400 2330 1561 2366 GEuar.

128 2392 198 2416 scr.
250 2385 333 2417 sunt
358 2380 482 2418 undae
511 2382 547 2417 4.
602 2380 696 2418 udae
720 2387 899 2419 tremuere
925 2378 1287 2419 Fflma.sec.Ebst
1306 2391 1386 2423 sem
1412 2374 1562 2415 ΖΙΙΝΔ

132 2435 209 2465 vcro
237 2442 316 2466 mir.
333 2443 402 2467 scr.
451 2430 544 2467 udae
571 2435 735 2468 tumuere
766 2429 817 2468 Ψ.
920 2434 1004 2469 396.
1038 2433 1145 2468 Mane
1171 2432 1248 2470 red.
1276 2425 1563 2467 BGDEFGO

130 2477 241 2516 ΛῙΗ
252 2479 435 2517 ΙἸΙΨΔ
450 2480 875 2526 Tbma.sec.sms340
886 2483 957 2529 41,
993 2494 1037 2519 ex
1063 2482 1187 2531 quibus
1212 2484 1294 2529 Mp
1320 2479 1471 2515 alterum
1495 2490 1562 2526 pro

134 2542 217 2566 nar.
232 2542 302 2566 scr.
330 2530 468 2567 habent.
514 2531 730 2568 redundanti
754 2533 851 2568 fossa
875 2535 1057 2581 Enna-pr.
1079 2531 1380 2580 OEeyma.sec.m
1396 2533 1441 2564 12
1453 2531 1502 2564 20
1513 2531 1561 2564 33

133 2579 339 2628 quindecim.
380 2582 422 2615 Λ.
451 2581 684 2619 redundantis
709 2595 728 2619 r
755 2582 837 2621 duo.
887 2584 983 2620 fossa
1010 2583 1184 2619 redundat
1210 2585 1236 2616 t.
1277 2580 1372 2616 mad.
1400 2591 1494 2628 aqua
1521 2575 1563 2614 Φ

131 2633 311 2667 eml220
337 2632 500 2680 quinque.
549 2633 645 2673 mad.
673 2645 789 2683 aquae
816 2633 897 2670 duo.
1004 2635 1089 2670 397.
1125 2632 1273 2668 Curcius
1301 2633 1370 2668 Es.
1417 2629 1561 2666 Crutius
