1685 2954
121 40 171 82 18
650 49 993 87 ιιτΑεΤοκνΜ

174 151 277 204 Quis
304 157 419 191 uetat
449 155 493 189 ct
521 149 678 202 stellas,
702 155 748 190 ut
776 161 963 203 quaeque
993 150 1195 203 oriturque
1225 149 1429 203 caditque,
1477 154 1556 190 295

229 214 412 258 Dicere?
440 214 627 269 promissi
654 229 748 269 pars
778 217 854 257 fuit
883 217 964 257 ista
993 216 1086 256 mei.

174 286 339 326 Felices
368 285 541 336 animae,
569 284 714 336 quibus
742 285 850 324 haec
879 296 1134 337 cognoscere
1162 283 1300 337 primis

232 353 358 403 Inque
388 350 531 390 domus
559 363 730 404 superas
758 351 957 392 scandere
990 364 1085 392 cura
1117 352 1201 391 fuit.

177 419 379 459 Credibile
419 424 485 458 est
522 419 612 458 illos
645 417 795 471 pariter
831 420 1020 471 uitiisque
1049 419 1234 472 locisque

234 485 371 526 Altius
399 485 586 526 humanis
618 487 829 526 exeruisse
858 492 993 538 caput.
1485 489 1563 523 300

177 555 272 593 Non
302 553 449 593 Venus
478 559 550 592 aut
576 554 711 594 uinum
742 553 929 593 sublimia
957 559 1126 604 pectora
1155 552 1290 606 fregit,

236 619 478 660 Officiumue
506 618 590 672 fori,
620 621 842 660 militiaeue
868 620 996 660 labor:
1147 660 1152 664 ,

179 687 272 728 Nec
299 686 402 727 leuis
429 686 607 740 ambitio,
636 688 882 739 perfusaque
912 687 1040 738 gloria
1069 687 1175 739 fuco,

235 754 558 807 Magnarumque
586 754 716 794 fames
745 752 980 792 sollicitauit
1009 765 1142 805 opum.

179 821 412 861 Admouere
443 822 572 863 oculis
607 819 802 861 distantia
835 819 970 860 sidera
1002 822 1165 872 nostris,
1489 823 1566 859 305

236 888 500 942 Aetheraque
529 888 693 942 ingenio
725 899 978 939 supposuere
1010 900 1096 928 suo.

182 955 255 995 Sic
283 955 435 1006 petitur
466 957 635 996 caelum.
679 967 758 994 non
788 960 834 995 ut
861 955 966 995 ferat
995 955 1131 996 Ossan
1159 954 1373 1009 Olympus,

238 1022 487 1074 Summaque
511 1022 702 1061 Peliacus
731 1022 866 1062 sidera
895 1028 1041 1077 tangat
1070 1036 1189 1075 apex.

183 1090 274 1131 Nos
301 1101 462 1141 quoque
487 1089 563 1129 sub
593 1087 765 1129 ducibus
795 1090 951 1130 caelum
979 1091 1219 1131 metabimur
1244 1091 1335 1143 illis,

236 1157 524 1210 Ponemusque
550 1167 650 1197 suos
679 1155 731 1197 ad
761 1169 872 1211 uaga
901 1159 1022 1210 signa
1051 1157 1152 1198 dies.
1489 1163 1568 1196 310

177 1293 264 1331 295.
301 1292 399 1338 Quid
427 1299 526 1330 uetat
551 1297 574 1331 8
599 1299 685 1332 tres.
739 1302 778 1331 ut
811 1307 977 1345 quaeque
1004 1296 1072 1332 erit
1107 1303 1186 1331 orta
1212 1294 1379 1341 caditque
1408 1297 1468 1331 40.

177 1347 264 1381 296.
298 1345 447 1380 Discere
475 1341 527 1381 A.
571 1346 649 1383 Dic.
687 1348 863 1395 propositi
897 1359 980 1394 pars
1019 1342 1521 1382 DAMOHWETbrs
1546 1349 1570 1381 2

128 1399 178 1434 29
189 1398 236 1431 43
257 1394 335 1432 am.
362 1397 440 1440 Ita,
466 1395 534 1430 suit
550 1395 631 1440 ista,
662 1398 695 1432 D
711 1394 1018 1443 (DAPAETy
1046 1395 1328 1444 φιαίυονᾱεοίηις
1355 1398 1385 1433 0
1406 1408 1485 1432 uar-
1499 1407 1569 1432 scr.

129 1458 213 1495 pars
240 1446 285 1481 sit
311 1451 347 1481 et
372 1445 441 1480 ista
469 1447 502 1480 B
516 1445 544 1481 G
562 1447 640 1491 4)8.
680 1458 763 1495 pars
790 1447 836 1482 sit
864 1453 902 1482 ut
928 1448 993 1482 ista
1012 1448 1072 1482 29.
1115 1458 1199 1494 pars
1224 1446 1268 1481 sit
1294 1453 1330 1481 et
1355 1447 1431 1494 ipsa
1455 1447 1491 1482 A
1509 1448 1569 1481 43.

128 1508 215 1545 pars
243 1502 320 1531 erat
345 1494 405 1531 illa
431 1493 460 1540 f.
509 1495 578 1530 fuit
611 1496 689 1545 ipsa
716 1498 750 1532 F
772 1499 935 1545 quinque.
989 1496 1057 1531 suit
1090 1508 1159 1531 una
1188 1499 1222 1532 E
1232 1507 1284 1543 ps
1307 1501 1453 1543 septeni.
1500 1495 1571 1531 fuit

129 1546 190 1582 ina
214 1545 353 1594 reliqui.
456 1547 542 1581 297.
571 1546 649 1582 Fel.
671 1558 793 1582 amnes
813 1549 862 1583 K.
903 1547 981 1582 Fel.
1010 1545 1148 1582 animos
1179 1548 1210 1581 B
1225 1546 1253 1581 C
1271 1549 1317 1580 22
1332 1549 1378 1581 23
1391 1549 1451 1581 33.
1490 1546 1569 1594 qui-

129 1596 197 1632 bus
222 1596 294 1631 hoc
318 1592 526 1643 EHT9p
551 1607 687 1632 nouem.
732 1596 799 1631 hoc
825 1597 950 1642 (haec)
978 1597 1185 1642 contingere
1212 1592 1318 1631 EA.
1366 1607 1469 1643 cogn.
1497 1595 1571 1644 pri-

129 1658 208 1683 mus
237 1647 287 1682 N.
326 1658 430 1694 cogn.
459 1647 612 1694 primum
645 1643 890 1694 DOHTby
918 1659 991 1682 ma.
1007 1658 1063 1695 pr.
1081 1645 1130 1681 hs
1148 1647 1192 1680 41
1222 1645 1290 1681 duo
1311 1649 1444 1681 ntuetr.
1464 1647 1572 1694 impr.

130 1699 187 1733 Ιο.
215 1694 358 1733 Sarisb.
385 1695 509 1744 policr.
536 1698 577 1743 7,
598 1698 640 1743 83
666 1708 788 1746 puar.
802 1709 871 1733 scr.
913 1709 1018 1742 cogn.
1048 1701 1255 1745 promptum
1282 1707 1304 1743 9
1323 1707 1393 1731 ma.
1409 1707 1479 1732 sec.
1507 1698 1568 1733 23.

179 1747 267 1781 298.
293 1748 369 1789 Ita,
395 1744 534 1789 domus,
560 1746 654 1782 AD.
695 1746 820 1782 domos
847 1748 989 1783 caeteri.
1093 1748 1178 1781 299.
1208 1752 1261 1782 est
1287 1746 1363 1781 illas
1393 1743 1472 1782 ³5¹8
1488 1745 1570 1783 duo.

130 1796 269 1845 pariter
295 1796 503 1843 uicibusque
532 1798 579 1831 D.
630 1796 794 1846 uitiisque
819 1797 1016 1845 (uiciisque
1042 1797 1148 1839 EG)
1177 1796 1335 1845 iocisque
1361 1796 1571 1833 AGEFG

133 1843 219 1882 ΦΓ
216 1843 266 1882 Λ
273 1843 329 1883 Μ
335 1843 379 1881 Ν
390 1843 480 1882 ΟΨ
486 1844 525 1881 Δ
534 1842 571 1881 Σ
577 1844 596 1881 b
606 1845 654 1894 1⁰9
665 1846 792 1896 hmpr
816 1858 913 1883 num.
938 1848 1056 1883 notati,
1082 1845 1253 1883 detractis
1277 1858 1403 1883 nouem-
1428 1851 1461 1882 et
1484 1850 1571 1882 vett.

130 1897 237 1946 impr.
339 1898 426 1933 300.
454 1897 587 1940 Alcius,
615 1896 733 1946 capud
758 1908 790 1933 r.
831 1897 1008 1946 exipuisse
1035 1899 1069 1933 Ε
1087 1909 1161 1933 ma.
1178 1908 1233 1946 pr.
1277 1908 1391 1932 exser.
1421 1896 1570 1945 aliquot.

181 1949 268 1982 301.
306 1945 384 1982 Nec
418 1958 502 1982 uen-
538 1943 650 1984 ME.
688 1950 766 1994 Ita,
793 1953 856 1983 aut
883 1949 969 1993 uin.‚
996 1950 1046 1984 D.
1084 1954 1121 1983 et
1147 1951 1268 1983 uinum
1295 1949 1435 1983 caeteri.
1474 1953 1569 1996 pect.

130 1995 263 2045 frangit
288 1994 370 2042 flor.
392 1998 473 2033 Ber.
575 1999 661 2036 302.
687 1998 762 2041 Sic,
789 1996 1022 2045 Offichnnue,
1049 1997 1114 2044 ΒΓ
1128 2000 1212 2034 820
1229 2009 1313 2042 scm
1340 1999 1378 2033 N
1398 2002 1471 2034 tres
1489 2008 1587 2034 mar.-

131 2058 203 2083 scr.
245 2045 487 2095 officiumque
517 2046 708 2091 (Offitium
736 2049 798 2095 D)
826 2049 968 2084 caeteri.
1014 2049 1233 2096 militiaeque
1261 2045 1383 2084 BGI'
1388 2046 1429 2082 N
1440 2044 1572 2084 ΡΠΣ

130 2095 226 2133 bhm
244 2097 294 2132 40
306 2097 353 2132 41
381 2096 530 2145 aliquot.
568 2098 767 2147 milicieque
786 2101 820 2135 E
834 2096 873 2134 Φ
889 2110 964 2135 mar.
980 2110 1035 2147 pr.
1054 2095 1134 2145 flor.
1153 2098 1271 2135 Berol.
1375 2100 1460 2134 303.
1484 2096 1568 2133 Non

131 2146 202 2183 leu.
230 2143 275 2183 Π
308 2146 420 2195 yloss.
434 2145 494 2183 A.
535 2148 687 2185 ambicio
717 2150 763 2185 G.
805 2161 876 2198 que
903 2149 1016 2197 gloria
1043 2161 1112 2186 om.
1144 2151 1179 2185 D
1205 2161 1280 2186 ma.
1303 2161 1358 2198 pr.
1401 2158 1471 2196 que
1495 2158 1566 2184 om.

131 2199 168 2232 D
190 2208 264 2234 ηια.
283 2209 350 2233 sec.
377 2196 407 2243 f.
452 2197 671 2247 perfusaque
696 2204 845 2247 pectora
877 2199 978 2235 fusco
1006 2196 1052 2236 Σ.
1098 2200 1210 2248 gloria
1245 2201 1346 2235 fusco
1373 2195 1490 2235 EFA
1509 2197 1567 2246 440

131 2247 194 2282 41.
231 2248 322 2297 glor.
341 2259 448 2283 succo
466 2246 497 2293 f.
600 2251 685 2284 304.
713 2249 974 2298 Magnarumue
999 2249 1048 2286 bh
1067 2255 1152 2286 uett.
1168 2252 1272 2299 impr.
1306 2249 1566 2297 Magnarumue

130 2296 232 2332 furor
261 2300 357 2333 320
383 2298 546 2346 quinque.
592 2298 803 2346 Magnarum
834 2312 879 2336 ue
909 2299 1012 2335 furor
1041 2301 1127 2337 ΟΒ.
1174 2300 1270 2336 fame
1302 2298 1379 2335 soli.
1405 2294 1466 2334 A.

181 2348 267 2384 305.
294 2347 486 2384 Adduxere
511 2345 564 2384 A.
611 2348 782 2385 distancia
846 2375 854 2384 .
895 2349 1011 2386 sidera
1038 2353 1141 2387 terris
1174 2353 1209 2387 P
1232 2361 1303 2387 ma.
1320 2359 1375 2397 pr.
1476 2347 1563 2384 306.

131 2396 277 2445 subpos.
305 2395 476 2435 DGFr.
520 2399 752 2448 supposuisse
787 2404 872 2437 tres.
1026 2403 1111 2437 307.
1145 2408 1183 2436 ut
1209 2405 1307 2449 petat
1335 2397 1367 2434 b.
1417 2409 1504 2433 osan
1532 2409 1564 2434 r.

131 2457 229 2483 osam
256 2446 287 2493 f.
326 2448 478 2496 olimpus
505 2447 738 2496 DGEFfr.
843 2452 928 2486 308.
957 2451 1102 2500 Imaque
1127 2451 1199 2500 pel.
1224 2449 1336 2485 A43.
1374 2448 1488 2496 tangit
1515 2444 1564 2484 Γ.

182 2497 268 2532 309.
305 2496 442 2533 caelum
470 2511 537 2535 om.
563 2498 593 2545 f.
636 2500 773 2536 caelum
800 2501 1010 2536 metabimus
1034 2513 1065 2537 s.
1106 2500 1317 2536 metebimur
1341 2496 1372 2543 f.
1415 2497 1564 2533 metibi-

131 2558 212 2582 mur
239 2543 280 2582 (D
304 2558 387 2583 aar.
413 2559 482 2584 scr.
525 2551 791 2587 numerabimus
817 2552 880 2586 40.
930 2551 1179 2587 meditabimur
1209 2549 1319 2585 GDF
1340 2559 1416 2583 ma.
1433 2559 1488 2596 pr.
1514 2549 1565 2583 20

131 2597 296 2645 quinque.
330 2596 579 2635 meditabimur
611 2601 683 2636 istis
712 2597 759 2636 Σ.
809 2607 894 2637 met.
921 2601 993 2636 istis
1017 2613 1065 2637 m.
1177 2601 1262 2635 310.
1299 2597 1345 2634 ad
1372 2611 1436 2634 sua
1461 2598 1563 2647 signa
