1685 2954
136 90 191 133 76
700 109 1019 143 FAs'ronvM

246 203 303 246 Et
330 211 492 260 septem
519 207 660 262 nigras
687 217 827 255 uersat
854 212 894 252 in
924 225 993 253 ore
1021 214 1152 254 fabas.

187 269 389 326 Quodque
418 275 512 327 pice
546 276 745 331 astrinxit,
774 279 882 332 quod
910 293 989 320 acu
1017 282 1179 323 traiecit
1206 282 1322 334 aena,
1495 285 1574 324 575

241 339 443 382 Obsutum
470 355 641 385 maenae
667 350 793 386 torret
820 344 863 386 in
892 347 991 401 igne
1022 356 1157 402 caput.

187 406 296 448 Vina
325 421 487 462 quoque
515 410 695 453 instillat.
734 414 816 453 uini
843 415 1126 469 quodcumque
1154 417 1339 456 relictum
1369 420 1447 468 est,

240 475 328 515 Aut
353 474 457 530 ipsa,
488 485 559 519 aut
580 481 765 533 comites,
794 481 886 533 plus
916 490 1052 523 tamen
1079 484 1169 536 ipsa
1200 484 1308 525 bibit.

183 543 368 584 Hostiles
396 545 560 599 linguas
588 548 829 601 inimicaque
856 548 1061 591 uinximus
1090 563 1172 604 ora,

235 610 348 651 Dicit
374 611 594 655 discedens
625 616 816 668 ebriaque
846 615 933 656 exit
962 630 1076 657 anus.
1180 634 1182 640 ’
1491 620 1571 657 580

180 676 369 718 Protinus
397 693 422 720 a
449 680 567 721 nobis
597 695 704 735 quae
734 683 788 722 sit
818 682 897 722 dea
926 685 1056 736 Muta,
1087 684 1280 737 requires.

233 744 373 798 Disce,
400 760 474 799 per
501 748 692 802 antiquos
717 762 823 802 quae
850 749 947 789 mihi
974 756 1072 789 nota
1099 763 1234 791 senes.

175 810 354 864 Iuppiter
381 813 595 855 immodico
621 818 813 857 Iuturnae
842 822 992 868 captus
1021 829 1157 857 amore

231 881 367 920 Multa
393 883 486 923 tulit
514 889 628 924 tanto
658 897 737 924 non
760 877 960 936 'patienda
991 884 1082 924 deo.

174 946 247 987 Illa
273 948 394 988 modo
420 951 461 990 in
490 950 606 991 siluis
632 952 739 992 inter
768 952 937 991 corileta
965 952 1135 1005 latebat,
1487 955 1568 994 585

229 1015 353 1056 Nunc
377 1017 419 1057 in
448 1024 653 1071 cognatas
684 1018 900 1060 desiliebat
929 1031 1069 1073 aquas.

119 1153 202 1191 fuso
229 1154 286 1194 lic.
307 1153 449 1194 FHm.
471 1157 568 1194 ‘licia
594 1158 703 1194 limbo
733 1159 763 1195 G
778 1170 853 1195 ma.
873 1171 929 1208 pr.
968 1159 1047 1196 licia
1073 1160 1219 1197 blumbo
1240 1160 1286 1196 G.
1328 1159 1406 1196 licia
1434 1159 1568 1196 bumbo

117 1203 161 1241 Γ
184 1203 225 1240 Τ
246 1207 400 1244 52944.
440 1208 520 1244 licia
547 1209 678 1245 bombo
702 1213 795 1255 octo3
823 1211 894 1258 Np
911 1222 994 1247 nur.
1011 1223 1079 1247 scr.
1115 1211 1171 1246 lic.
1194 1209 1345 1245 rhombo
1364 1209 1387 1244 5
1402 1211 1450 1245 29
1467 1214 1568 1246 uter·

115 1265 187 1307 que
218 1269 284 1305 pro
304 1269 386 1294 nar.
405 1270 475 1295 scr.
578 1260 663 1296 574.
692 1260 781 1307 nigr.
809 1267 943 1296 mersat
965 1274 988 1308 9
1008 1273 1087 1298 tear.
1106 1273 1177 1298 scr.
1279 1261 1365 1295 575.
1395 1260 1568 1308 Quotque

116 1309 154 1348 h.
201 1309 348 1357 Quique
379 1309 505 1345 Guar.
527 1321 596 1346 scr.
637 1309 747 1346 adstr.
767 1308 905 1354 Eam
921 1308 1003 1357 Σὶὶ)
1031 1311 1106 1348 alii.
1146 1311 1334 1346 obstrinxit
1352 1313 1396 1346 P.
1435 1311 1567 1346 astrin-

119 1359 176 1408 git
204 1359 372 1396 BGOT
389 1360 473 1395 620
498 1359 580 1396 duo.
622 1361 760 1396 astrixit
786 1356 862 1397 Fr.
902 1362 1053 1398 astruxit
1079 1361 1102 1407 f
1123 1361 1206 1397 duo.
1246 1360 1343 1408 quod
1370 1372 1454 1396 acus
1481 1359 1563 1397 duo.

118 1410 273 1458 tragecit
297 1406 338 1445 Γ
342 1421 374 1446 r.
422 1421 488 1445 acu
523 1410 698 1459 transfixit
728 1410 850 1457 Ilfelrl.
868 1414 902 1447 B
921 1413 996 1448 C'D
1017 1424 1051 1447 m
1068 1414 1129 1459 1²8
1155 1423 1293 1448 nouem.
1346 1422 1413 1447 acu
1447 1418 1565 1446 traus-

118 1460 196 1509 figit
214 1463 275 1496 20.
312 1459 429 1496 ahena
448 1457 516 1496 ΦΣ)
530 1457 592 1496 E?
609 1452 685 1497 αἶὶὶ.
721 1468 789 1497 tra.
806 1469 910 1497 acuta
936 1459 1126 1499 011211541
1143 1473 1221 1498 sex.
1325 1461 1411 1497 576.
1440 1459 1564 1508 Opsu-

118 1518 195 1548 tum
222 1512 271 1546 D.
313 1510 495 1547 obtusum
522 1513 623 1557 8133
651 1514 686 1547 P
708 1523 791 1548 var.
810 1524 880 1549 scr.
923 1511 1065 1549 Obsuto
1091 1517 1128 1549 2.
1169 1511 1372 1548 Obscurum
1399 1512 1562 1559 quinque.

116 1573 269 1598 maenae
294 1562 437 1598 Heinsii
461 1565 514 1597 est
540 1563 757 1610 coniectura,
785 1564 842 1599 cui
865 1565 1023 1611 proximi
1049 1567 1134 1599 sunt
1160 1561 1240 1599 libri
1273 1573 1379 1597 mane
1406 1563 1454 1604 D,
1482 1573 1562 1596 me-

117 1624 188 1649 nae
214 1614 248 1648 Z
269 1610 448 1648 habentes.
486 1611 608 1660 Aeque
631 1624 742 1661 prope
765 1615 947 1661 sagaciter
974 1613 1147 1661 Berykius
1174 1612 1258 1649 dum
1283 1622 1473 1647 versamus
1499 1622 1562 1647 co-

118 1661 230 1699 dicem
255 1661 378 1707 Ilt'eld.
407 1664 443 1698 in
469 1660 688 1708 difficillima
715 1663 790 1699 eius
821 1675 957 1700 rasura
992 1663 1089 1700 mulli
1115 1661 1262 1711 legebat.
1311 1667 1453 1697 mentae
1481 1660 1563 1696 ΑΕ

115 1725 191 1749 mia.
210 1724 266 1761 pr.
283 1709 334 1747 Π
336 1726 347 1759 ;
375 1715 410 1749 Ρ
424 1724 504 1748 uar.
522 1724 591 1748 scr.
648 1721 769 1749 mento
796 1712 845 1749 A
865 1711 902 1748 Σ
918 1726 954 1749 m
972 1726 1045 1750 ina.
1064 1726 1118 1762 pr.
1137 1715 1218 1759 2)6.
1276 1718 1397 1747 menta
1431 1710 1562 1759 reliqui

116 1762 222 1810 libri,
255 1765 364 1800 etiam
388 1762 510 1808 Ilfem.
538 1774 594 1798 we
619 1763 743 1799 iudice.
791 1771 912 1800 menta
939 1770 1084 1813 torquet
1110 1764 1144 1799 in
1171 1765 1216 1799 P.
1263 1761 1381 1811 capud
1408 1764 1454 1798 E.
1499 1773 1560 1796 ca-

144 1826 202 1850 am
228 1815 291 1850 44.
394 1815 479 1849 577.
507 1812 677 1849 instillant
702 1813 720 1849 b
739 1816 901 1862 quinque.
942 1822 995 1850 est
1021 1813 1094 1850 abi.
1117 1813 1200 1850 duo.
1303 1814 1389 1848 579.
1421 1813 1559 1860 lingaus

113 1826 165 1901 ET
205 1876 277 1913 que
302 1876 371 1901 om.
400 1866 444 1900 E.
494 1864 682 1899 uiues-imus
714 1865 752 1901 G.
795 1865 943 1900 uiximus
968 1864 1051 1901 duo.
1093 1865 1254 1901 fleximus
1284 1860 1335 1898 (D.
1380 1863 1558 1898 iunximus

116 1911 264 1952 DHhs
291 1919 446 1963 quatuor
472 1918 505 1950 et
530 1919 615 1950 ΜΗ.
643 1914 696 1950 ed.
736 1915 911 1951 uincimus
937 1914 1108 1952 undecim.
1155 1915 1331 1963 iungimus
1356 1925 1464 1949 uvius.
1505 1912 1559 1948 ui-

117 1966 228 2001 cimus
248 1962 330 2000 ΕΓ
343 1963 433 2001 ΨΑ
451 1976 523 2001 ma.
545 1976 611 2000 sec.
633 1968 667 2001 Τ
682 1965 854 2002 undecim.
892 1966 958 2000 uic.
983 1978 1081 2001 arina
1096 1962 1178 2001 ΕΓ
1188 1969 1279 2001 octo.
1355 1992 1362 2001 s
1380 1965 1466 1999 580.
1493 1962 1558 1998 Di-

117 2023 175 2052 cet
199 2016 235 2052 A
249 2018 285 2052 D
302 2018 336 2053 E
349 2017 382 2051 F
398 2017 431 2052 G
452 2012 492 2050 (Ζ)
515 2015 612 2060 (test.
634 2017 780 2060 Heius.)
796 2014 847 2051 M
861 2013 1072 2052 ΟΠΣΤῙ)
1086 2028 1109 2064 9
1127 2028 1198 2052 ina.
1219 2027 1275 2063 pr.
1296 2026 1320 2063 p
1334 2026 1354 2051 r
1378 2013 1556 2050 tredecim.

114 2067 214 2103 Dixit
246 2064 469 2115 Ψφιαιιιον.
571 2067 658 2101 581.
687 2067 851 2102 Forsitan
866 2068 915 2102 29
926 2069 986 2103 34.
1025 2069 1070 2102 sit
1096 2066 1229 2102 dimota
1256 2077 1332 2114 req.
1361 2074 1554 2112 mmmpr.

115 2118 160 2153 sit
187 2123 324 2152 mutata
351 2129 428 2166 req.
457 2111 499 2151 A
517 2127 589 2152 ma.
611 2128 666 2164 pr.
709 2117 777 2152 dea
804 2124 890 2153 nuta
917 2129 953 2165 p.
994 2118 1144 2166 requiris
1170 2114 1291 2162 EMf
1312 2119 1396 2151 tres.
1436 2113 1555 2164 requi-

115 2180 173 2209 ras
200 2165 239 2203 Γ
249 2166 297 2204 bs
323 2167 431 2204 alius.
535 2168 622 2203 582.
655 2169 755 2203 Vei-s.
783 2169 818 2203 in
844 2179 960 2216 mcii-9.
988 2167 1094 2204 habet
1117 2179 1148 2204 r.
1190 2173 1275 2202 uota
1301 2165 1376 2202 dies
1406 2166 1452 2201 G.

166 2219 254 2254 583.
281 2218 416 2267 lopiter
441 2220 485 2254 Ρ.
524 2217 658 2266 Iupiter
683 2215 914 2254 DEGEbr
941 2218 1016 2255 alii.
1059 2218 1218 2267 luppiter
1245 2216 1385 2252 modico
1412 2217 1449 2251 in
1471 2223 1549 2250 ras.

114 2270 184 2315 ita,
212 2273 253 2306 ui
277 2270 392 2318 possit
415 2267 530 2314 fuisse
555 2267 765 2304 indomitum
786 2267 907 2314 llt'elcl.
959 2268 1137 2305 inmodico
1163 2265 1326 2313 GOEFf.
1378 2263 1550 2301 indomito

114 2317 233 2355 BGui
246 2322 353 2366 1)4)8
375 2321 544 2367 quinque;
571 2321 619 2355 M
636 2331 795 2357 nur-scr.
834 2319 897 2355 iut.
920 2320 1058 2355 uinctus
1078 2316 1267 2355 FNP-ro
1285 2320 1448 2367 φιαιιιον.
1483 2314 1548 2349 iut.

113 2370 255 2405 iunctus
281 2382 387 2406 tinus.
419 2370 490 2419 iut.
520 2376 636 2405 tactus
661 2381 767 2405 istius.
807 2370 870 2404 iut.
901 2370 1016 2405 uictus
1040 2369 1168 2418 reliqui
1185 2369 1355 2416 erceptts,
1382 2375 1469 2413 quos
1490 2375 1549 2400 se-

136 2431 216 2465 nor,
243 2419 364 2464 litem.
396 2420 468 2456 BG
477 2422 556 2456 Dm
576 2422 599 2456 8
618 2419 768 2456 sedecim
777 2433 786 2465 3
822 2417 864 2456 Ψ
879 2420 961 2456 mtr.
981 2431 1050 2456 scr.
1092 2431 1215 2455 amore
1240 2425 1293 2454 est
1318 2415 1349 2462 f.
1389 2426 1547 2450 amorem

110 2432 199 2516 Fon.
227 2468 349 2515 Ilselcl.
376 2469 440 2506 sub
467 2482 543 2507 ras.
646 2472 732 2507 584.
760 2470 939 2520 pacienda
966 2472 1056 2507 EG.
1094 2467 1263 2519 potienda
1290 2479 1326 2502 m
1344 2477 1416 2502 ma.
1438 2476 1493 2512 pr.

160 2519 248 2556 585.
281 2520 359 2555 silu.
389 2521 479 2556 intra
508 2533 530 2570 p
544 2532 625 2557 itur.
642 2533 712 2557 scr.
767 2522 831 2557 int.
861 2522 1021 2557 conlecta
1050 2519 1081 2556 b.
1133 2519 1276 2554 cerileta
1301 2515 1330 2562 s.
1386 2515 1547 2551 coruleta

113 2567 203 2607 Γ2.
243 2569 354 2617 coryl.
382 2569 500 2606 dubito
520 2583 568 2607 an
587 2571 719 2608 nullus.
759 2574 832 2615 Ita,
861 2571 1008 2615 latebat,
1040 2567 1231 2611 (DN‹luo;
1260 2567 1546 2614 GE911<1›·-sct·-

116 2622 312 2669 Vestiyitun
337 2621 413 2656 eius
438 2623 638 2669 scripturae
662 2627 777 2661 restat
804 2625 843 2658 in
868 2621 992 2667 Ilfeld.
1039 2620 1177 2656 iacebat
1202 2617 1328 2666 reliqui
1355 2616 1446 2653 libri.

163 2672 248 2708 586.
276 2670 469 2708 dissiliebat
498 2670 561 2707 bli.
607 2673 792 2710 adsiliebat
818 2671 905 2717 fort.
935 2670 998 2707 sub
1023 2681 1099 2708 ras.
1128 2671 1171 2706 Ε.
