1685 2954
718 76 965 113 ANTIQVARH
1462 81 1571 116 XCIX

118 175 258 212 tonium
285 175 535 226 Gniplionem,
562 185 670 225 quem
696 175 826 213 Cicero
852 176 1008 226 audiuit,
1031 177 1217 229 scripsisse
1241 177 1289 217 de
1311 179 1573 229 significatione

117 237 376 275 uocabulorum
401 236 487 274 iuris
511 237 604 273 sacri
631 235 785 273 maxime
810 237 1020 288 intelligitur
1045 252 1091 278 ex
1106 240 1269 278 Macrob.
1289 243 1326 290 3,
1344 245 1406 291 12,
1427 256 1466 293 p.
1481 246 1569 284 412.

117 300 208 336 Ateii
243 298 414 349 philologi
437 298 682 347 9losse=mata,
717 310 873 347 quorum
899 301 1035 349 primus
1069 302 1160 339 liber
1186 303 1318 340 citatur
1344 304 1443 354 apud
1469 305 1570 345 Fest.

116 372 154 410 p.
172 364 259 409 181,
279 362 327 397 17
338 360 418 404 sin„
440 360 598 408 attigisse
616 372 673 397 res
693 372 814 398 sacras
835 360 942 397 docet
961 362 1091 399 Festus
1111 376 1149 412 p.
1167 366 1255 412 313,
1274 366 1322 401 14
1337 365 1403 405 εἰη.
1439 367 1572 405 Cloatii

116 436 178 459 sex
198 423 266 459 loci
285 422 346 472 qui
366 421 464 472 apud
484 422 633 458 Festum
660 428 799 469 extant,
828 421 874 458 de
892 421 963 458 hoc
982 435 1115 471 genere
1139 431 1225 462 sunt
1250 438 1390 476 omnes,
1417 441 1485 467 nec
1505 430 1570 467 ad-

117 484 265 526 modum
289 484 423 520 similes
451 484 532 528 illis,
560 483 623 533 qui
648 483 716 520 sub
743 483 888 520 nomine
906 483 1041 520 Cloatii
1060 485 1147 522 Veri
1175 489 1311 524 enotati
1337 496 1421 528 sunt
1445 502 1468 528 a
1489 491 1571 529 Ma-

114 546 236 583 crobio
263 553 299 582 et
326 546 461 584 Gellio.
509 546 567 582 De
593 545 669 582 aliis
695 546 930 595 scriptoribus
957 546 1183 584 coniectandi
1209 548 1288 586 finis
1315 551 1434 589 nullus
1459 552 1569 590 soret.

112 607 250 644 Eorum
276 613 422 655 tamen,
456 609 518 658 qui
544 608 693 644 indicati
719 614 828 656 sunt,
863 619 943 644 cum
971 607 1137 658 plerique
1164 621 1186 647 a
1212 611 1324 648 Festo
1351 624 1571 652 commemo-

111 676 253 716 rentur,
281 680 429 706 necesse
455 676 510 706 est
534 671 595 719 qui
614 670 783 706 Verrium
809 669 942 706 excribi
961 669 1007 706 ab
1029 668 1162 707 Ouidio
1190 673 1351 719 potuisse
1377 674 1571 723 existimat,

110 731 272 781 potuisse
298 731 377 768 illos
402 743 550 781 quoque
576 731 757 768 fateatur:
785 743 939 780 quorum
966 731 1026 767 uel
1054 744 1145 768 unus
1171 732 1315 771 suffecit
1340 733 1385 770 ad
1412 737 1571 784 paucula

111 794 172 830 illa
198 793 515 831 subministranda.
569 794 680 831 Certe
705 792 849 829 suffecit
876 792 931 841 is,
968 805 1076 843 quem
1102 795 1263 831 nondum
1290 795 1570 846 nominauimus,

110 855 162 893 M.
194 856 392 892 Terentius
418 855 561 903 Varro,
597 856 635 891 in
666 855 766 891 cuius
799 855 898 891 libris
931 861 1073 892 constat
1108 857 1307 906 perscripta
1341 856 1452 894 fuisse
1477 871 1571 896 non-

110 917 211 954 nulla
238 917 400 954 eiusdem
428 924 537 954 notae
564 930 644 953 cum
680 929 792 966 supra
818 917 944 965 positis
974 918 1104 954 Verrio
1131 924 1169 955 et
1194 917 1329 955 Ouidio
1351 921 1569 966 communia,

109 990 205 1028 quae
235 978 443 1015 annotanda
469 984 553 1015 sunt
579 985 772 1027 antequam
800 977 846 1014 ad
873 978 1041 1027 grauiora
1068 987 1256 1028 pergatur.
1310 979 1384 1018 Ou.
1407 982 1447 1029 4,
1468 982 1569 1020 445:

107 1040 310 1089 vegrandia
338 1040 450 1086 farra
481 1039 618 1077 colonis
646 1041 749 1085 Quae
772 1039 867 1076 ortale
900 1045 1107 1087 creuerunt3
1142 1053 1321 1092 vescaque
1352 1056 1476 1093 parua
1498 1057 1569 1083 uo-

108 1106 206 1139 cant.
225 1123 275 1128 —-
302 1113 365 1138 car
389 1113 461 1138 uon
481 1114 543 1149 09⁰
566 1101 736 1138 Vedtoazs
754 1100 878 1138 aedem
895 1101 1028 1139 Aedem
1054 1115 1128 1140 uon,
1152 1107 1276 1153 magni
1301 1107 1465 1156 suspicer
1492 1119 1569 1144 esse

106 1161 236 1201 Ionis?
260 1163 365 1200 Paul.
385 1176 423 1213 p.
439 1165 527 1212 379,
544 1165 587 1203 4:
618 1163 763 1201 Vescult
788 1163 883 1201 male
913 1166 1031 1202 curati
1055 1170 1090 1201 et
1112 1166 1269 1213 pravitas
1295 1167 1468 1206 homines.
1515 1171 1568 1206 Ve

105 1227 198 1261 enim
225 1224 403 1271 syllabam
426 1227 481 1262 rei
505 1238 648 1275 paruae
671 1225 963 1275 praeponebant,
1001 1225 1096 1262 ande
1124 1228 1291 1265 Veientem
1315 1241 1474 1279 paruum
1500 1233 1569 1269 Ιο-

104 1299 186 1324 uem
212 1292 246 1324 et
269 1287 487 1335 veyrandem
511 1286 642 1334 fabam
666 1289 847 1324 minutam
875 1286 1050 1325 decebant.
1102 1288 1160 1325 Ita
1187 1290 1296 1339 uulgo
1324 1291 1468 1339 legitur.
1520 1292 1570 1329 At

104 1349 142 1386 in
171 1349 295 1386 codice
320 1349 443 1387 Berol.
473 1350 558 1400 (ms.
576 1350 640 1386 lat.
663 1355 736 1386 oct.
763 1362 798 1386 n.
817 1350 883 1395 10)
909 1356 1093 1399 postrema
1118 1352 1190 1388 ita:
1216 1351 1312 1389 ‘tande
1341 1354 1462 1391 Varro
1488 1354 1569 1392 ioue

103 1423 264 1462 pwruum
282 1414 407 1448 Iouem
432 1416 467 1448 et
492 1417 585 1449 caet.
636 1411 670 1448 Is
698 1411 827 1460 codex,
854 1423 921 1461 pro
942 1411 1043 1448 cuius
1061 1412 1248 1462 scripturis
1264 1414 1301 1451 in
1319 1413 1380 1453 ed.
1397 1414 1567 1454 Lindem.

105 1474 181 1510 eius
209 1473 296 1510 editi
321 1474 402 1510 libri
427 1474 630 1523 scripturae
656 1474 822 1511 annotari
849 1473 1045 1521 uidentur,
1078 1474 1179 1510 cuius
1205 1476 1368 1525 margini·
1384 1477 1565 1527 quaedam

104 1547 151 1573 ex
187 1536 312 1572 codice
344 1534 565 1572 Niebulirius
601 1535 842 1584 ascripserat,
878 1535 938 1571 uix
974 1536 1069 1572 enim
1106 1537 1212 1574 tertia
1253 1550 1422 1588 quaeque
1466 1544 1566 1576 recte

104 1603 275 1646 notatur,
313 1609 381 1634 nec
406 1597 494 1634 mihi
521 1597 665 1634 uidetur
690 1608 768 1633 esse
795 1597 941 1633 saeculo
968 1597 1110 1634 decimo
1138 1598 1265 1648 quinto
1297 1599 1499 1648 uetustior,
1529 1606 1567 1637 et

105 1671 195 1696 uere
221 1661 429 1696 aestimatus
467 1665 522 1696 est
556 1671 579 1696 a
603 1658 783 1695 Muellero
819 1659 898 1695 uiro
934 1660 1142 1709 perillustri.
1197 1661 1323 1705 Quare
1347 1660 1467 1698 fateor
1493 1673 1567 1698 non

104 1721 258 1757 multum
293 1734 371 1759 esse
405 1720 637 1757 tribuendum
672 1721 857 1770 insperato
893 1721 946 1758 illi
981 1722 1216 1770 testimonio,
1252 1736 1326 1772 quo
1354 1722 1566 1771 doceamur,

105 1793 213 1832 quem
240 1783 417 1831 intelligat
442 1783 573 1818 Festus
600 1795 637 1831 p.
656 1785 746 1828 372,
769 1785 813 1817 13
835 1782 931 1819 dext.
959 1784 1144 1819 mentione
1168 1782 1269 1820 facta
1295 1784 1476 1833 aliorum,
1503 1785 1566 1835 qui

105 1844 291 1892 uegrande
327 1844 421 1880 male
455 1842 616 1892 grande,
653 1843 712 1878 uel
747 1855 902 1891 paruum
936 1845 1104 1882 dixerint.
1156 1844 1332 1893 Suspicor
1365 1858 1454 1882 uero
1490 1859 1565 1884 non

105 1910 244 1942 tantum
262 1905 417 1941 Paulum
436 1904 722 1950 Berolinensem‚
750 1903 815 1940 sed
835 1905 942 1941 etiam
961 1905 1220 1941 monacensem
1242 1912 1278 1942 et
1297 1906 1561 1957 Guelferbyta-

104 1979 190 2003 num
219 1973 256 2003 et
282 1979 407 2003 omnes
435 1966 674 2015 interpolatos
709 1977 787 2002 esse
822 1966 891 2003 isto
925 1967 961 2003 in
990 1967 1072 2003 loco
1107 1979 1152 2003 ex
1178 1965 1327 2004 Ouidio.
1379 1969 1457 2006 Sed
1483 1982 1561 2007 rem

103 2028 150 2064 ab
177 2027 311 2065 Ouidio
338 2028 377 2075 5,
405 2030 495 2076 280,
523 2030 596 2064 281
624 2027 844 2064 indicatam:
880 2028 958 2065 Aut
982 2041 1091 2078 pemts
1117 2049 1163 2055 ——-
1192 2028 1275 2066 hinc
1300 2031 1388 2079 ipsa
1412 2033 1565 2079 pecunia

103 2088 203 2126 dicta
228 2094 282 2125 est
307 2089 418 2126 habet
435 2090 566 2126 Festus
590 2102 628 2138 p.
643 2091 730 2133 213,
754 2091 821 2126 18:
848 2090 1045 2127 Peculatus
1069 2095 1123 2127 est
1148 2102 1244 2127 mmo
1269 2090 1409 2138 quidem
1436 2091 1563 2139 quale-

102 2162 239 2200 cunque
262 2150 442 2201 publicum
467 2151 622 2198 furtatm,
649 2149 712 2186 sed
736 2149 924 2188 inductum
949 2157 1001 2189 est
1021 2165 1046 2190 a
1066 2164 1205 2203 pecore,
1230 2155 1272 2188 ut
1295 2154 1450 2200 pecunia
1470 2165 1563 2202 quo-

102 2225 168 2262 que
190 2215 289 2262 ipsa,
318 2212 384 2249 cfr.
413 2225 450 2262 p.
467 2214 555 2260 237,
577 2215 622 2247 13
642 2213 710 2249 sin.
746 2212 851 2249 Paul.
880 2226 918 2263 p.
936 2218 999 2262 23,
1017 2217 1063 2263 ὃ,
1092 2215 1156 2261 75,
1178 2217 1238 2250 11.
1291 2213 1399 2257 Quae
1425 2214 1562 2252 Varro-

100 2274 155 2311 nis
181 2279 287 2322 sunt,
325 2274 399 2311 uid.
429 2275 526 2311 Geli.
557 2278 619 2322 11,
637 2278 657 2310 1
686 2281 723 2311 et
751 2275 870 2324 ipsum
896 2274 942 2312 de
970 2276 994 2312 1.
1023 2277 1046 2312 l.
1074 2274 1112 2323 5,
1127 2277 1189 2312 92.
1216 2295 1265 2301 ——
1300 2274 1375 2313 Ou.
1402 2275 1442 2323 4,
1462 2276 1560 2313 791:

99 2336 162 2373 An
191 2336 285 2385 quffll
310 2338 350 2372 in
374 2337 433 2374 his
458 2338 557 2373 uitae
582 2348 695 2374 causa
723 2342 797 2381 cst,
830 2336 919 2374 haec
950 2336 1106 2386 perdidit
1139 2336 1248 2386 eoeul,
1282 2339 1355 2375 His
1385 2348 1485 2375 noua
1517 2335 1561 2385 fit

49 2402 54 2411 '
99 2400 271 2435 cont-unx.
316 2397 421 2438 Paul.
448 2412 486 2448 p.
504 2403 542 2446 2,
561 2398 629 2435 15:
656 2399 767 2447 Aqua
792 2403 826 2434 et
850 2400 927 2446 tyni
951 2403 1028 2435 tam
1054 2399 1220 2436 interdici
1243 2398 1334 2436 solet
1360 2398 1558 2444 damnatis,

101 2471 209 2508 quam
236 2461 465 2509 accipiuntur
490 2465 637 2509 nuptae.
677 2461 795 2496 Varro
819 2460 910 2498 del.
930 2462 954 2497 1,
970 2461 1008 2508 5,
1028 2463 1096 2497 61:
1124 2462 1243 2508 Igitur
1262 2459 1396 2509 duplam
1422 2473 1561 2498 causa

101 2522 334 2559 nascendi
358 2523 453 2571 tynis
479 2527 514 2558 et
539 2534 656 2570 aqua,
681 2521 759 2558 ideo
785 2533 831 2558 ea
855 2522 994 2570 nuptiis
1019 2524 1058 2559 in
1084 2521 1204 2558 limine
1226 2520 1439 2559 adhibentur
1465 2520 1560 2571 quod

104 2585 298 2632 contamytt.
324 2605 374 2611 --
401 2585 509 2633 Quae
534 2584 631 2634 apud
659 2582 834 2620 Ouidium
859 2590 943 2620 sunt
969 2587 1008 2631 2,
1031 2583 1107 2619 519
1132 2595 1206 2621 non
1231 2595 1381 2622 necesse
1407 2589 1462 2621 est
1486 2582 1559 2620 sint

104 2653 127 2679 a
151 2643 278 2683 Verrio
296 2647 438 2697 potius,
465 2645 538 2684 uid.
563 2646 655 2684 Plin.
683 2658 719 2684 n.
747 2645 784 2683 h.
808 2646 871 2695 18,
890 2647 929 2695 7,
955 2644 1047 2697 coll.
1065 2643 1170 2682 Paul.
1193 2657 1233 2695 p.
1248 2647 1287 2695 3,
1309 2647 1375 2695 lo,
1399 2655 1510 2696 quam
1533 2655 1558 2683 a

1148 2706 1187 2743 G
1211 2709 1236 2743 2
1462 2717 1466 2720 ·
