1685 2954
699 35 897 67 PVBLICIS
1376 33 1526 65 CLxxv

76 154 115 192 p.
136 141 229 188 170,
261 138 375 176 seruis
407 147 536 174 coenas
571 135 785 185 apposuisse
816 141 1024 184 matronas,
1059 132 1233 186 quodque
1257 133 1356 185 apud
1381 133 1528 184 Lydum

73 202 123 239 de
156 213 270 238 mens.
299 203 338 247 3,
360 198 407 235 15
432 210 471 247 p.
495 197 568 232 114
594 196 733 233 uerbis:
773 190 829 232 δι’
853 191 991 245 Ἄρεος
1025 193 1145 245 τιμὴν
1176 190 1414 238 δουλεύουσι
1440 198 1528 243 τοῖς

74 258 216 313 ἄρρεσι
241 262 319 299 τῶν
339 256 500 296 οἰκετῶν
521 253 589 294 διὰ
610 253 683 306 τὴν
706 254 913 306 κρείττονα
934 253 1056 307 φύσιν
1075 266 1111 295 et
1133 260 1405 309 comparatione
1427 259 1526 297 sacta

73 338 157 362 cuin
182 312 458 368 Saturnalibus,
494 320 555 355 ubi
590 321 674 363 τοῖς
707 314 860 355 ἑαυτῶν
895 314 1058 363 δούλοις
1093 315 1306 358 ἐδούλευον
1331 315 1442 366 ὅπως
1466 317 1526 371 μὴ

74 389 166 432 ταῖς
200 379 413 432 ἀληθείαις
446 375 665 429 νεμεσητόν
703 393 740 417 τι
778 376 984 425 παθόντες
1020 379 1075 424 εἰς
1109 379 1292 419 δουλείαν
1324 380 1526 430 πολεμίων

74 441 373 490 καταπὲσωσιν,
407 444 457 480 ita
482 442 688 492 profertur,
725 448 763 479 ut
788 442 996 481 indoctioris
1023 444 1134 494 paulo
1161 445 1385 494 grammatici
1410 445 1527 482 inter-

73 507 228 561 pretatio
250 505 344 543 sacri
369 505 461 541 illius
489 517 556 554 pro
578 505 696 542 uernis
724 504 809 542 olim
834 505 923 543 facti
942 505 1120 543 uideatur.
1166 506 1248 543 Alio
1274 505 1384 543 modo
1410 519 1433 544 a
1460 518 1525 545 ue-

72 573 138 609 teri
163 581 266 607 sacro
290 566 428 618 pendet
454 566 554 617 quod
581 569 676 604 Acro
704 573 741 604 et
764 567 881 606 schol.
910 568 1026 617 Cruq.
1055 567 1100 604 ad
1128 569 1218 606 Hor.
1247 579 1359 604 carm.
1386 571 1425 616 3,
1440 571 1480 617 8,
1500 572 1522 606 1

70 632 238 670 tradunt:
264 629 447 667 Kalendis
465 631 623 667 Martiis
641 630 880 667 Mati-unalia
898 629 1106 667 dicebantur
1131 641 1170 667 eo
1197 628 1290 678 quod
1308 631 1433 666 mariti
1457 642 1526 679 pro

69 694 339 731 emiseruatiune
374 694 532 740 coniuyii
564 691 830 741 supplicabant.
888 692 946 729 De
982 691 1202 729 munusculis
1235 702 1280 727 eo
1316 690 1377 728 die
1411 692 1526 729 missis

68 756 154 794 uide
178 756 409 804 Hartungum
439 757 477 802 2,
502 754 564 790 65.
626 754 684 790 De
718 749 879 803 γλυκέσι
907 748 1068 802 πόμασί
1090 764 1133 790 τε
1158 748 1226 788 καὶ
1253 749 1397 797 σιτίοις
1429 766 1526 804 quae

68 817 194 867 Lydus
220 815 331 853 tradit
355 817 393 860 4,
420 818 470 852 20
498 828 534 865 p.
553 817 648 863 186,
675 815 823 862 dubito,
859 822 978 852 utrum
1012 815 1059 852 ad
1086 814 1304 851 Matronalia
1329 815 1525 864 posteriori

68 880 262 917 mulieroso
290 884 455 927 tempore
482 889 554 913 non
579 879 696 913 minus
723 877 770 913 ad
788 876 1041 913 Kalendarum
1063 875 1225 923 Ianuar„
1253 888 1362 926 quam
1389 877 1436 914 ad
1453 877 1525 929 Sa-

69 939 307 979 turnaliorum
333 938 427 985 (uid.
456 939 487 975 F
491 939 612 988 oggin.
640 950 678 988 p.
693 940 772 985 22),
801 944 840 974 ut
869 938 1023 983 uidetur,
1053 938 1262 987 exemplum
1289 939 1448 987 exculta,
1476 952 1525 976 an

68 1003 116 1042 ad
149 1003 260 1041 ferias
293 1001 457 1038 Lucinae
491 1001 717 1049 pertineant,
762 999 808 1036 de
844 1012 998 1049 quarum
1039 999 1281 1049 peculiaribus
1323 1000 1524 1038 cerimoniis

68 1066 116 1103 ab
149 1063 286 1102 Ouidio
320 1074 358 1099 u.
379 1062 608 1097 253—258
643 1062 933 1099 commemoratis
966 1058 1116 1097 alteram
1155 1074 1266 1111 supra
1300 1063 1524 1111 attingebam

66 1139 106 1177 p.
125 1135 296 1171 cxxvn,
324 1123 475 1159 alteram
502 1123 629 1160 astruit
645 1123 794 1160 Seruius
822 1123 868 1160 ad
891 1128 980 1159 Aen.
1003 1123 1149 1169 4‚518:
1177 1125 1332 1160 Iunonis
1357 1126 1524 1161 Lucinae

65 1199 177 1225 sacra
201 1197 273 1224 non
297 1184 378 1221 licet
404 1183 569 1221 accedere
601 1186 674 1221 nisi
705 1185 836 1222 solutis
867 1183 984 1222 nodis.
1036 1185 1185 1234 Templi
1211 1191 1398 1221 auctorem
1423 1185 1454 1221 F
1457 1197 1524 1235 og-

66 1250 183 1300 ginius
217 1249 254 1284 in
290 1245 374 1284 add.
403 1246 524 1282 alteris
551 1247 694 1283 coniicit
718 1246 830 1283 fuisse
855 1246 908 1282 M.
936 1246 1104 1282 Albinum
1133 1247 1215 1283 trib.
1245 1247 1336 1294 mil„
1370 1246 1455 1286 Liu.
1482 1249 1522 1295 6,

66 1314 129 1348 30.
181 1309 307 1346 Ferias
340 1308 503 1358 publicas
538 1315 690 1359 propter
721 1309 849 1345 initum
886 1308 932 1344 ab
958 1308 1122 1357 Augusto
1149 1309 1400 1358 pontificatum
1426 1321 1521 1345 max.

66 1371 223 1410 Ouidius
242 1373 281 1418 3,
300 1371 515 1407 415—428
534 1371 706 1407 celebrat.
746 1371 785 1407 In
812 1370 852 1406 iis
873 1370 1034 1406 uersibus
1058 1383 1191 1420 prauas
1217 1372 1413 1421 scripturas
1432 1370 1522 1408 duas

65 1433 290 1484 potissimum
317 1433 454 1481 expuli,
485 1445 522 1468 u.
540 1434 614 1468 418
645 1434 808 1476 Cratera,
836 1432 921 1482 quia
947 1432 978 1468 si
1004 1432 1034 1468 is
1059 1433 1147 1482 poni
1172 1433 1340 1469 iubeatur
1366 1434 1402 1468 in
1430 1433 1523 1470 aede

64 1495 225 1543 Vestae,
252 1494 428 1531 absonum
455 1494 524 1531 hoc
551 1501 629 1542 est,
658 1496 711 1531 sin
739 1495 774 1531 in
800 1494 950 1544 priuatis
978 1494 1119 1544 epulis,
1148 1506 1265 1544 aeque
1292 1495 1386 1531 bene
1411 1494 1520 1532 codd.

66 1556 256 1593 meliorum
282 1557 501 1604 auctoritas,
539 1555 637 1605 quod
663 1555 820 1605 probum
857 1557 1007 1593 uerbum
1035 1556 1173 1604 Virgilii
1199 1562 1237 1592 et
1262 1555 1385 1593 Ouidii
1409 1556 1522 1606 ipsius

67 1625 149 1665 est,
184 1617 355 1654 conuenit
389 1618 494 1654 titulo
530 1618 706 1654 fastorum
741 1617 894 1655 Praen.:
932 1616 1520 1668 pOPVLVS.CORONATVS.

66 1678 335 1715 FERIATVS.
386 1678 512 1715 Ludos
545 1679 769 1729 pontificales
799 1679 869 1716 hoc
901 1680 960 1716 die
995 1680 1188 1730 quotannis
1223 1679 1339 1716 editos
1371 1681 1417 1717 ab
1442 1681 1523 1717 Au-

68 1745 174 1790 gusto
201 1739 344 1789 putauit
363 1739 560 1788 Fogginius
586 1752 625 1788 p.
646 1742 709 1775 23.
745 1741 883 1789 Turpis
909 1741 1141 1790 interpolatio
1167 1740 1349 1778 insederat
1375 1753 1522 1778 uersum

67 1803 158 1849 423,
185 1802 263 1838 sine
289 1800 399 1837 dubio
427 1812 471 1836 ex
498 1800 612 1850 Prop.
639 1803 676 1846 5,
696 1802 734 1849 4,
751 1803 800 1837 69
828 1802 962 1851 petita:
995 1803 1025 1838 si
1051 1802 1131 1851 quis
1159 1813 1245 1850 ergo
1273 1802 1365 1839 ullus
1393 1814 1521 1839 eorum

67 1863 258 1909 librorum,
286 1863 348 1912 qui
374 1862 472 1899 illam
491 1861 738 1912 suppeditant,
766 1869 930 1899 uetustus
949 1869 1014 1907 est,
1042 1875 1110 1899 nec
1130 1862 1297 1900 Politiani
1313 1864 1522 1901 coniectura

66 1923 203 1974 placuit
227 1922 438 1973 Naugerio,
474 1936 546 1960 non
580 1924 723 1974 ignotus
749 1924 819 1961 fuit
844 1924 1056 1975 Propertius
1083 1932 1167 1961 ante
1192 1924 1418 1974 Pontanum3
1454 1925 1521 1963 sed

66 1985 177 2023 credo
203 1985 391 2022 Heinsium
418 1985 465 2022 de
491 1985 616 2022 codice
640 1986 759 2036 Vrsini
785 1986 916 2022 salsum
944 1998 1034 2024 esse.
1089 1986 1294 2024 Offensioni
1318 1987 1441 2025 fuerat
1465 1988 1520 2025 in-

20 2073 28 2079 ,
65 2047 282 2097 terpolatori
309 2053 347 2084 et
371 2048 536 2094 Heinsio,
564 2047 662 2097 quod
688 2054 836 2098 praeter
859 2048 1022 2096 Vestam,
1049 2061 1157 2098 quam
1185 2050 1220 2085 T
1224 2050 1360 2087 roicam
1387 2050 1520 2087 dictam

63 2109 275 2158 saepissime
299 2108 369 2145 loci
396 2108 696 2146 demonstrabunt
722 2121 745 2146 a
771 2109 964 2147 Clausenio
991 2123 1030 2161 p.
1052 2113 1125 2148 923
1153 2123 1239 2148 ann.
1261 2114 1359 2148 1110
1384 2112 1520 2162 plenis-

41 2170 152 2210 ⁷sime
178 2170 333 2219 collecti,
361 2171 468 2208 etiam
493 2171 698 2208 Palladium
725 2172 900 2211 innuitur.
952 2172 1150 2222 Postquam
1178 2174 1274 2210 enim
1300 2186 1404 2211 sacer
1428 2174 1520 2224 ignis

63 2231 182 2269 altero
208 2243 333 2270 mense
366 2239 450 2282 post
484 2240 672 2282 acceptum
699 2234 949 2283 pontificatum
977 2248 1071 2271 max.
1099 2236 1145 2272 ab
1174 2237 1336 2285 Augusto
1363 2236 1518 2273 transla-

62 2298 122 2329 tus
147 2300 202 2330 est
229 2294 265 2330 in
292 2295 481 2343 palatium,
510 2296 639 2332 restitit
666 2302 786 2332 tamen
814 2298 922 2333 etiam
950 2310 1030 2333 cum
1050 2297 1213 2334 Palladio
1238 2310 1310 2334 non
1341 2298 1517 2334 translato

61 2354 98 2391 in
123 2356 239 2391 ueteri
265 2356 371 2403 aede,
400 2358 451 2392 uti
482 2351 626 2406 pra‘eter
652 2358 771 2394 locum
799 2358 922 2395 Ouidii
948 2361 1039 2395 trist.
1061 2362 1099 2406 3,
1121 2361 1220 2407 1,29
1246 2359 1354 2396 docet
1378 2360 1518 2408 Diony-

62 2416 133 2452 sius
152 2417 235 2454 Hal.
255 2421 291 2465 l,
310 2419 378 2455 69:
406 2416 473 2454 καὶ
500 2414 545 2455 τὸ
571 2416 879 2467 μεμυθευμένον
899 2415 1152 2469 Παλλάδιον,
1181 2417 1202 2457 ὅ
1229 2432 1332 2471 φασι
1359 2417 1433 2465 τὰς
1460 2417 1517 2459 ἴε-

64 2473 137 2525 ρᾶς
163 2474 381 2528 φυλάττειν
408 2476 642 2530 παρθένους
670 2478 709 2516 ἐν
744 2482 828 2533 ναῷ
856 2479 1033 2530 κείμενον
1055 2477 1210 2531 Ἑςιάς,
1243 2477 1347 2520 ἔνθα
1373 2481 1440 2520 καὶ
1469 2480 1514 2520 τὸ

63 2533 273 2577 ἀθάνατον
300 2537 538 2588 διασώζεται
565 2540 646 2590 πῦρ
673 2562 742 2590 -,
779 2544 862 2580 coll.
890 2548 930 2590 2,
951 2545 1015 2592 66,
1048 2557 1128 2582 cum
1157 2546 1408 2595 pontificatum
1439 2546 1517 2580 Au-

63 2600 156 2649 gusti
187 2602 365 2652 significet
397 2607 434 2652 1,
461 2605 523 2648 70,
550 2616 586 2662 p.
614 2606 701 2651 177,
730 2603 754 2641 l.
780 2607 935 2643 7-10,
1005 2606 1138 2644 Vestae
1173 2620 1260 2657 ergo
1291 2606 1387 2657 prid.
1416 2606 1513 2642 Non.
