1685 2954
610 144 665 172 DE
695 144 878 173 AEDlssvs
911 145 1054 175 sAcms
1389 145 1555 174 cxxxul

110 255 188 280 cam
216 244 324 293 (quas
343 254 400 280 res
424 241 491 279 sibi
512 241 666 291 opponit
689 242 796 280 etiam
815 244 852 287 4,
873 243 935 291 15,
964 245 1023 281 ubi
1044 243 1090 282 de
1111 242 1286 290 Procilio)
1307 250 1461 294 spectet,
1488 256 1553 294 pe-

109 305 252 341 cuniam
278 303 502 350 decreuisse;
538 303 588 338 ita
614 302 760 340 demum
795 303 890 341 salse
926 306 1156 355 responderit
1182 303 1320 343 Atticus
1345 317 1553 343 ”nomuncu-

108 369 186 402 tuin
213 376 452 402 marmoreum
479 363 566 401 nihil
593 374 673 402 esse
697 364 950 414 profuturum,
987 366 1047 402 ubi
1079 378 1206 403 succus
1231 371 1264 403 et
1287 368 1437 416 sanquis
1462 367 1553 403 ciui-

107 429 198 464 tatis
223 429 379 465 amissus
403 426 460 462 sit.
513 425 697 470 Quoniam
724 438 812 462 uero
840 427 960 462 uillam
987 426 1192 476 publicam,
1227 440 1325 478 quae
1348 440 1419 464 non
1445 426 1553 476 longe

105 500 128 525 a
155 488 338 538 Capitolio
363 485 451 531 suit,
477 487 588 535 septis
614 485 821 522 adiunctum
850 487 893 523 iri
919 486 1068 531 dicitur,
1096 499 1169 523 non
1196 495 1250 524 est
1276 489 1430 536 mirum,
1457 488 1486 525 si
1510 488 1552 524 iis

103 548 314 600 ampliandis
339 546 456 584 solum
482 547 551 593 (ita
578 548 686 594 enim,
712 548 771 584 uel
794 560 934 596 aream,
961 549 1046 598 quia
1071 549 1154 584 boni
1175 549 1314 586 codices
1340 561 1462 586 comtm
1486 547 1551 584 ha-

104 611 191 648 bent
214 622 281 660 pro
306 607 413 656 foro,
448 607 640 657 legendum
668 608 829 655 uidetur)
866 622 980 658 usque
1012 609 1090 645 sere
1117 609 1164 645 ad
1191 618 1350 647 montem
1378 610 1552 652 Quirina-

100 671 171 708 lem
197 677 234 707 et
259 671 397 707 Atrium
423 669 617 706 Libertatis
644 669 879 707 coemendum
906 671 1063 707 Senatus
1096 670 1266 707 decreuit.
1320 670 1430 713 Quod
1459 683 1550 719 quo-

99 731 218 768 minus
244 731 304 766 uel
330 730 535 780 perfectum
562 737 650 767 tunc
684 737 856 780 putetur,
893 744 965 768 non
999 731 1196 782 impedient
1223 731 1388 780 uestigia,
1424 730 1453 766 si
1478 741 1550 778 qua

99 799 226 829 extant
244 791 441 842 Septorum
470 798 555 842 post
581 791 786 828 incendium
806 792 894 828 Tito
920 793 1152 843 imperatore,
1180 792 1252 829 uid.
1274 792 1383 830 Dion.
1401 792 1465 837 66,
1486 791 1550 837 24,

100 853 170 890 alio
198 854 278 890 loco
306 854 567 890 restitutorum.
621 854 806 889 Hactenus
841 852 889 889 de
923 865 968 890 eo
995 855 1094 891 Atrio
1118 854 1335 899 Libertatis,
1371 850 1468 901 quod
1503 851 1550 888 ab

99 913 235 952 Ouidio
260 915 359 950 innui
385 914 574 964 probabile
599 921 667 951 est.
720 915 896 962 Alterum,
923 914 1022 964 quod
1048 916 1094 951 ab
1121 916 1240 952 Asinio
1266 914 1433 951 Pollione
1461 924 1548 949 con-

97 975 212 1012 ditum
246 975 351 1012 Suet.
391 978 482 1025 Aug.
511 979 562 1015 29
596 974 728 1022 tradit,
769 973 931 1010 additum
966 975 1129 1013 fortassis
1165 975 1246 1012 aedi
1279 975 1475 1012 Libertatis
1510 974 1548 1010 in

99 1037 281 1074 Auentino
317 1037 363 1072 ab
389 1042 552 1086 Augusto
585 1036 793 1081 restitutae,
833 1047 877 1072 eo
913 1037 1058 1074 nomine
1091 1036 1445 1074 commemorandum
1479 1041 1549 1084 est,

98 1098 197 1148 quod
224 1099 300 1134 eius
325 1104 492 1146 respectu
519 1096 671 1133 Ouidius
699 1098 813 1146 coepit
840 1109 934 1134 uers.
955 1099 1030 1135 624
1055 1098 1185 1135 dixisse
1211 1097 1368 1135 uidetur.
1412 1097 1547 1134 Parum

96 1157 251 1195 dilucide
277 1157 324 1193 de
351 1169 395 1193 eo
422 1157 612 1194 annotauit
636 1158 889 1195 Thorbeckius
920 1157 966 1195 de
992 1160 1088 1196 Asin.
1117 1160 1210 1197 Poll.
1239 1172 1278 1209 p.
1295 1160 1476 1196 39—41.

194 1218 336 1255 Aedis
362 1218 526 1255 Bonae
560 1218 680 1256 deae
715 1218 894 1256 dedicatio
920 1219 982 1256 ΚΡ
1008 1219 1097 1256 Mai.
1124 1227 1161 1257 et
1186 1226 1354 1257 auctores
1379 1219 1546 1257 indican-

94 1288 154 1320 tur
179 1281 225 1318 ab
251 1280 397 1318 Ouidio.
460 1280 777 1317 Commemoratur
814 1281 922 1317 etiam
955 1281 991 1316 in
1025 1281 1143 1317 Clodii
1178 1281 1340 1318 facinore
1373 1292 1395 1316 a
1430 1280 1545 1319 schol.

93 1342 255 1380 quenal.
281 1344 318 1389 6,
344 1342 419 1377 337
444 1348 481 1377 et
506 1341 601 1377 Liuii
628 1342 713 1391 epit.
741 1342 805 1378 lib.
834 1344 920 1379 103.
972 1342 1029 1379 De
1054 1342 1160 1379 Liuia
1187 1341 1382 1379 admodum
1407 1342 1546 1380 incerta

93 1417 152 1442 res
177 1410 248 1441 est:
276 1414 395 1452 neque
421 1403 516 1439 enim
541 1402 628 1439 illud
656 1398 873 1451 τεμένισμα
899 1415 978 1440 esse
1004 1409 1109 1453 puto,
1137 1403 1236 1453 quod
1263 1403 1362 1453 apud
1387 1403 1544 1441 Dionem

93 1466 157 1514 55,
181 1468 206 1502 8
231 1465 374 1501 Liuium
401 1464 622 1514 appellatur.
672 1464 805 1514 Neque
835 1465 872 1501 in
906 1472 1141 1502 monumento
1166 1466 1358 1514 Ancyrano
1392 1464 1440 1501 de
1466 1465 1543 1502 eius

93 1528 319 1565 restitutione
347 1525 430 1562 uiuo
455 1526 619 1575 Augusto
647 1526 802 1563 traditur
817 1553 828 1571 ,
853 1537 972 1575 neque
996 1532 1081 1575 post
1106 1528 1181 1563 eius
1208 1531 1362 1562 mortem
1389 1527 1418 1562 si
1443 1525 1542 1563 facta

94 1587 235 1635 fuisset,
259 1587 306 1624 de
331 1598 375 1623 ea
400 1599 439 1624 re
457 1586 628 1624 Ouidium
655 1587 812 1624 scribere
838 1588 999 1637 potuisse
1024 1588 1201 1627 existimo,
1254 1587 1313 1624 De
1338 1587 1419 1624 loco
1445 1587 1543 1624 utili-

95 1656 154 1687 ter
177 1649 374 1698 disputauit
396 1648 546 1686 Bunsen
573 1648 689 1687 deser.
716 1649 804 1687 Vrb.
833 1652 871 1698 3,
895 1653 932 1697 1,
960 1661 997 1698 p.
1012 1649 1244 1687 407—409.
1297 1648 1395 1686 Nihil
1420 1649 1540 1687 habeo

94 1710 193 1761 quod
218 1709 363 1747 addam.

196 1771 359 1808 Martis
385 1771 568 1808 Vltoris
595 1772 819 1821 templum
846 1771 1050 1809 dedicatum
1075 1772 1141 1808 1111
1167 1770 1220 1809 Id.
1246 1771 1333 1808 Mai.
1361 1776 1539 1809 testantur

94 1833 250 1872 Ouidius
274 1840 311 1870 et
335 1832 418 1869 fasti
443 1832 641 1869 Maffeani:
679 1844 795 1868 annus
831 1839 910 1868 erat
936 1833 982 1868 ab
1008 1833 1055 1869 V.
1084 1833 1128 1869 C.
1155 1835 1244 1881 752,
1273 1833 1324 1869 uti
1347 1844 1458 1882 supra
1483 1832 1538 1869 di-

93 1902 190 1932 ctum
212 1900 283 1941 est,
306 1907 343 1944 p.
361 1906 423 1931 lv.
464 1894 597 1931 Votum
623 1892 744 1930 suerat
770 1893 864 1930 bello
883 1892 1104 1942 Philippensi
1131 1899 1223 1930 teste
1243 1893 1349 1930 Suet.
1366 1896 1457 1943 Aug.
1471 1896 1534 1931 29.

92 1955 282 1992 Aedificari
308 1967 380 1991 non
408 1961 462 1992 est
488 1962 657 2004 coeptum
683 1961 768 1990 ante
793 1966 926 1990 annum
951 1956 1050 2002 734,
1074 1961 1244 1991 narrante
1268 1953 1386 1992 Dione
1412 1956 1476 2003 54,
1494 1957 1535 2003 8,

91 2015 227 2053 frustra
260 2015 337 2052 eius
372 2015 481 2053 fidem
516 2017 684 2052 eleuante
708 2015 856 2051 Sachsio
892 2019 933 2063 2,
959 2028 997 2065 p.
1012 2017 1073 2052 94.
1134 2016 1228 2052 Eum
1254 2015 1380 2052 Dionis
1413 2015 1534 2052 locum

89 2078 228 2128 primus
254 2077 460 2114 emendauit
478 2078 669 2114 Massonus
692 2077 728 2112 in
755 2077 828 2113 uita
855 2076 976 2114 Ouidii
1001 2089 1039 2126 p.
1060 2079 1147 2125 109,
1173 2089 1282 2127 quam
1308 2076 1534 2114 emendatio-

89 2150 175 2176 nem
207 2151 287 2174 cum
320 2139 487 2188 plerique
523 2138 620 2175 docti
651 2137 813 2175 homines
844 2139 1103 2188 probauerint,
1143 2137 1215 2174 uid.
1252 2144 1377 2176 annot.
1407 2139 1532 2175 Sturz.

91 2203 169 2245 t.2‚
194 2213 231 2250 p.
247 2201 320 2236 104
336 2213 404 2250 sq„
429 2200 646 2250 improbauit
671 2199 835 2238 Bunsen.
862 2199 979 2237 deser.
1004 2199 1093 2236 Vrb.
1119 2202 1157 2247 3,
1180 2203 1216 2247 1,
1244 2212 1282 2249 p.
1298 2201 1360 2238 40.
1411 2200 1531 2237 Locus

90 2267 129 2299 et
152 2262 232 2311 ipsa
255 2260 374 2298 forma
399 2262 524 2312 templi
549 2261 740 2311 perspicue
757 2261 954 2298 secundum
979 2251 1176 2308 luculenta,
1204 2272 1302 2309 quae
1321 2266 1530 2310 supersunt,

89 2323 241 2372 uestigia
274 2322 444 2360 definitur
474 2335 498 2359 a
524 2323 663 2360 Canina
689 2335 729 2373 p.
744 2325 817 2360 107
836 2335 928 2373 seq„
961 2322 1121 2359 Bunsen.
1152 2333 1237 2358 ann.
1264 2322 1300 2366 9,
1326 2334 1363 2370 p.
1378 2323 1428 2357 20
1451 2333 1529 2371 seq.

90 2383 291 2436 Descriptio
319 2390 441 2421 tamen
467 2382 648 2432 Ouidiana
675 2387 714 2432 3,
734 2384 956 2422 553-569
984 2385 1182 2432 interprete
1217 2382 1274 2418 hic
1307 2383 1378 2418 illic
1411 2381 1531 2419 adhuc

91 2444 236 2496 indiget.
280 2448 464 2495 Giyantea
485 2450 638 2496 tropaea·
665 2446 845 2482 uers 555
863 2446 1017 2482 sortasse
1044 2443 1235 2481 reserenda
1259 2451 1344 2480 sunt
1369 2443 1415 2481 ad
1439 2445 1530 2481 ima-

93 2505 208 2554 ginem
232 2508 267 2544 in
292 2507 424 2558 fastigii
449 2507 571 2544 fronte
596 2508 823 2556 insculptam.
881 2507 1039 2544 Proximi
1075 2506 1206 2552 uersus}
1231 2505 1419 2542 commode
1444 2506 1526 2542 illu-

93 2571 250 2605 strantur
271 2569 438 2607 Suetonii
461 2569 580 2606 uerbis
601 2570 671 2606 loc.
693 2568 786 2605 ind.:
829 2570 984 2612 Sanxit,
1013 2571 1054 2602 ut
1079 2566 1121 2603 de
1144 2566 1243 2603 bellis
1268 2566 1528 2616 triumphisque

92 2625 152 2664 llic
171 2630 404 2669 consuleretur
418 2627 582 2676 senatus,
607 2633 734 2680 quique
749 2632 901 2667 uictores
916 2627 1103 2676 redissent,
1129 2627 1198 2664 huc
1214 2627 1371 2675 insignia
1397 2627 1528 2667 trium-

92 2687 244 2739 phorum
266 2692 452 2738 inferrent.
506 2693 581 2737 Qui
606 2693 654 2730 dii
687 2704 829 2730 summa
855 2695 1009 2728 tenentes
1035 2702 1070 2726 u.
1090 2689 1163 2726 560
1196 2687 1418 2736 intelligendi
1442 2686 1526 2733 sint,
