1685 2954
190 113 276 158 222
752 126 1067 159 Fas‘ronvn

300 227 548 269 Distuleram
571 232 710 280 partes
734 239 878 269 mense
905 230 1036 282 priore
1064 234 1172 271 tuas.

244 295 392 347 Incipis
420 295 568 347 Aprili,
607 296 758 336 transis
792 295 833 336 in
868 302 1050 349 tempora
1079 297 1201 337 Maii:
1551 303 1629 341 185

299 363 415 402 Alter
443 368 487 403 te
513 362 691 417 fugiens,
718 375 811 404 cum
840 365 966 417 uenit,
995 366 1096 405 alter
1123 365 1260 405 habet.

242 430 347 472 Cum
378 435 449 469 tua
475 430 557 474 sint
585 430 818 485 cedantque
847 433 921 472 tibi
950 432 1125 473 confinia
1147 444 1344 485 mensum,

299 497 507 538 Conuenit
537 496 578 537 in
609 498 752 539 laudes
781 500 847 540 ille
876 501 944 541 uel
972 501 1039 540 ille
1067 506 1172 541 tuas.

239 565 385 607 Circus
412 563 454 604 in
481 564 592 605 hunc
620 566 706 606 exit
733 567 989 621 clamataque
1019 569 1152 620 palma
1181 569 1370 609 theatris:

291 634 384 674 Hoc
412 644 573 686 quoque
602 645 694 674 cum
721 634 820 674 circi
847 647 1017 674 munere
1047 635 1217 676 carmen'
1241 641 1320 675 eat.
1550 642 1629 677 190

236 701 332 755 Ipsa
360 700 476 752 doce,
507 712 612 752 quae
640 699 711 740 sis.
747 701 951 740 hominum
980 701 1187 741 sententia
1215 702 1351 754 fallax,

291 766 456 820 Optima
481 771 525 806 tu
552 764 701 819 proprii
728 765 901 807 nominis
931 773 1073 807 auctor
1102 768 1193 808 eris.
1683 799 1685 842 1

235 835 308 876 Sic
336 847 429 888 ego.
468 834 531 873 sic
558 831 710 873 nostris
739 834 951 886 respondit
982 834 1076 875 diua
1104 836 1281 889 rogatis:

289 903 395 942 Dum
423 901 610 954 loquitur,
636 912 786 940 uernas
817 901 930 941 efssat
959 903 1011 943 ab
1037 915 1107 943 ore
1135 915 1264 943 rosas.

234 970 397 1012 Chloris
428 981 550 1020 eram,
581 980 687 1021 quae
715 968 838 1008 Flora
866 981 1001 1010 uocor.
1044 977 1233 1023 corrupta
1261 969 1386 1011 latino
1546 976 1624 1013 195

285 1035 474 1077 Nominis
501 1042 567 1075 est
594 1034 724 1076 nostri
748 1035 883 1077 littera
911 1049 1066 1091 graeca
1094 1051 1209 1078 sono.

232 1104 394 1147 Chloris
424 1116 547 1155 eram,
575 1103 753 1156 nymphe
782 1104 916 1156 campi
943 1104 1090 1158 felicis,
1121 1104 1189 1146 ubi
1219 1104 1340 1146 audis

289 1173 396 1213 Rem
424 1170 640 1212 fortunatis
668 1176 765 1211 ante
792 1170 924 1213 fuisse
953 1173 1062 1213 uiris.

232 1237 352 1291 Quae
380 1237 502 1280 fuerit
528 1238 626 1280 mihi
653 1238 793 1292 forma,
821 1251 950 1293 graue
979 1244 1046 1280 est
1073 1248 1234 1279 narrare
1262 1238 1498 1281 modestae:

226 1340 312 1376 184.
340 1338 433 1375 Dist.
451 1336 577 1374 laudes
602 1341 688 1374 tres.
792 1338 878 1373 185.
907 1337 1031 1387 aprilis
1055 1336 1088 1373 b.
1130 1337 1333 1386 transisque
1359 1338 1561 1387 intempora
1577 1341 1623 1377 E.

172 1390 210 1429 in
237 1390 381 1427 nomina
399 1391 435 1426 D
454 1388 536 1425 duo.
576 1388 646 1424 mai
670 1385 970 1436 Emaqnszr.
1010 1387 1131 1425 Gloss.
1159 1388 1194 1423 in
1222 1388 1338 1433 nom.]
1367 1390 1390 1427 i.
1411 1401 1443 1426 e.
1466 1391 1501 1425 in
1529 1395 1621 1426 tem-

172 1453 266 1492 pora
291 1443 340 1478 D.
445 1441 529 1475 186.
556 1438 633 1487 sug.
660 1440 834 1474 conuenit
858 1437 919 1475 A.
966 1439 1058 1474 alter
1084 1438 1157 1473 abit
1183 1450 1217 1473 m
1236 1441 1297 1474 33.
1404 1441 1488 1476 187.
1519 1441 1621 1476 Vers.

175 1505 256 1530 cum
281 1503 354 1540 seq.
381 1492 419 1527 Ξη
444 1501 559 1538 marg.
587 1501 636 1525 m.
688 1489 785 1524 Dum
812 1495 874 1525 tua
899 1486 1007 1525 A20
1025 1488 1107 1525 ἄιιο.
1160 1489 1332 1524 mensium
1360 1492 1480 1527 Ema.
1498 1501 1568 1526 sec.
1584 1487 1624 1525 Γ

173 1540 300 1589 HTf
311 1540 400 1578 Ald.
418 1542 543 1590 prim.;
575 1540 699 1576 Guar.
718 1551 788 1576 scr.
901 1542 986 1575 188.
1023 1540 1115 1575 Cum
1144 1539 1242 1574 uenit
1267 1541 1301 1574 in
1330 1537 1376 1576 Σ.
1426 1539 1525 1576 laud.
1553 1540 1622 1577 iste

179 1592 292 1631 ²I⁸ms
310 1603 392 1637 sem
417 1603 537 1641 petar.
554 1602 625 1627 scr.
672 1590 732 1626 uel
764 1591 830 1626 iste
858 1591 1039 1626 1361222
1066 1589 1193 1625 decem.
1309 1593 1394 1626 189.
1431 1590 1553 1628 Eurus
1583 1590 1621 1626 in

177 1642 232 1682 Ψ.
277 1644 311 1679 in
345 1643 415 1679 hoc
439 1653 546 1678 unus.
596 1653 653 1677 ex.
688 1640 907 1687 laudataque
938 1637 1086 1677 GH41
1116 1639 1197 1674 (luo.
1248 1640 1476 1689 clamataque
1506 1640 1621 1678 uerba

173 1697 331 1733 Marmts
354 1695 392 1730 in
418 1692 473 1729 ed.
497 1690 651 1728 Mediol.
701 1699 805 1727 teatr.
839 1689 887 1727 Γ.
936 1691 1055 1739 palma
1089 1689 1276 1741 triumphis
1304 1689 1413 1727 AM
1434 1690 1517 1728 duo.

224 1747 309 1782 190.
336 1744 421 1779 circi
449 1754 594 1778 menere
620 1739 812 1790 smmpr.
855 1742 938 1776 circi
966 1741 1111 1776 numine
1135 1738 1246 1776 ΛΨ.
1285 1742 1367 1777 circi
1394 1742 1539 1778 nomine
1567 1738 1616 1779 Σ.

171 1797 255 1834 circi
282 1796 439 1831 carmine
466 1793 548 1829 duo.
598 1804 708 1827 carm.
736 1799 814 1827 erat
839 1789 913 1828 Πν
933 1790 998 1827 sub
1017 1802 1093 1827 ras.
1199 1793 1283 1828 191.
1312 1803 1406 1840 quae
1431 1793 1499 1828 scis
1522 1789 1620 1829 ΛΡ
1667 1823 1672 1831 ,

170 1848 196 1886 h
221 1851 308 1884 vett.
336 1844 389 1881 ecl.
434 1844 617 1880 hominum
645 1848 699 1879 est
725 1849 818 1880 seut.
844 1854 874 1878 s.
922 1843 1194 1890 lutei-pungam·
1218 1844 1257 1878 in
1283 1838 1320 1879 Σ
1344 1854 1415 1879 non
1440 1846 1523 1891 post
1547 1843 1618 1879 fal-

169 1899 244 1944 lax,
270 1896 332 1933 secl
356 1899 439 1944 post
465 1893 627 1942 Optima.
744 1895 828 1929 193.
862 1894 912 1929 sie
939 1893 1067 1928 uestris
1096 1895 1130 1928 E
1144 1905 1288 1941 mmpr.
1338 1892 1535 1942 respondet
1560 1892 1616 1930 ed.

169 1948 253 1987 Εἰς.
282 1952 315 1983 et
340 1946 426 1992 fort.
456 1946 503 1981 A
519 1942 570 1981 Ψ.
675 1945 761 1980 194.
790 1944 889 1992 loqu.
919 1944 1050 1979 ueritas
1085 1940 1135 1979 Ψ.
1176 1944 1260 1979 ellat
1293 1945 1338 1980 G.
1382 1956 1484 1983 uern.
1515 1943 1619 1980 asflat

175 1996 302 2037 cfflN
313 1994 470 2033 O‘P'ms
495 2000 572 2032 octo
597 1994 674 2041 fere
697 1993 783 2030 Alci.
801 1996 907 2042 prim.
1022 1995 1105 2030 195.
1148 1995 1248 2030 Vei-s.
1278 1991 1363 2030 σοι-ιη’
1382 2006 1455 2043 seq.
1483 2006 1552 2031 orn.
1579 1993 1615 2038 h,

170 2051 210 2087 in
233 2060 349 2096 marg).
377 2059 409 2084 tr.
456 2047 571 2082 Cloris
599 2045 670 2091 Es.
715 2044 850 2080 ..horis
878 2042 924 2081 Γ.
965 2043 1091 2080 Choris
1119 2046 1330 2082 Eamuscr.
1375 2045 1496 2081 Gloris
1521 2040 1618 2085 AO-

171 2113 191 2137 s
216 2100 270 2137 ed.
302 2101 378 2135 Vic.
418 2097 558 2133 Fhloris
585 2096 762 2144 bmwpr.
809 2107 901 2131 corr.
931 2095 1029 2130 latini
1060 2092 1276 2131 BDFG‘D
1302 2094 1474 2132 undecim.
1520 2105 1613 2133 corr.

170 2152 289 2188 latinis
315 2152 359 2185 P.
401 2161 494 2183 corr.
523 2148 658 2182 saturni
685 2146 716 2182 b.
751 2146 905 2192 (Sabino
931 2147 1021 2181 coni.
1052 2148 1160 2193 Foygj.
1187 2144 1216 2191 s.
1244 2147 1375 2182 Praen.
1396 2158 1433 2195 p.
1450 2146 1530 2191 71.)

223 2202 307 2237 196.
337 2200 440 2235 litera
471 2197 577 2235 Gbr.
618 2198 684 2233 litt.
707 2198 822 2246 prima
844 2196 930 2240 ‹11103
963 2194 1175 2232 Persuasum
1214 2195 1334 2233 Gloss.
1357 2195 1478 2233 Ordo:
1504 2205 1612 2243 greca

173 2252 294 2289 littera
320 2251 395 2287 scil'
426 2262 469 2286 .c.
497 2249 695 2297 aspiratum
721 2249 744 2283 l’
770 2247 826 2283 chi
853 2255 1024 2296 corrupta
1050 2252 1103 2282 est
1129 2259 1218 2283 sono
1245 2247 1344 2283 latini
1372 2246 1519 2283 nominis
1544 2245 1610 2281 scl’

88 2292 105 2320 ἐ’
170 2302 211 2339 .f.
239 2303 324 2352 quia
348 2302 439 2336 flora
465 2306 518 2336 est
545 2300 706 2335 latinum.
812 2300 894 2334 197.
924 2299 1040 2343 Cloris
1062 2296 1132 2343 Ef.
1173 2297 1308 2334 ..horis
1329 2294 1375 2333 Γ.
1413 2295 1534 2333 Gloris
1559 2293 1610 2331 A

106 2361 130 2386 «1»
174 2352 296 2389 Obrs
323 2351 377 2388 ed.
399 2353 476 2387 Vic.
516 2349 661 2399 nimphe
687 2352 767 2385 mei.
809 2343 1005 2397 campis‘in
1025 2359 1141 2395 victry.
1160 2350 1207 2384 D.
1248 2348 1309 2384 sel.
1330 2355 1368 2383 ut
1386 2345 1470 2382 aud.
1491 2343 1509 2386 b
1528 2357 1606 2383 sex.

173 2402 302 2440 Gl.1):
329 2402 447 2450 campi
464 2396 593 2445 fe1.]”'*i.
619 2413 651 2435 e.
671 2400 841 2449 paradisi.
883 2400 941 2434 ubi
969 2399 1070 2434 audis
1088 2410 1108 2433 a
1129 2398 1346 2447 philosophis
1371 2395 1433 2432 scl'
1455 2397 1515 2444 qui
1540 2395 1610 2432 hoc

168 2453 204 2490 in
232 2453 352 2502 genesi
384 2453 559 2501 legerant.
608 2451 676 2487 Vel
714 2452 842 2486 troiam
878 2450 962 2485 <licit
997 2450 1058 2498 qui
1090 2449 1263 2485 fortunati
1296 2454 1396 2483 erant
1431 2446 1514 2493 quia
1545 2445 1609 2483 filii

171 2530 275 2540 .....
304 2503 485 2550 regnaturi
512 2508 615 2538 erant
641 2513 752 2550 super
779 2509 892 2537 totum
921 2501 1057 2536 orbern.
1106 2499 1173 2535 Vel
1200 2498 1346 2534 athenas
1374 2495 1458 2531 dicit
1489 2496 1608 2532 sortu-

168 2560 291 2591 natam
319 2560 469 2602 propter
495 2552 696 2588 diuinorum
717 2555 969 2600 cognitionem.
1011 2550 1093 2599 quia
1115 2559 1290 2597 nusquam
1311 2548 1396 2582 alias
1419 2546 1508 2582 tales
1526 2545 1607 2595 phi-

167 2603 319 2654 losoplii.
432 2605 515 2638 198.
554 2603 658 2638 Hunc
683 2602 768 2639 sort.
799 2607 881 2638 tres.
984 2602 1068 2637 199.
1105 2600 1223 2642 suerat
1249 2593 1609 2633 DEGFAMHb

167 2655 282 2704 Mers
298 2652 446 2691 sedecim
464 2653 541 2688 cdd.
561 2653 646 2689 Am.
668 2655 774 2701 prim.
794 2652 945 2688 Mediol.
987 2652 1078 2686 sner.
1105 2648 1212 2684 modo
1239 2649 1354 2683 forma
1384 2647 1416 2683 b.
1457 2654 1511 2684 est
1536 2648 1624 2691 nus·

166 2717 306 2744 merare
331 2707 365 2742 E
379 2715 452 2741 vna.
472 2715 529 2753 pr.
566 2703 726 2740 modeste
754 2707 790 2739 1)
805 2707 871 2738 1⁴:22
899 2702 974 2747 alii,
1001 2700 1053 2736 cd.
1079 2700 1152 2735 Vic.
1196 2698 1365 2736 modestis
1393 2700 1602 2738 Euam-em
