1685 2954
117 79 282 112 chxlv
722 78 780 109 DE
808 78 953 110 SAcms

117 180 323 220 Ouidianae
354 176 543 226 uestigium
578 176 679 227 apud
704 178 859 217 Paulum
884 180 1086 218 Diaconum
1112 184 1224 231 p.11‚
1242 179 1304 219 14.
1364 179 1406 218 In
1432 180 1563 220 Chari-

114 243 190 279 stiis
216 255 252 279 u.
271 242 346 278 629
371 251 453 274 cum
486 239 702 288 scripturam
731 243 947 279 auctoritate
976 242 1141 279 codicum
1170 248 1362 290 mutarem,
1389 244 1562 282 obuersa-

115 299 223 341 batur
247 302 333 339 mihi
358 300 458 335 locus
484 300 589 337 Pauli
615 301 716 337 Diae.
743 314 780 352 p.
802 306 888 352 122,
905 307 940 342 3.
994 304 1129 341 Versus
1156 305 1229 340 635
1256 304 1472 353 scripturam
1497 318 1564 342 no-

113 371 226 402 stram
255 369 293 397 ut
320 360 567 398 rotundiorem
593 363 774 411 probabat
796 363 1034 402 Schraderus.
1087 365 1265 413 Termini,
1294 377 1400 415 quem
1427 365 1565 403 iocula-

113 426 201 462 riter
222 421 269 459 ad
289 422 442 472 priscam
461 423 634 472 precandi
660 423 852 462 formulam
878 428 956 463 siue
981 425 1080 472 deus,
1106 429 1184 464 siue
1208 426 1289 472 dea,
1315 427 1453 464 Arnob.
1472 430 1512 476 3,
1525 429 1564 474 8,

111 485 308 534 alloquitur
334 481 488 520 Ouidius
509 488 549 529 2,
569 486 658 538 635),
685 498 827 524 sacrum
853 486 1046 536 Dionysius
1070 489 1153 525 Hal.
1176 492 1213 536 2,
1232 490 1283 525 74
1309 488 1433 537 docet,
1460 494 1501 526 ut
1527 494 1566 527 et

112 546 269 585 Ouidius
303 544 435 592 habet,
472 545 658 594 publicum
692 553 730 584 et
761 548 942 598 populare
973 549 1100 586 fuisse:
1140 549 1205 586 sed
1232 549 1279 586 de
1308 551 1441 600 publici
1466 551 1564 599 loco,

110 609 244 646 sacello
266 606 313 645 ad
336 608 430 643 uiam
448 606 719 653 Laurentinam,
746 620 857 658 supra
884 622 921 658 p.
941 621 1047 647 cxxx
1073 611 1194 647 nescio
1220 611 1403 661 quomodo
1423 625 1482 650 me
1503 612 1564 649 fu-

110 671 204 721 gerit
229 669 470 707 testimonium
497 668 687 706 Strabonis
713 669 752 716 5,
780 682 817 719 p.
834 672 908 706 372
935 671 1105 709 Tauchn.
1136 672 1215 710 ,De
1248 673 1395 711 uictima
1421 674 1563 711 dissen-

108 733 153 770 tit
181 731 336 770 Ouidius
362 743 384 767 a
410 729 600 778 Dionysio.
651 731 709 767 De
734 731 929 781 Regifugio
955 745 1066 782 supra
1095 746 1134 783 p.
1151 744 1288 770 cnvln
1315 741 1352 772 et
1377 735 1424 772 de
1448 735 1565 784 Equi-

109 794 167 831 riis
193 794 358 843 proxima
384 792 500 841 legisti
537 803 632 841 quae
664 793 762 830 noui.
815 792 991 829 Kalendis
1018 794 1157 831 Martiis
1182 796 1406 833 matronales
1431 794 1563 842 ferias,

107 867 198 905 quas
235 854 320 891 dicit
345 853 595 890 Tertullianus
630 853 677 890 de
712 854 836 892 idolol.
864 867 904 904 p.
918 856 990 890 623
1020 855 1079 892 ed.
1108 855 1211 905 Pan,
1249 869 1322 893 non
1355 857 1565 907 plenissime

107 923 254 955 enarrat
281 915 450 953 Ouidius.
505 916 664 953 Narrato
691 915 909 962 Sabinarum
936 921 1058 966 raptu,
1091 922 1128 953 et
1153 918 1460 968 quemadmodum
1487 919 1562 968 pri-

106 991 206 1016 mum
239 989 347 1027 yener
372 983 480 1028 atque
504 990 605 1015 socer
635 977 727 1015 diris
752 979 995 1016 concurrerint
1022 980 1160 1027 armis,
1194 979 1352 1017 Martial.
1380 982 1420 1027 9,
1438 982 1503 1028 70,
1524 983 1562 1028 3,

107 1047 184 1077 tum
211 1041 417 1077 interuentu
444 1047 693 1077 matronarum
722 1047 760 1078 et
785 1040 1020 1090 paruulorum
1048 1041 1203 1077 fantium
1238 1048 1275 1078 et
1310 1041 1499 1078 infantium
1525 1043 1564 1080 iu

106 1103 260 1153 gratiam
287 1101 485 1150 redierint,
522 1114 595 1152 qua
620 1103 655 1138 in
683 1114 722 1138 re
747 1114 890 1138 uersum
917 1103 994 1138 224
1020 1103 1204 1139 tenerrimi
1231 1102 1384 1140 affectus
1410 1103 1560 1153 plenum

107 1176 180 1201 non
199 1163 309 1200 credo
331 1163 514 1200 difficilem
544 1163 742 1210 intellectu,
770 1163 836 1199 nisi
855 1163 915 1212 qui
938 1164 1112 1201 barbarus
1138 1165 1204 1201 sit:
1231 1164 1315 1201 hinc
1339 1165 1448 1214 igitur
1472 1177 1561 1202 con-

105 1225 218 1262 cludit
245 1238 280 1262 u.
299 1226 376 1260 229
402 1237 483 1261 eum
517 1226 634 1274 ipsum
667 1224 787 1271 diem,
823 1237 895 1274 quo
921 1228 1098 1274 primum,
1133 1225 1157 1261 i.
1186 1238 1218 1262 e.
1247 1225 1331 1263 olim
1355 1227 1392 1262 id
1419 1233 1561 1276 gestum

104 1287 236 1335 fuerit,
272 1298 438 1323 seruasse
473 1288 525 1324 rei
563 1287 785 1323 memoriam.
845 1286 970 1323 Altera
1003 1293 1059 1324 est
1091 1288 1246 1336 suspicio
1283 1289 1562 1325 u.231—234

104 1348 201 1385 diem
227 1361 299 1385 non
327 1348 498 1385 traditum
526 1360 621 1395 esse,
647 1348 711 1385 sed
739 1348 892 1385 electum
920 1347 1005 1383 data
1027 1359 1142 1396 opera
1163 1348 1221 1384 uel
1243 1355 1395 1398 propter
1420 1350 1561 1387 animo·-

104 1423 183 1447 sum
211 1417 459 1447 matronarum
485 1410 638 1457 factum,
667 1410 725 1446 uel
751 1416 903 1459 propter
929 1409 1042 1445 Iliam.
1096 1409 1190 1445 Hinc
1214 1410 1474 1459 particularum
1499 1422 1560 1448 ra·

103 1473 155 1509 tio
182 1472 425 1522 intelligetur,
461 1483 551 1521 quas
586 1472 737 1508 mutaui.
790 1471 965 1521 Sequitur
991 1476 1122 1520 quarta
1148 1482 1257 1508 causa
1284 1471 1383 1521 apud
1410 1477 1558 1522 poetam

104 1546 142 1573 u.
163 1534 397 1581 235—244,
425 1545 520 1583 quae
546 1533 612 1569 nisi
637 1532 746 1569 fallor
771 1532 928 1569 indidem
954 1539 1097 1581 sumpta
1125 1538 1194 1579 est,
1221 1532 1319 1570 unde
1344 1533 1436 1570 haec
1461 1533 1557 1571 Ver-

102 1596 145 1632 rii
171 1595 268 1645 apud
288 1595 436 1631 Festum
459 1608 496 1644 p.
515 1597 604 1640 372,
624 1598 644 1630 l
662 1594 749 1633 sin.:
781 1597 931 1639 Vernae,
958 1596 1018 1643 qui
1045 1595 1083 1630 in
1108 1593 1209 1631 uillis
1233 1606 1316 1631 uere
1340 1597 1434 1639 nati,
1462 1595 1558 1644 quod

102 1661 244 1706 tempus
278 1656 365 1694 duce
400 1662 541 1694 natura
573 1656 717 1702 feturae
753 1661 826 1694 est.-
866 1661 901 1693 et
937 1661 1020 1692 tunc
1051 1667 1127 1692 rem
1160 1655 1323 1693 diuinam
1359 1658 1558 1695 instituerit

102 1720 226 1756 Marti
250 1720 378 1755 Numa
408 1719 611 1769 Pompilius
642 1720 745 1768 pacis
778 1717 1032 1755 concordiaeue
1063 1717 1273 1755 obtinendae
1304 1721 1429 1767 yratia
1460 1720 1558 1757 inter

102 1779 261 1818 Sabinos
286 1782 561 1829 Romanosque,
597 1784 671 1824 „ut
695 1792 831 1816 uernae
856 1781 1019 1815 uiuerent
1049 1791 1119 1815 neu
1143 1781 1361 1818 uincerent.'’
1410 1784 1559 1819 Roma-

101 1855 170 1879 nos
195 1845 288 1879 enim
313 1853 449 1878 eternas
474 1840 724 1890 appellabant,
751 1840 789 1878 id
817 1844 871 1877 cst
895 1839 1023 1877 ibidem
1046 1844 1166 1885 natos,
1193 1853 1283 1890 quos
1306 1844 1447 1881 uincere
1469 1855 1556 1893 per-

100 1906 276 1942 niciosum
301 1902 494 1940 arbitrium
520 1902 691 1948 Sabinis,
729 1905 791 1952 qui,
816 1904 994 1940 coniuncti
1026 1907 1132 1939 erant
1157 1914 1237 1940 cum
1260 1906 1305 1940 P.
1333 1907 1383 1942 R.
1438 1905 1554 1942 Huius

100 1967 276 2003 lemmatis
303 1978 387 2015 pars
415 1965 515 2014 prior
541 1977 615 2001 non
643 1964 738 2002 male
766 1965 936 2001 conuenit
963 1965 1083 2001 uerbis
1104 1963 1311 2014 Ouidianis,
1337 1967 1433 2004 inter
1457 1978 1554 2017 quae

100 2029 147 2064 de
173 2028 304 2064 militia
332 2031 464 2077 partus
493 2026 658 2064 conseres
693 2025 832 2064 heroid.
862 2030 924 2074 ll,
944 2028 1015 2063 48:
1052 2029 1101 2063 Et
1133 2027 1237 2064 rudis
1272 2028 1322 2066 ad
1353 2033 1485 2078 panus
1517 2032 1553 2066 et

98 2103 197 2127 noua
231 2089 333 2127 miles
367 2101 490 2134 eram3
535 2089 660 2128 Manil.
686 2092 726 2136 2,
747 2091 818 2125 2οε
852 2088 1099 2136 Militiamquc
1124 2088 1214 2134 sol55
1255 2090 1365 2127 eund.
1391 2091 1430 2137 4,
1453 2091 1549 2128 4042

98 2155 291 2190 Luxuriae
316 2163 452 2201 quoque
476 2149 610 2187 militia
635 2155 700 2187 est.
742 2150 866 2186 Altera
894 2161 978 2199 pars
1006 2151 1079 2199 agit
1104 2149 1150 2187 de
1176 2152 1248 2187 ritu
1275 2162 1376 2187 sacro
1401 2148 1550 2188 ultimae

98 2215 330 2264 antiquitatis.
382 2214 452 2250 Vix
486 2212 693 2263 putauerim
730 2210 854 2249 Ouidii
888 2218 1008 2248 aetate
1047 2218 1110 2248 aut
1146 2223 1213 2261 per
1245 2218 1448 2257 matronas,
1484 2217 1548 2249 aut

97 2288 163 2326 per
189 2275 394 2313 sacerdotes
421 2276 533 2323 alios,
569 2286 678 2324 quam
706 2273 825 2310 Salios
852 2273 959 2310 Marti
987 2272 1162 2310 Kalendis
1188 2274 1325 2310 Martiis
1353 2276 1546 2324 quicquam

98 2338 149 2374 rei
176 2338 323 2374 diuinae
348 2337 494 2387 publice
520 2336 678 2372 sactum:
704 2334 821 2382 feriae
840 2338 982 2373 Martis
1007 2336 1042 2372 in
1069 2336 1193 2372 tabula
1218 2335 1453 2372 Praenestina
1479 2347 1545 2372 an-

97 2406 244 2437 notatae
270 2399 356 2448 quid
382 2398 596 2448 significent,
623 2409 735 2447 supra
762 2398 1005 2434 coniecturam
1032 2398 1155 2447 posui:
1182 2397 1280 2448 quod
1310 2396 1463 2434 Ouidius
1489 2397 1544 2433 di-

96 2463 143 2497 cit
171 2474 206 2497 u.
227 2461 300 2496 251
329 2467 508 2508 matrum,
535 2461 612 2497 siue
638 2459 890 2510 corrigendum
918 2466 994 2507 est,
1022 2459 1120 2510 quod
1147 2459 1411 2509 propemodum
1439 2465 1543 2509 puto,

97 2524 218 2560 matris
245 2535 327 2560 eum
355 2522 497 2558 turbam
524 2522 781 2571 frequentare,
816 2521 965 2571 intelligi
998 2522 1082 2558 licet
1107 2521 1154 2558 de
1179 2521 1311 2558 mensis
1338 2521 1413 2557 eius
1439 2521 1544 2570 prin-

94 2586 201 2635 cipio.
255 2584 386 2633 Neque
412 2590 532 2619 tamen
559 2590 614 2620 est
641 2583 846 2633 negandum
879 2584 914 2619 in
941 2583 1017 2619 uita
1041 2582 1237 2620 domestica
1264 2582 1376 2618 multa
1403 2581 1450 2619 de
1477 2592 1542 2618 ue-

93 2647 161 2685 teri
195 2658 298 2684 sacro
332 2646 565 2691 remansisse,
602 2645 765 2696 inprimis
797 2644 895 2695 quod
927 2644 1132 2682 Macrobius
1166 2643 1276 2682 tradit
1311 2650 1382 2692 sat,
1411 2647 1449 2693 1,
1475 2645 1539 2692 12,
