<?xml version="1.0" encoding="UTF-8"?>
<!DOCTYPE html PUBLIC "-//W3C//DTD XHTML 1.0 Transitional//EN"
    "http://www.w3.org/TR/xhtml1/DTD/xhtml1-transitional.dtd">
<html xmlns="http://www.w3.org/1999/xhtml" xml:lang="en" lang="en">
 <head>
  <title>
</title>
<meta http-equiv="Content-Type" content="text/html;charset=utf-8" />
  <meta name='ocr-system' content='tesseract 3.04.00' />
  <meta name='ocr-capabilities' content='ocr_page ocr_carea ocr_par ocr_line ocrx_word'/>
</head>
<body>
  <div class='ocr_page' id='page_1' title='image "./fastorumlibrisex00oviduoft_0559.png"; bbox 0 0 1685 2954; ppageno 0'>
   <div class='ocr_carea' id='block_1_1' title="bbox 571 134 1463 186">
    <p class='ocr_par' dir='ltr' id='par_1_1' title="bbox 571 134 1463 186">
     <span class='ocr_line' id='line_1_1' title="bbox 571 134 1463 186; baseline -0.008 -2"><span class='ocrx_word' id='word_1_1' title='bbox 571 153 673 184; x_wconf 76' lang='lat' dir='ltr'>me.</span> <span class='ocrx_word' id='word_1_2' title='bbox 703 151 912 183; x_wconf 78' lang='lat' dir='ltr'>snxrvs</span> <span class='ocrx_word' id='word_1_3' title='bbox 1201 184 1204 186; x_wconf 55' lang='grc'>,</span> <span class='ocrx_word' id='word_1_4' title='bbox 1380 134 1463 178; x_wconf 87' lang='grc'>257</span> 
     </span>
    </p>
   </div>
   <div class='ocr_carea' id='block_1_2' title="bbox 70 251 1462 1182">
    <p class='ocr_par' dir='ltr' id='par_1_2' title="bbox 70 251 1462 1182">
     <span class='ocr_line' id='line_1_2' title="bbox 74 251 1459 311; baseline -0.007 -12"><span class='ocrx_word' id='word_1_5' title='bbox 74 259 142 299; x_wconf 89' lang='lat' dir='ltr'>An</span> <span class='ocrx_word' id='word_1_6' title='bbox 169 255 302 311; x_wconf 87' lang='lat' dir='ltr'>potuit</span> <span class='ocrx_word' id='word_1_7' title='bbox 330 253 443 296; x_wconf 82' lang='lat' dir='ltr'>Maio</span> <span class='ocrx_word' id='word_1_8' title='bbox 471 253 609 307; x_wconf 81' lang='lat' dir='ltr'>pellex</span> <span class='ocrx_word' id='word_1_9' title='bbox 637 254 734 296; x_wconf 88' lang='lat' dir='ltr'>dare</span> <span class='ocrx_word' id='word_1_10' title='bbox 763 253 924 294; x_wconf 85' lang='lat' dir='ltr'>nomina</span> <span class='ocrx_word' id='word_1_11' title='bbox 953 251 1097 304; x_wconf 86' lang='lat' dir='ltr'>mensi,</span> <span class='ocrx_word' id='word_1_12' title='bbox 1408 253 1459 290; x_wconf 84' lang='lat'>35</span> 
     </span>
     <span class='ocr_line' id='line_1_3' title="bbox 130 315 975 365; baseline -0.006 0"><span class='ocrx_word' id='word_1_13' title='bbox 130 325 211 365; x_wconf 90' lang='lat' dir='ltr'>Hic</span> <span class='ocrx_word' id='word_1_14' title='bbox 239 324 366 364; x_wconf 92' lang='lat' dir='ltr'>honor</span> <span class='ocrx_word' id='word_1_15' title='bbox 395 322 436 361; x_wconf 90' lang='lat' dir='ltr'>in</span> <span class='ocrx_word' id='word_1_16' title='bbox 463 319 583 361; x_wconf 88' lang='lat' dir='ltr'>nobis</span> <span class='ocrx_word' id='word_1_17' title='bbox 612 320 839 362; x_wconf 89' lang='lat' dir='ltr'>inuidiosus</span> <span class='ocrx_word' id='word_1_18' title='bbox 869 315 975 360; x_wconf 68' lang='lat' dir='ltr'>erit?</span> 
     </span>
     <span class='ocr_line' id='line_1_4' title="bbox 76 383 1161 445; baseline -0.005 -13"><span class='ocrx_word' id='word_1_19' title='bbox 76 391 160 432; x_wconf 91' lang='lat' dir='ltr'>Cur</span> <span class='ocrx_word' id='word_1_20' title='bbox 188 391 312 445; x_wconf 84' lang='lat' dir='ltr'>igitur</span> <span class='ocrx_word' id='word_1_21' title='bbox 339 388 483 441; x_wconf 80' lang='lat' dir='ltr'>regina</span> <span class='ocrx_word' id='word_1_22' title='bbox 510 400 635 430; x_wconf 89' lang='lat' dir='ltr'>uocor</span> <span class='ocrx_word' id='word_1_23' title='bbox 661 388 937 440; x_wconf 85' lang='lat' dir='ltr'><strong>princepsque</strong></span> <span class='ocrx_word' id='word_1_24' title='bbox 965 383 1161 427; x_wconf 68' lang='lat' dir='ltr'>dearum?</span> 
     </span>
     <span class='ocr_line' id='line_1_5' title="bbox 128 450 1121 507; baseline -0.005 -8"><span class='ocrx_word' id='word_1_25' title='bbox 128 459 268 498; x_wconf 84' lang='lat' dir='ltr'>Aurea</span> <span class='ocrx_word' id='word_1_26' title='bbox 297 469 367 497; x_wconf 91' lang='lat' dir='ltr'>cur</span> <span class='ocrx_word' id='word_1_27' title='bbox 395 455 567 496; x_wconf 83' lang='lat' dir='ltr'>dextrae</span> <span class='ocrx_word' id='word_1_28' title='bbox 596 460 762 507; x_wconf 89' lang='lat' dir='ltr'>sceptra</span> <span class='ocrx_word' id='word_1_29' title='bbox 789 452 941 492; x_wconf 83' lang='lat' dir='ltr'>dedere</span> <span class='ocrx_word' id='word_1_30' title='bbox 969 450 1121 494; x_wconf 61' lang='lat' dir='ltr'>meae?</span> 
     </span>
     <span class='ocr_line' id='line_1_6' title="bbox 74 519 1156 574; baseline -0.004 -8"><span class='ocrx_word' id='word_1_31' title='bbox 74 526 140 566; x_wconf 89' lang='lat' dir='ltr'>An</span> <span class='ocrx_word' id='word_1_32' title='bbox 170 525 322 565; x_wconf 86' lang='lat' dir='ltr'>facient</span> <span class='ocrx_word' id='word_1_33' title='bbox 349 534 533 562; x_wconf 91' lang='lat' dir='ltr'>mensem</span> <span class='ocrx_word' id='word_1_34' title='bbox 560 523 700 574; x_wconf 85' lang='lat' dir='ltr'>luces,</span> <span class='ocrx_word' id='word_1_35' title='bbox 728 520 967 573; x_wconf 81' lang='lat' dir='ltr'>Lucinaque</span> <span class='ocrx_word' id='word_1_36' title='bbox 997 522 1047 561; x_wconf 88' lang='lat' dir='ltr'>ab</span> <span class='ocrx_word' id='word_1_37' title='bbox 1076 519 1156 562; x_wconf 86' lang='lat' dir='ltr'>illis</span> 
     </span>
     <span class='ocr_line' id='line_1_7' title="bbox 128 586 1460 644; baseline -0.005 -11"><span class='ocrx_word' id='word_1_38' title='bbox 128 593 263 644; x_wconf 89' lang='lat' dir='ltr'>Dicar,</span> <span class='ocrx_word' id='word_1_39' title='bbox 293 596 335 630; x_wconf 89' lang='lat' dir='ltr'>et</span> <span class='ocrx_word' id='word_1_40' title='bbox 362 602 388 630; x_wconf 90' lang='lat' dir='ltr'>a</span> <span class='ocrx_word' id='word_1_41' title='bbox 416 590 525 630; x_wconf 91' lang='lat' dir='ltr'>nullo</span> <span class='ocrx_word' id='word_1_42' title='bbox 553 589 716 630; x_wconf 90' lang='lat' dir='ltr'>nomina</span> <span class='ocrx_word' id='word_1_43' title='bbox 743 600 889 628; x_wconf 92' lang='lat' dir='ltr'>mense</span> <span class='ocrx_word' id='word_1_44' title='bbox 917 586 1108 630; x_wconf 66' lang='lat' dir='ltr'>traham?</span> <span class='ocrx_word' id='word_1_45' title='bbox 1408 588 1460 628; x_wconf 85' lang='grc' dir='ltr'>4ο</span> 
     </span>
     <span class='ocr_line' id='line_1_8' title="bbox 72 653 1045 711; baseline -0.004 -11"><span class='ocrx_word' id='word_1_46' title='bbox 72 661 177 700; x_wconf 80' lang='lat' dir='ltr'>Tum</span> <span class='ocrx_word' id='word_1_47' title='bbox 205 671 271 698; x_wconf 90' lang='lat' dir='ltr'>me</span> <span class='ocrx_word' id='word_1_48' title='bbox 300 658 512 711; x_wconf 88' lang='lat' dir='ltr'>poeniteat</span> <span class='ocrx_word' id='word_1_49' title='bbox 539 657 732 711; x_wconf 86' lang='lat' dir='ltr'>posuisse</span> <span class='ocrx_word' id='word_1_50' title='bbox 759 653 934 695; x_wconf 88' lang='lat' dir='ltr'>fideliter</span> <span class='ocrx_word' id='word_1_51' title='bbox 960 655 1045 696; x_wconf 87' lang='lat' dir='ltr'>iras</span> 
     </span>
     <span class='ocr_line' id='line_1_9' title="bbox 124 722 1114 779; baseline 0 -14"><span class='ocrx_word' id='word_1_52' title='bbox 124 726 171 765; x_wconf 92' lang='lat' dir='ltr'>In</span> <span class='ocrx_word' id='word_1_53' title='bbox 199 738 335 779; x_wconf 85' lang='lat' dir='ltr'>genus</span> <span class='ocrx_word' id='word_1_54' title='bbox 363 725 557 765; x_wconf 84' lang='lat' dir='ltr'>Electrae</span> <span class='ocrx_word' id='word_1_55' title='bbox 586 723 913 776; x_wconf 82' lang='lat' dir='ltr'>Dardaniamque</span> <span class='ocrx_word' id='word_1_56' title='bbox 941 722 1114 765; x_wconf 86' lang='lat' dir='ltr'>domum.</span> 
     </span>
     <span class='ocr_line' id='line_1_10' title="bbox 75 790 1173 846; baseline -0.002 -12"><span class='ocrx_word' id='word_1_57' title='bbox 75 791 217 834; x_wconf 84' lang='lat' dir='ltr'>Causa</span> <span class='ocrx_word' id='word_1_58' title='bbox 245 792 397 846; x_wconf 86' lang='lat' dir='ltr'>duplex</span> <span class='ocrx_word' id='word_1_59' title='bbox 424 792 520 833; x_wconf 90' lang='lat' dir='ltr'>irae.</span> <span class='ocrx_word' id='word_1_60' title='bbox 557 798 672 845; x_wconf 88' lang='lat' dir='ltr'>rapto</span> <span class='ocrx_word' id='word_1_61' title='bbox 702 790 946 845; x_wconf 88' lang='lat' dir='ltr'>Ganymede</span> <span class='ocrx_word' id='word_1_62' title='bbox 975 791 1173 845; x_wconf 88' lang='lat' dir='ltr'>dolebam,</span> 
     </span>
     <span class='ocr_line' id='line_1_11' title="bbox 125 856 1138 913; baseline -0.003 -13"><span class='ocrx_word' id='word_1_63' title='bbox 125 860 274 900; x_wconf 85' lang='lat' dir='ltr'>Forma</span> <span class='ocrx_word' id='word_1_64' title='bbox 302 872 465 913; x_wconf 89' lang='lat' dir='ltr'>quoque</span> <span class='ocrx_word' id='word_1_65' title='bbox 486 859 610 900; x_wconf 91' lang='lat' dir='ltr'>Idaeo</span> <span class='ocrx_word' id='word_1_66' title='bbox 639 856 775 900; x_wconf 88' lang='lat' dir='ltr'>iudice</span> <span class='ocrx_word' id='word_1_67' title='bbox 801 858 913 898; x_wconf 88' lang='lat' dir='ltr'>uicta</span> <span class='ocrx_word' id='word_1_68' title='bbox 938 870 1032 898; x_wconf 88' lang='lat' dir='ltr'>mea</span> <span class='ocrx_word' id='word_1_69' title='bbox 1059 864 1138 899; x_wconf 90' lang='lat' dir='ltr'>est.</span> 
     </span>
     <span class='ocr_line' id='line_1_12' title="bbox 70 923 1462 980; baseline -0.001 -12"><span class='ocrx_word' id='word_1_70' title='bbox 70 927 301 980; x_wconf 84' lang='lat' dir='ltr'>Poeniteat‚</span> <span class='ocrx_word' id='word_1_71' title='bbox 331 926 440 980; x_wconf 87' lang='lat' dir='ltr'>quod</span> <span class='ocrx_word' id='word_1_72' title='bbox 467 939 549 968; x_wconf 89' lang='lat' dir='ltr'>non</span> <span class='ocrx_word' id='word_1_73' title='bbox 576 927 739 967; x_wconf 83' lang='lat' dir='ltr'>foueam</span> <span class='ocrx_word' id='word_1_74' title='bbox 769 923 1033 978; x_wconf 70' lang='lat' dir='ltr'>Carthaginis</span> <span class='ocrx_word' id='word_1_75' title='bbox 1061 936 1194 978; x_wconf 86' lang='lat' dir='ltr'>arces,</span> <span class='ocrx_word' id='word_1_76' title='bbox 1410 927 1462 967; x_wconf 88' lang='grc'>45</span> 
     </span>
     <span class='ocr_line' id='line_1_13' title="bbox 129 993 1080 1035; baseline -0.004 0"><span class='ocrx_word' id='word_1_77' title='bbox 129 994 234 1035; x_wconf 88' lang='lat' dir='ltr'>Cum</span> <span class='ocrx_word' id='word_1_78' title='bbox 262 1007 355 1034; x_wconf 91' lang='lat' dir='ltr'>mea</span> <span class='ocrx_word' id='word_1_79' title='bbox 384 993 469 1035; x_wconf 89' lang='lat' dir='ltr'>sint</span> <span class='ocrx_word' id='word_1_80' title='bbox 497 993 564 1034; x_wconf 93' lang='lat' dir='ltr'>illo</span> <span class='ocrx_word' id='word_1_81' title='bbox 594 1006 734 1034; x_wconf 91' lang='lat' dir='ltr'>currus</span> <span class='ocrx_word' id='word_1_82' title='bbox 763 998 806 1033; x_wconf 89' lang='lat' dir='ltr'>et</span> <span class='ocrx_word' id='word_1_83' title='bbox 836 1005 947 1032; x_wconf 87' lang='lat' dir='ltr'>arma</span> <span class='ocrx_word' id='word_1_84' title='bbox 974 993 1080 1033; x_wconf 89' lang='lat' dir='ltr'>loco.</span> 
     </span>
     <span class='ocr_line' id='line_1_14' title="bbox 71 1061 1211 1117; baseline -0.001 -15"><span class='ocrx_word' id='word_1_85' title='bbox 71 1061 291 1117; x_wconf 81' lang='lat' dir='ltr'>Poeniteat</span> <span class='ocrx_word' id='word_1_86' title='bbox 320 1062 498 1114; x_wconf 85' lang='lat' dir='ltr'>Sparten</span> <span class='ocrx_word' id='word_1_87' title='bbox 528 1062 748 1115; x_wconf 86' lang='lat' dir='ltr'>Argosque</span> <span class='ocrx_word' id='word_1_88' title='bbox 778 1073 977 1113; x_wconf 87' lang='lat' dir='ltr'>measque</span> <span class='ocrx_word' id='word_1_89' title='bbox 1005 1061 1211 1114; x_wconf 83' lang='lat' dir='ltr'>Mycenas</span> 
     </span>
     <span class='ocr_line' id='line_1_15' title="bbox 126 1128 1036 1182; baseline -0.002 -13"><span class='ocrx_word' id='word_1_90' title='bbox 126 1130 183 1169; x_wconf 87' lang='lat' dir='ltr'>Et</span> <span class='ocrx_word' id='word_1_91' title='bbox 212 1135 395 1170; x_wconf 87' lang='lat' dir='ltr'>ueterem</span> <span class='ocrx_word' id='word_1_92' title='bbox 423 1129 543 1171; x_wconf 84' lang='lat' dir='ltr'>Latio</span> <span class='ocrx_word' id='word_1_93' title='bbox 571 1128 842 1182; x_wconf 78' lang='lat' dir='ltr'>supposuisse</span> <span class='ocrx_word' id='word_1_94' title='bbox 870 1128 1036 1171; x_wconf 79' lang='lat' dir='ltr'>Samon.</span> 
     </span>
    </p>
   </div>
   <div class='ocr_carea' id='block_1_3' title="bbox 0 1249 1468 2004">
    <p class='ocr_par' dir='ltr' id='par_1_3' title="bbox 14 1249 1465 1350">
     <span class='ocr_line' id='line_1_16' title="bbox 66 1249 1465 1303; baseline 0.001 -17"><span class='ocrx_word' id='word_1_95' title='bbox 66 1249 132 1287; x_wconf 82' lang='lat'>35.</span> <span class='ocrx_word' id='word_1_96' title='bbox 158 1255 236 1300; x_wconf 88' lang='lat' dir='ltr'>pot.</span> <span class='ocrx_word' id='word_1_97' title='bbox 265 1251 386 1299; x_wconf 86' lang='lat' dir='ltr'>pellex</span> <span class='ocrx_word' id='word_1_98' title='bbox 412 1252 508 1288; x_wconf 87' lang='lat' dir='ltr'>maio</span> <span class='ocrx_word' id='word_1_99' title='bbox 534 1253 586 1289; x_wconf 91' lang='lat' dir='ltr'>N.</span> <span class='ocrx_word' id='word_1_100' title='bbox 627 1253 746 1301; x_wconf 86' lang='lat' dir='ltr'>potuit</span> <span class='ocrx_word' id='word_1_101' title='bbox 769 1265 901 1300; x_wconf 85' lang='lat' dir='ltr'>magno</span> <span class='ocrx_word' id='word_1_102' title='bbox 932 1255 978 1290; x_wconf 82' lang='grc' dir='ltr'>Τ.</span> <span class='ocrx_word' id='word_1_103' title='bbox 999 1297 1006 1303; x_wconf 58' lang='lat'>.</span> <span class='ocrx_word' id='word_1_104' title='bbox 1016 1252 1124 1302; x_wconf 87' lang='lat' dir='ltr'>pelex</span> <span class='ocrx_word' id='word_1_105' title='bbox 1147 1250 1341 1298; x_wconf 68' lang='lat' dir='ltr'>DEGfr.</span> <span class='ocrx_word' id='word_1_106' title='bbox 1377 1250 1465 1301; x_wconf 90' lang='lat' dir='ltr'>pell.</span> 
     </span>
     <span class='ocr_line' id='line_1_17' title="bbox 14 1300 1364 1350; baseline -0.001 -11"><span class='ocrx_word' id='word_1_107' title='bbox 14 1312 147 1339; x_wconf 88' lang='lat' dir='ltr'>nomen</span> <span class='ocrx_word' id='word_1_108' title='bbox 182 1300 272 1337; x_wconf 87' lang='lat' dir='ltr'>dare</span> <span class='ocrx_word' id='word_1_109' title='bbox 307 1301 420 1337; x_wconf 90' lang='lat' dir='ltr'>mensi</span> <span class='ocrx_word' id='word_1_110' title='bbox 443 1304 489 1337; x_wconf 91' lang='lat' dir='ltr'>P.</span> <span class='ocrx_word' id='word_1_111' title='bbox 538 1314 635 1339; x_wconf 90' lang='lat' dir='ltr'>nom.</span> <span class='ocrx_word' id='word_1_112' title='bbox 663 1303 794 1339; x_wconf 80' lang='lat' dir='ltr'>mensis</span> <span class='ocrx_word' id='word_1_113' title='bbox 828 1303 1128 1350; x_wconf 76' lang='lat' dir='ltr'>fort.Ema.pr.</span> <span class='ocrx_word' id='word_1_114' title='bbox 1174 1313 1299 1339; x_wconf 87' lang='lat' dir='ltr'>mense</span> <span class='ocrx_word' id='word_1_115' title='bbox 1330 1313 1364 1339; x_wconf 76' lang='lat' dir='ltr'>r.</span> 
     </span>
    </p>

    <p class='ocr_par' dir='ltr' id='par_1_4' title="bbox 0 1350 1468 2004">
     <span class='ocr_line' id='line_1_18' title="bbox 63 1350 1467 1402; baseline 0.001 -15"><span class='ocrx_word' id='word_1_116' title='bbox 63 1353 127 1388; x_wconf 83' lang='lat'>36.</span> <span class='ocrx_word' id='word_1_117' title='bbox 163 1353 248 1389; x_wconf 89' lang='lat' dir='ltr'>nob.</span> <span class='ocrx_word' id='word_1_118' title='bbox 281 1352 489 1387; x_wconf 85' lang='lat' dir='ltr'>ambitiosus</span> <span class='ocrx_word' id='word_1_119' title='bbox 516 1350 549 1387; x_wconf 86' lang='lat' dir='ltr'>b.</span> <span class='ocrx_word' id='word_1_120' title='bbox 600 1353 675 1389; x_wconf 86' lang='lat' dir='ltr'>inu.</span> <span class='ocrx_word' id='word_1_121' title='bbox 702 1353 771 1388; x_wconf 87' lang='lat' dir='ltr'>eris</span> <span class='ocrx_word' id='word_1_122' title='bbox 805 1356 866 1389; x_wconf 89' lang='lat'>11.</span> <span class='ocrx_word' id='word_1_123' title='bbox 912 1352 1034 1389; x_wconf 82' lang='lat' dir='ltr'>Gloss.</span> <span class='ocrx_word' id='word_1_124' title='bbox 1062 1358 1317 1402; x_wconf 85' lang='lat' dir='ltr'>argumentum</span> <span class='ocrx_word' id='word_1_125' title='bbox 1347 1363 1369 1388; x_wconf 89' lang='lat' dir='ltr'>a</span> <span class='ocrx_word' id='word_1_126' title='bbox 1399 1352 1467 1388; x_wconf 88' lang='lat' dir='ltr'>mi-</span> 
     </span>
     <span class='ocr_line' id='line_1_19' title="bbox 12 1399 1467 1452; baseline 0.001 -13"><span class='ocrx_word' id='word_1_127' title='bbox 12 1402 96 1439; x_wconf 87' lang='lat' dir='ltr'>nori</span> <span class='ocrx_word' id='word_1_128' title='bbox 121 1403 167 1438; x_wconf 87' lang='grc' dir='ltr'>Ε.</span> <span class='ocrx_word' id='word_1_129' title='bbox 271 1404 332 1438; x_wconf 86' lang='grc'>37.</span> <span class='ocrx_word' id='word_1_130' title='bbox 362 1401 512 1438; x_wconf 84' lang='lat' dir='ltr'>deorum</span> <span class='ocrx_word' id='word_1_131' title='bbox 544 1399 588 1438; x_wconf 76' lang='grc' dir='ltr'>Ψ</span> <span class='ocrx_word' id='word_1_132' title='bbox 598 1413 616 1438; x_wconf 81' lang='lat' dir='ltr'>e</span> <span class='ocrx_word' id='word_1_133' title='bbox 634 1401 711 1438; x_wconf 76' lang='lat' dir='ltr'>edd.</span> <span class='ocrx_word' id='word_1_134' title='bbox 729 1402 815 1439; x_wconf 71' lang='lat' dir='ltr'>Am.</span> <span class='ocrx_word' id='word_1_135' title='bbox 835 1407 869 1438; x_wconf 83' lang='lat' dir='ltr'>et</span> <span class='ocrx_word' id='word_1_136' title='bbox 884 1402 1038 1439; x_wconf 67' lang='lat' dir='ltr'>Mediol.</span> <span class='ocrx_word' id='word_1_137' title='bbox 1142 1405 1204 1440; x_wconf 82' lang='lat'>38.</span> <span class='ocrx_word' id='word_1_138' title='bbox 1231 1402 1330 1439; x_wconf 84' lang='lat' dir='ltr'>dext.</span> <span class='ocrx_word' id='word_1_139' title='bbox 1358 1409 1467 1452; x_wconf 85' lang='lat' dir='ltr'>cepta</span> 
     </span>
     <span class='ocr_line' id='line_1_20' title="bbox 12 1451 1466 1501; baseline 0 -12"><span class='ocrx_word' id='word_1_140' title='bbox 12 1451 47 1499; x_wconf 75' lang='lat' dir='ltr'>f.</span> <span class='ocrx_word' id='word_1_141' title='bbox 150 1453 213 1488; x_wconf 86' lang='grc'>39.</span> <span class='ocrx_word' id='word_1_142' title='bbox 240 1452 295 1488; x_wconf 89' lang='lat' dir='ltr'>An</span> <span class='ocrx_word' id='word_1_143' title='bbox 321 1451 449 1488; x_wconf 67' lang='lat' dir='ltr'>sat-iam</span> <span class='ocrx_word' id='word_1_144' title='bbox 475 1452 598 1501; x_wconf 90' lang='lat' dir='ltr'>pueris</span> <span class='ocrx_word' id='word_1_145' title='bbox 623 1452 740 1488; x_wconf 88' lang='lat' dir='ltr'>lucem</span> <span class='ocrx_word' id='word_1_146' title='bbox 768 1453 838 1489; x_wconf 90' lang='lat' dir='ltr'>luc.</span> <span class='ocrx_word' id='word_1_147' title='bbox 866 1453 912 1490; x_wconf 90' lang='grc' dir='ltr'>Ο.</span> <span class='ocrx_word' id='word_1_148' title='bbox 952 1453 1088 1489; x_wconf 83' lang='lat' dir='ltr'>faciant</span> <span class='ocrx_word' id='word_1_149' title='bbox 1117 1452 1265 1489; x_wconf 81' lang='lat' dir='ltr'>Tbs20</span> <span class='ocrx_word' id='word_1_150' title='bbox 1281 1457 1370 1490; x_wconf 83' lang='lat' dir='ltr'>octo.</span> <span class='ocrx_word' id='word_1_151' title='bbox 1408 1453 1466 1489; x_wconf 82' lang='lat' dir='ltr'>fa-</span> 
     </span>
     <span class='ocr_line' id='line_1_21' title="bbox 13 1499 1466 1551; baseline 0.001 -13"><span class='ocrx_word' id='word_1_152' title='bbox 13 1503 112 1538; x_wconf 89' lang='lat' dir='ltr'>ciunt</span> <span class='ocrx_word' id='word_1_153' title='bbox 143 1499 210 1550; x_wconf 62' lang='lat'>§9</span> <span class='ocrx_word' id='word_1_154' title='bbox 230 1514 302 1539; x_wconf 83' lang='lat' dir='ltr'>ma.</span> <span class='ocrx_word' id='word_1_155' title='bbox 319 1515 376 1551; x_wconf 82' lang='lat' dir='ltr'>pr.</span> <span class='ocrx_word' id='word_1_156' title='bbox 393 1514 460 1539; x_wconf 73' lang='lat' dir='ltr'>sex</span> <span class='ocrx_word' id='word_1_157' title='bbox 479 1507 514 1538; x_wconf 80' lang='lat' dir='ltr'>et</span> <span class='ocrx_word' id='word_1_158' title='bbox 531 1506 618 1539; x_wconf 65' lang='lat' dir='ltr'>«cett.</span> <span class='ocrx_word' id='word_1_159' title='bbox 641 1502 696 1539; x_wconf 80' lang='lat' dir='ltr'>ed.</span> <span class='ocrx_word' id='word_1_160' title='bbox 743 1502 814 1539; x_wconf 81' lang='lat' dir='ltr'>fac.</span> <span class='ocrx_word' id='word_1_161' title='bbox 847 1503 945 1539; x_wconf 92' lang='lat' dir='ltr'>luces</span> <span class='ocrx_word' id='word_1_162' title='bbox 978 1514 1119 1539; x_wconf 89' lang='lat' dir='ltr'>menses</span> <span class='ocrx_word' id='word_1_163' title='bbox 1144 1500 1207 1539; x_wconf 86' lang='lat' dir='ltr'>A.</span> <span class='ocrx_word' id='word_1_164' title='bbox 1259 1503 1331 1539; x_wconf 79' lang='lat' dir='ltr'>fac.</span> <span class='ocrx_word' id='word_1_165' title='bbox 1364 1503 1466 1539; x_wconf 90' lang='lat' dir='ltr'>luces</span> 
     </span>
     <span class='ocr_line' id='line_1_22' title="bbox 12 1550 1467 1602; baseline 0.001 -13"><span class='ocrx_word' id='word_1_166' title='bbox 12 1564 174 1589; x_wconf 86' lang='lat' dir='ltr'>mensem</span> <span class='ocrx_word' id='word_1_167' title='bbox 201 1550 258 1590; x_wconf 90' lang='grc' dir='ltr'>Π.</span> <span class='ocrx_word' id='word_1_168' title='bbox 308 1554 379 1590; x_wconf 83' lang='lat' dir='ltr'>fac.</span> <span class='ocrx_word' id='word_1_169' title='bbox 410 1565 551 1590; x_wconf 90' lang='lat' dir='ltr'>menses</span> <span class='ocrx_word' id='word_1_170' title='bbox 588 1553 687 1589; x_wconf 86' lang='lat' dir='ltr'>luces</span> <span class='ocrx_word' id='word_1_171' title='bbox 726 1552 885 1599; x_wconf 77' lang='lat' dir='ltr'>Gme.</span> <span class='ocrx_word' id='word_1_172' title='bbox 935 1553 982 1589; x_wconf 88' lang='lat' dir='ltr'>ab</span> <span class='ocrx_word' id='word_1_173' title='bbox 1019 1553 1104 1602; x_wconf 88' lang='lat' dir='ltr'>ipsis</span> <span class='ocrx_word' id='word_1_174' title='bbox 1139 1557 1224 1590; x_wconf 79' lang='lat' dir='ltr'>tres.</span> <span class='ocrx_word' id='word_1_175' title='bbox 1273 1552 1467 1590; x_wconf 70' lang='lat' dir='ltr'>Gloss.1)2</span> 
     </span>
     <span class='ocr_line' id='line_1_23' title="bbox 13 1602 1467 1652; baseline 0.001 -14"><span class='ocrx_word' id='word_1_176' title='bbox 13 1602 112 1639; x_wconf 88' lang='lat' dir='ltr'>Ecce</span> <span class='ocrx_word' id='word_1_177' title='bbox 138 1603 246 1651; x_wconf 84' lang='lat' dir='ltr'>longe</span> <span class='ocrx_word' id='word_1_178' title='bbox 273 1604 426 1652; x_wconf 88' lang='lat' dir='ltr'>petitum</span> <span class='ocrx_word' id='word_1_179' title='bbox 452 1616 596 1640; x_wconf 88' lang='lat' dir='ltr'>nomen.</span> <span class='ocrx_word' id='word_1_180' title='bbox 632 1603 717 1639; x_wconf 86' lang='lat' dir='ltr'>iuno</span> <span class='ocrx_word' id='word_1_181' title='bbox 745 1603 875 1639; x_wconf 89' lang='lat' dir='ltr'>dicitur</span> <span class='ocrx_word' id='word_1_182' title='bbox 900 1604 1019 1640; x_wconf 89' lang='lat' dir='ltr'>lucina</span> <span class='ocrx_word' id='word_1_183' title='bbox 1039 1604 1204 1652; x_wconf 88' lang='lat' dir='ltr'>quamuis</span> <span class='ocrx_word' id='word_1_184' title='bbox 1230 1616 1302 1639; x_wconf 85' lang='lat' dir='ltr'>uon</span> <span class='ocrx_word' id='word_1_185' title='bbox 1329 1604 1467 1652; x_wconf 86' lang='lat' dir='ltr'>praesit</span> 
     </span>
     <span class='ocr_line' id='line_1_24' title="bbox 15 1652 1466 1701; baseline 0 -11"><span class='ocrx_word' id='word_1_186' title='bbox 15 1653 157 1690; x_wconf 88' lang='lat' dir='ltr'>lucibus</span> <span class='ocrx_word' id='word_1_187' title='bbox 183 1652 248 1688; x_wconf 86' lang='lat' dir='ltr'>sed</span> <span class='ocrx_word' id='word_1_188' title='bbox 273 1654 394 1701; x_wconf 90' lang='lat' dir='ltr'>partui</span> <span class='ocrx_word' id='word_1_189' title='bbox 420 1659 456 1689; x_wconf 89' lang='lat' dir='ltr'>et</span> <span class='ocrx_word' id='word_1_190' title='bbox 481 1654 662 1690; x_wconf 88' lang='lat' dir='ltr'>mensibus</span> <span class='ocrx_word' id='word_1_191' title='bbox 690 1654 892 1690; x_wconf 86' lang='lat' dir='ltr'>constitutis</span> <span class='ocrx_word' id='word_1_192' title='bbox 918 1666 940 1690; x_wconf 90' lang='lat' dir='ltr'>a</span> <span class='ocrx_word' id='word_1_193' title='bbox 966 1654 1117 1691; x_wconf 86' lang='lat' dir='ltr'>lucibus.</span> <span class='ocrx_word' id='word_1_194' title='bbox 1154 1660 1191 1690; x_wconf 89' lang='lat' dir='ltr'>et</span> <span class='ocrx_word' id='word_1_195' title='bbox 1217 1666 1298 1690; x_wconf 86' lang='lat' dir='ltr'>curn</span> <span class='ocrx_word' id='word_1_196' title='bbox 1324 1653 1395 1690; x_wconf 91' lang='lat' dir='ltr'>hoc</span> <span class='ocrx_word' id='word_1_197' title='bbox 1420 1654 1466 1690; x_wconf 90' lang='lat' dir='ltr'>sit</span> 
     </span>
     <span class='ocr_line' id='line_1_25' title="bbox 0 1702 1466 1751; baseline 0.001 -12"><span class='ocrx_word' id='word_1_198' title='bbox 0 1702 128 1740; x_wconf 51' lang='lat' dir='ltr'>¹multo</span> <span class='ocrx_word' id='word_1_199' title='bbox 155 1703 267 1751; x_wconf 85' lang='lat' dir='ltr'>magis</span> <span class='ocrx_word' id='word_1_200' title='bbox 295 1715 340 1738; x_wconf 83' lang='lat' dir='ltr'>ex</span> <span class='ocrx_word' id='word_1_201' title='bbox 366 1703 526 1739; x_wconf 89' lang='lat' dir='ltr'>uiciniori</span> <span class='ocrx_word' id='word_1_202' title='bbox 549 1715 590 1740; x_wconf 87' lang='lat' dir='ltr'>re</span> <span class='ocrx_word' id='word_1_203' title='bbox 614 1703 731 1740; x_wconf 86' lang='lat' dir='ltr'>debeo</span> <span class='ocrx_word' id='word_1_204' title='bbox 759 1704 906 1741; x_wconf 85' lang='lat' dir='ltr'>trahere</span> <span class='ocrx_word' id='word_1_205' title='bbox 931 1716 1064 1742; x_wconf 89' lang='lat' dir='ltr'>nomen</span> <span class='ocrx_word' id='word_1_206' title='bbox 1093 1716 1136 1741; x_wconf 89' lang='lat'>.1.</span> <span class='ocrx_word' id='word_1_207' title='bbox 1165 1715 1188 1740; x_wconf 89' lang='lat' dir='ltr'>a</span> <span class='ocrx_word' id='word_1_208' title='bbox 1212 1715 1349 1740; x_wconf 89' lang='lat' dir='ltr'>mense.</span> <span class='ocrx_word' id='word_1_209' title='bbox 1392 1703 1466 1744; x_wconf 87' lang='lat' dir='ltr'>Vel</span> 
     </span>
     <span class='ocr_line' id='line_1_26' title="bbox 0 1753 1465 1802; baseline 0.001 -14"><span class='ocrx_word' id='word_1_210' title='bbox 0 1753 101 1790; x_wconf 68' lang='lat' dir='ltr'>&gt;facit</span> <span class='ocrx_word' id='word_1_211' title='bbox 125 1760 271 1801; x_wconf 83' lang='lat' dir='ltr'>ysteron</span> <span class='ocrx_word' id='word_1_212' title='bbox 298 1759 470 1802; x_wconf 85' lang='lat' dir='ltr'>proteron</span> <span class='ocrx_word' id='word_1_213' title='bbox 497 1759 537 1789; x_wconf 89' lang='lat' dir='ltr'>ut</span> <span class='ocrx_word' id='word_1_214' title='bbox 561 1755 693 1790; x_wconf 89' lang='lat' dir='ltr'>mensis</span> <span class='ocrx_word' id='word_1_215' title='bbox 720 1755 766 1790; x_wconf 89' lang='lat' dir='ltr'>ab</span> <span class='ocrx_word' id='word_1_216' title='bbox 793 1766 837 1790; x_wconf 90' lang='lat' dir='ltr'>ea</span> <span class='ocrx_word' id='word_1_217' title='bbox 861 1761 981 1790; x_wconf 89' lang='lat' dir='ltr'>sumat</span> <span class='ocrx_word' id='word_1_218' title='bbox 1007 1766 1152 1790; x_wconf 89' lang='lat' dir='ltr'>nornen.</span> <span class='ocrx_word' id='word_1_219' title='bbox 1255 1756 1320 1791; x_wconf 89' lang='lat'>40.</span> <span class='ocrx_word' id='word_1_220' title='bbox 1353 1753 1465 1791; x_wconf 87' lang='lat' dir='ltr'>Dicor</span> 
     </span>
     <span class='ocr_line' id='line_1_27' title="bbox 13 1800 1464 1852; baseline -0.001 -11"><span class='ocrx_word' id='word_1_221' title='bbox 13 1800 63 1841; x_wconf 76' lang='grc' dir='ltr'>Σ.</span> <span class='ocrx_word' id='word_1_222' title='bbox 103 1810 141 1840; x_wconf 90' lang='lat' dir='ltr'>et</span> <span class='ocrx_word' id='word_1_223' title='bbox 167 1803 295 1839; x_wconf 91' lang='lat' dir='ltr'>ancillo</span> <span class='ocrx_word' id='word_1_224' title='bbox 323 1815 420 1839; x_wconf 91' lang='lat' dir='ltr'>nom.</span> <span class='ocrx_word' id='word_1_225' title='bbox 446 1815 553 1840; x_wconf 78' lang='lat' dir='ltr'>rma.</span> <span class='ocrx_word' id='word_1_226' title='bbox 567 1815 624 1852; x_wconf 82' lang='lat' dir='ltr'>pr.</span> <span class='ocrx_word' id='word_1_227' title='bbox 664 1803 785 1840; x_wconf 81' lang='lat' dir='ltr'>Gloss.</span> <span class='ocrx_word' id='word_1_228' title='bbox 811 1804 980 1852; x_wconf 82' lang='lat' dir='ltr'>ypallage</span> <span class='ocrx_word' id='word_1_229' title='bbox 1005 1807 1080 1840; x_wconf 82' lang='lat' dir='ltr'>Er.</span> <span class='ocrx_word' id='word_1_230' title='bbox 1116 1805 1141 1840; x_wconf 89' lang='lat' dir='ltr'>i.</span> <span class='ocrx_word' id='word_1_231' title='bbox 1160 1815 1194 1840; x_wconf 92' lang='lat' dir='ltr'>e.</span> <span class='ocrx_word' id='word_1_232' title='bbox 1214 1805 1335 1840; x_wconf 91' lang='lat' dir='ltr'>nullus</span> <span class='ocrx_word' id='word_1_233' title='bbox 1360 1816 1464 1841; x_wconf 91' lang='lat' dir='ltr'>men-</span> 
     </span>
     <span class='ocr_line' id='line_1_28' title="bbox 14 1853 1464 1902; baseline 0.001 -12"><span class='ocrx_word' id='word_1_234' title='bbox 14 1855 62 1891; x_wconf 85' lang='lat' dir='ltr'>sis</span> <span class='ocrx_word' id='word_1_235' title='bbox 88 1865 110 1890; x_wconf 90' lang='lat' dir='ltr'>a</span> <span class='ocrx_word' id='word_1_236' title='bbox 135 1865 194 1890; x_wconf 88' lang='lat' dir='ltr'>me</span> <span class='ocrx_word' id='word_1_237' title='bbox 219 1853 340 1890; x_wconf 88' lang='lat' dir='ltr'>trahat</span> <span class='ocrx_word' id='word_1_238' title='bbox 369 1865 513 1890; x_wconf 91' lang='lat' dir='ltr'>nomen.</span> <span class='ocrx_word' id='word_1_239' title='bbox 534 1856 579 1890; x_wconf 90' lang='lat' dir='ltr'>E.</span> <span class='ocrx_word' id='word_1_240' title='bbox 620 1859 656 1889; x_wconf 87' lang='lat' dir='ltr'>et</span> <span class='ocrx_word' id='word_1_241' title='bbox 680 1854 770 1889; x_wconf 88' lang='lat' dir='ltr'>nulli</span> <span class='ocrx_word' id='word_1_242' title='bbox 795 1854 926 1890; x_wconf 88' lang='lat' dir='ltr'>mensis</span> <span class='ocrx_word' id='word_1_243' title='bbox 952 1865 1125 1902; x_wconf 87' lang='lat' dir='ltr'>assequar</span> <span class='ocrx_word' id='word_1_244' title='bbox 1149 1853 1339 1891; x_wconf 88' lang='lat' dir='ltr'>honorem.</span> <span class='ocrx_word' id='word_1_245' title='bbox 1379 1867 1464 1891; x_wconf 88' lang='lat' dir='ltr'>nam</span> 
     </span>
     <span class='ocr_line' id='line_1_29' title="bbox 14 1902 1468 1954; baseline 0 -13"><span class='ocrx_word' id='word_1_246' title='bbox 14 1915 148 1942; x_wconf 84' lang='lat' dir='ltr'>nomen</span> <span class='ocrx_word' id='word_1_247' title='bbox 174 1916 242 1954; x_wconf 88' lang='lat' dir='ltr'>pro</span> <span class='ocrx_word' id='word_1_248' title='bbox 269 1903 408 1940; x_wconf 88' lang='lat' dir='ltr'>honore</span> <span class='ocrx_word' id='word_1_249' title='bbox 434 1904 594 1954; x_wconf 88' lang='lat' dir='ltr'>ponitur.</span> <span class='ocrx_word' id='word_1_250' title='bbox 622 1906 779 1940; x_wconf 83' lang='lat' dir='ltr'>Marsus</span> <span class='ocrx_word' id='word_1_251' title='bbox 802 1905 842 1940; x_wconf 78' lang='lat' dir='ltr'>in</span> <span class='ocrx_word' id='word_1_252' title='bbox 867 1903 922 1940; x_wconf 83' lang='lat' dir='ltr'>ed.</span> <span class='ocrx_word' id='word_1_253' title='bbox 949 1902 1102 1940; x_wconf 70' lang='lat' dir='ltr'>Medici.</span> <span class='ocrx_word' id='word_1_254' title='bbox 1204 1905 1266 1940; x_wconf 88' lang='lat'>41.</span> <span class='ocrx_word' id='word_1_255' title='bbox 1294 1905 1404 1941; x_wconf 91' lang='lat' dir='ltr'>Tunc</span> <span class='ocrx_word' id='word_1_256' title='bbox 1428 1902 1468 1941; x_wconf 86' lang='lat' dir='ltr'><em>E</em></span> 
     </span>
     <span class='ocr_line' id='line_1_30' title="bbox 17 1952 1464 2004; baseline 0.001 -14"><span class='ocrx_word' id='word_1_257' title='bbox 17 1952 177 1992; x_wconf 81' lang='grc' dir='ltr'><strong>ΦΛΤ.</strong></span> <span class='ocrx_word' id='word_1_258' title='bbox 226 1954 388 2004; x_wconf 92' lang='lat' dir='ltr'>potuisse</span> <span class='ocrx_word' id='word_1_259' title='bbox 413 1953 444 2000; x_wconf 74' lang='lat' dir='ltr'>f.</span> <span class='ocrx_word' id='word_1_260' title='bbox 546 1956 608 1990; x_wconf 85' lang='lat'>43.</span> <span class='ocrx_word' id='word_1_261' title='bbox 643 1954 719 1990; x_wconf 88' lang='lat' dir='ltr'>irae</span> <span class='ocrx_word' id='word_1_262' title='bbox 741 1959 808 1996; x_wconf 53' lang='lat' dir='ltr'>,est</span> <span class='ocrx_word' id='word_1_263' title='bbox 841 1959 947 2003; x_wconf 87' lang='lat' dir='ltr'>rapto</span> <span class='ocrx_word' id='word_1_264' title='bbox 974 1955 1117 1990; x_wconf 87' lang='lat' dir='ltr'>DGN.</span> <span class='ocrx_word' id='word_1_265' title='bbox 1168 1960 1312 2003; x_wconf 88' lang='lat' dir='ltr'>raptum</span> <span class='ocrx_word' id='word_1_266' title='bbox 1349 1967 1464 2003; x_wconf 80' lang='lat' dir='ltr'>gany-</span> 
     </span>
    </p>
   </div>
   <div class='ocr_carea' id='block_1_4' title="bbox 0 1826 92 2954">
    <p class='ocr_par' dir='ltr' id='par_1_5' title="bbox 0 1826 92 2954">
     <span class='ocr_line' id='line_1_31' title="bbox 0 1826 10 1980; baseline 0 -102"><span class='ocrx_word' id='word_1_267' title='bbox 0 1826 10 1980; x_wconf 95' lang='lat' dir='ltr'>   </span> 
     </span>
     <span class='ocr_line' id='line_1_32' title="bbox 0 1980 14 2114; baseline 0 0"><span class='ocrx_word' id='word_1_268' title='bbox 0 1980 14 2114; x_wconf 95' lang='lat' dir='ltr'>  </span> 
     </span>
     <span class='ocr_line' id='line_1_33' title="bbox 0 2114 14 2180; baseline 0 -1"><span class='ocrx_word' id='word_1_269' title='bbox 0 2114 14 2180; x_wconf 95' lang='lat' dir='ltr'>  </span> 
     </span>
     <span class='ocr_line' id='line_1_34' title="bbox 0 2180 17 2334; baseline 0.529 -6"><span class='ocrx_word' id='word_1_270' title='bbox 0 2180 17 2334; x_wconf 95' lang='lat' dir='ltr'>   </span> 
     </span>
     <span class='ocr_line' id='line_1_35' title="bbox 0 2334 92 2480; baseline 0 0"><span class='ocrx_word' id='word_1_271' title='bbox 0 2334 92 2480; x_wconf 95' lang='lat' dir='ltr'>   </span> 
     </span>
     <span class='ocr_line' id='line_1_36' title="bbox 3 2480 42 2638; baseline 0.154 -5"><span class='ocrx_word' id='word_1_272' title='bbox 3 2480 42 2638; x_wconf 95' lang='lat' dir='ltr'>    </span> 
     </span>
     <span class='ocr_line' id='line_1_37' title="bbox 0 2638 35 2954; baseline 0 0"><span class='ocrx_word' id='word_1_273' title='bbox 0 2638 35 2954; x_wconf 95' lang='lat' dir='ltr'>  </span> 
     </span>
    </p>
   </div>
   <div class='ocr_carea' id='block_1_5' title="bbox 12 2053 1501 2696">
    <p class='ocr_par' dir='ltr' id='par_1_6' title="bbox 18 2053 1358 2103">
     <span class='ocr_line' id='line_1_38' title="bbox 18 2053 1358 2103; baseline -0.001 -9"><span class='ocrx_word' id='word_1_274' title='bbox 18 2057 134 2094; x_wconf 77' lang='lat' dir='ltr'>Gran.</span> <span class='ocrx_word' id='word_1_275' title='bbox 180 2054 316 2091; x_wconf 87' lang='lat' dir='ltr'>Forma</span> <span class='ocrx_word' id='word_1_276' title='bbox 343 2055 409 2091; x_wconf 90' lang='lat' dir='ltr'>sub</span> <span class='ocrx_word' id='word_1_277' title='bbox 443 2054 493 2090; x_wconf 91' lang='lat' dir='ltr'>id.</span> <span class='ocrx_word' id='word_1_278' title='bbox 520 2054 582 2090; x_wconf 85' lang='lat'>44.</span> <span class='ocrx_word' id='word_1_279' title='bbox 630 2054 706 2091; x_wconf 86' lang='lat' dir='ltr'>iud.</span> <span class='ocrx_word' id='word_1_280' title='bbox 733 2055 825 2091; x_wconf 90' lang='lat' dir='ltr'>iusta</span> <span class='ocrx_word' id='word_1_281' title='bbox 854 2053 962 2091; x_wconf 83' lang='lat' dir='ltr'>bma.</span> <span class='ocrx_word' id='word_1_282' title='bbox 980 2066 1037 2103; x_wconf 86' lang='lat' dir='ltr'>pr.</span> <span class='ocrx_word' id='word_1_283' title='bbox 1087 2061 1141 2090; x_wconf 93' lang='lat' dir='ltr'>est</span> <span class='ocrx_word' id='word_1_284' title='bbox 1174 2054 1246 2091; x_wconf 73' lang='lat' dir='ltr'>abi.</span> <span class='ocrx_word' id='word_1_285' title='bbox 1275 2055 1358 2092; x_wconf 82' lang='lat' dir='ltr'>duo.</span> 
     </span>
    </p>

    <p class='ocr_par' dir='ltr' id='par_1_7' title="bbox 12 2102 1463 2306">
     <span class='ocr_line' id='line_1_39' title="bbox 64 2102 1463 2153; baseline 0 -12"><span class='ocrx_word' id='word_1_286' title='bbox 64 2106 127 2143; x_wconf 86' lang='lat'>45.</span> <span class='ocrx_word' id='word_1_287' title='bbox 154 2108 229 2151; x_wconf 77' lang='lat' dir='ltr'>Ita,</span> <span class='ocrx_word' id='word_1_288' title='bbox 255 2105 416 2153; x_wconf 81' lang='lat' dir='ltr'>foueam,</span> <span class='ocrx_word' id='word_1_289' title='bbox 442 2106 627 2142; x_wconf 81' lang='lat' dir='ltr'>DG22r.</span> <span class='ocrx_word' id='word_1_290' title='bbox 669 2104 778 2141; x_wconf 88' lang='lat' dir='ltr'>soueo</span> <span class='ocrx_word' id='word_1_291' title='bbox 807 2102 1463 2142; x_wconf 66' lang='lat' dir='ltr'><em>BGEFOEAMNOPIFFAE</em></span> 
     </span>
     <span class='ocr_line' id='line_1_40' title="bbox 16 2154 1461 2205; baseline -0.001 -12"><span class='ocrx_word' id='word_1_292' title='bbox 16 2154 86 2193; x_wconf 83' lang='lat' dir='ltr'>Tb</span> <span class='ocrx_word' id='word_1_293' title='bbox 96 2155 121 2203; x_wconf 75' lang='lat' dir='ltr'><strong><em>f</em></strong></span> <span class='ocrx_word' id='word_1_294' title='bbox 123 2168 146 2205; x_wconf 82' lang='lat'><em>9</em></span> <span class='ocrx_word' id='word_1_295' title='bbox 156 2168 229 2194; x_wconf 83' lang='lat' dir='ltr'>ma.</span> <span class='ocrx_word' id='word_1_296' title='bbox 241 2168 297 2204; x_wconf 83' lang='lat' dir='ltr'>pr.</span> <span class='ocrx_word' id='word_1_297' title='bbox 309 2158 502 2205; x_wconf 74' lang='lat' dir='ltr'>mpssslO</span> <span class='ocrx_word' id='word_1_298' title='bbox 513 2159 559 2191; x_wconf 88' lang='lat'>12</span> <span class='ocrx_word' id='word_1_299' title='bbox 571 2158 621 2191; x_wconf 90' lang='lat'>20</span> <span class='ocrx_word' id='word_1_300' title='bbox 632 2158 677 2191; x_wconf 80' lang='lat'>33</span> <span class='ocrx_word' id='word_1_301' title='bbox 690 2158 739 2190; x_wconf 88' lang='grc'>40</span> <span class='ocrx_word' id='word_1_302' title='bbox 749 2157 796 2191; x_wconf 92' lang='grc'>41</span> <span class='ocrx_word' id='word_1_303' title='bbox 823 2154 1080 2204; x_wconf 72' lang='lat' dir='ltr'>undetriyinta.</span> <span class='ocrx_word' id='word_1_304' title='bbox 1122 2155 1198 2191; x_wconf 82' lang='lat' dir='ltr'>foui</span> <span class='ocrx_word' id='word_1_305' title='bbox 1225 2158 1356 2193; x_wconf 72' lang='lat' dir='ltr'>caeteri,</span> <span class='ocrx_word' id='word_1_306' title='bbox 1380 2168 1461 2193; x_wconf 79' lang='lat' dir='ltr'>cum</span> 
     </span>
     <span class='ocr_line' id='line_1_41' title="bbox 12 2205 1460 2255; baseline -0.001 -11"><span class='ocrx_word' id='word_1_307' title='bbox 12 2211 99 2245; x_wconf 74' lang='lat' dir='ltr'>nen.</span> <span class='ocrx_word' id='word_1_308' title='bbox 117 2207 172 2244; x_wconf 79' lang='lat' dir='ltr'>ed.</span> <span class='ocrx_word' id='word_1_309' title='bbox 193 2211 228 2243; x_wconf 82' lang='lat' dir='ltr'>et</span> <span class='ocrx_word' id='word_1_310' title='bbox 250 2207 310 2255; x_wconf 82' lang='lat' dir='ltr'>cp</span> <span class='ocrx_word' id='word_1_311' title='bbox 323 2218 405 2243; x_wconf 80' lang='lat' dir='ltr'>uar.</span> <span class='ocrx_word' id='word_1_312' title='bbox 423 2218 494 2243; x_wconf 78' lang='lat' dir='ltr'>scr.</span> <span class='ocrx_word' id='word_1_313' title='bbox 534 2213 670 2253; x_wconf 79' lang='lat' dir='ltr'>cartag.</span> <span class='ocrx_word' id='word_1_314' title='bbox 694 2208 787 2242; x_wconf 88' lang='lat' dir='ltr'>DE.</span> <span class='ocrx_word' id='word_1_315' title='bbox 830 2206 969 2254; x_wconf 85' lang='lat' dir='ltr'>kartag.</span> <span class='ocrx_word' id='word_1_316' title='bbox 993 2207 1038 2242; x_wconf 89' lang='lat' dir='ltr'>G.</span> <span class='ocrx_word' id='word_1_317' title='bbox 1080 2205 1245 2255; x_wconf 87' lang='lat' dir='ltr'>karthag.</span> <span class='ocrx_word' id='word_1_318' title='bbox 1271 2206 1302 2252; x_wconf 76' lang='lat' dir='ltr'>f.</span> <span class='ocrx_word' id='word_1_319' title='bbox 1343 2206 1460 2243; x_wconf 88' lang='lat' dir='ltr'>carth.</span> 
     </span>
     <span class='ocr_line' id='line_1_42' title="bbox 14 2252 1360 2306; baseline 0 -13"><span class='ocrx_word' id='word_1_320' title='bbox 14 2257 121 2293; x_wconf 81' lang='lat' dir='ltr'>urbes</span> <span class='ocrx_word' id='word_1_321' title='bbox 147 2256 276 2306; x_wconf 90' lang='lat' dir='ltr'>(duces</span> <span class='ocrx_word' id='word_1_322' title='bbox 302 2258 342 2292; x_wconf 73' lang='lat' dir='ltr'>in</span> <span class='ocrx_word' id='word_1_323' title='bbox 366 2258 501 2305; x_wconf 72' lang='lat' dir='ltr'>marg.)</span> <span class='ocrx_word' id='word_1_324' title='bbox 528 2252 574 2292; x_wconf 80' lang='grc' dir='ltr'>Σ.</span> <span class='ocrx_word' id='word_1_325' title='bbox 621 2255 742 2293; x_wconf 81' lang='lat' dir='ltr'>Gloss.</span> <span class='ocrx_word' id='word_1_326' title='bbox 765 2256 809 2292; x_wconf 83' lang='lat' dir='ltr'>G:</span> <span class='ocrx_word' id='word_1_327' title='bbox 836 2268 858 2292; x_wconf 85' lang='lat' dir='ltr'>a</span> <span class='ocrx_word' id='word_1_328' title='bbox 882 2256 1023 2305; x_wconf 86' lang='lat' dir='ltr'>uirgilio</span> <span class='ocrx_word' id='word_1_329' title='bbox 1049 2262 1213 2305; x_wconf 91' lang='lat' dir='ltr'>sumptus</span> <span class='ocrx_word' id='word_1_330' title='bbox 1245 2257 1360 2294; x_wconf 87' lang='lat' dir='ltr'>locus.</span> 
     </span>
    </p>

    <p class='ocr_par' dir='ltr' id='par_1_8' title="bbox 21 2305 1501 2696">
     <span class='ocr_line' id='line_1_43' title="bbox 63 2305 1461 2355; baseline 0.001 -13"><span class='ocrx_word' id='word_1_331' title='bbox 63 2308 126 2352; x_wconf 82' lang='lat'>47,</span> <span class='ocrx_word' id='word_1_332' title='bbox 145 2310 208 2353; x_wconf 84' lang='lat'>48,</span> <span class='ocrx_word' id='word_1_333' title='bbox 228 2307 292 2354; x_wconf 84' lang='lat'>45,</span> <span class='ocrx_word' id='word_1_334' title='bbox 311 2307 360 2342; x_wconf 87' lang='lat'>46</span> <span class='ocrx_word' id='word_1_335' title='bbox 378 2310 584 2355; x_wconf 59' lang='lat' dir='ltr'>transjuM</span> <span class='ocrx_word' id='word_1_336' title='bbox 589 2310 632 2343; x_wconf 93' lang='lat' dir='ltr'>P.</span> <span class='ocrx_word' id='word_1_337' title='bbox 736 2308 798 2343; x_wconf 87' lang='grc'><strong>46.</strong></span> <span class='ocrx_word' id='word_1_338' title='bbox 824 2305 921 2342; x_wconf 90' lang='lat' dir='ltr'>Dum</span> <span class='ocrx_word' id='word_1_339' title='bbox 949 2318 1029 2343; x_wconf 88' lang='lat' dir='ltr'>mea</span> <span class='ocrx_word' id='word_1_340' title='bbox 1054 2313 1138 2342; x_wconf 90' lang='lat' dir='ltr'>sunt</span> <span class='ocrx_word' id='word_1_341' title='bbox 1163 2306 1225 2342; x_wconf 91' lang='lat' dir='ltr'>illo</span> <span class='ocrx_word' id='word_1_342' title='bbox 1254 2307 1343 2343; x_wconf 86' lang='lat' dir='ltr'>Bo.</span> <span class='ocrx_word' id='word_1_343' title='bbox 1378 2318 1461 2344; x_wconf 85' lang='lat' dir='ltr'>mea</span> 
     </span>
     <span class='ocr_line' id='line_1_44' title="bbox 33 2356 1458 2406; baseline 0.001 -13"><span class='ocrx_word' id='word_1_344' title='bbox 33 2362 99 2393; x_wconf 87' lang='lat' dir='ltr'>unt</span> <span class='ocrx_word' id='word_1_345' title='bbox 122 2369 145 2406; x_wconf 80' lang='lat'><em>9</em></span> <span class='ocrx_word' id='word_1_346' title='bbox 161 2369 306 2405; x_wconf 63' lang='lat' dir='ltr'>mmpr.</span> <span class='ocrx_word' id='word_1_347' title='bbox 353 2358 414 2393; x_wconf 89' lang='lat' dir='ltr'>illo</span> <span class='ocrx_word' id='word_1_348' title='bbox 442 2369 511 2396; x_wconf 77' lang='lat' dir='ltr'>mn.</span> <span class='ocrx_word' id='word_1_349' title='bbox 529 2360 652 2394; x_wconf 81' lang='lat' dir='ltr'>Dma.</span> <span class='ocrx_word' id='word_1_350' title='bbox 669 2369 725 2406; x_wconf 71' lang='lat' dir='ltr'>pr.</span> <span class='ocrx_word' id='word_1_351' title='bbox 828 2358 890 2392; x_wconf 88' lang='lat'>47.</span> <span class='ocrx_word' id='word_1_352' title='bbox 917 2356 1087 2406; x_wconf 88' lang='lat' dir='ltr'>sparthen</span> <span class='ocrx_word' id='word_1_353' title='bbox 1112 2358 1162 2393; x_wconf 92' lang='lat' dir='ltr'>D.</span> <span class='ocrx_word' id='word_1_354' title='bbox 1210 2368 1382 2406; x_wconf 83' lang='lat' dir='ltr'>meosque</span> <span class='ocrx_word' id='word_1_355' title='bbox 1412 2359 1458 2394; x_wconf 81' lang='lat' dir='ltr'>G.</span> 
     </span>
     <span class='ocr_line' id='line_1_45' title="bbox 54 2407 1457 2456; baseline 0.002 -14"><span class='ocrx_word' id='word_1_356' title='bbox 54 2407 143 2443; x_wconf 72' lang='lat' dir='ltr'>&#39;cem</span> <span class='ocrx_word' id='word_1_357' title='bbox 162 2410 244 2445; x_wconf 89' lang='lat' dir='ltr'>DE</span> <span class='ocrx_word' id='word_1_358' title='bbox 258 2409 332 2444; x_wconf 85' lang='lat' dir='ltr'>Gr.</span> <span class='ocrx_word' id='word_1_359' title='bbox 371 2419 537 2445; x_wconf 89' lang='lat' dir='ltr'>mecenas</span> <span class='ocrx_word' id='word_1_360' title='bbox 566 2407 739 2456; x_wconf 80' lang='lat' dir='ltr'>bma.pr.</span> <span class='ocrx_word' id='word_1_361' title='bbox 842 2408 906 2444; x_wconf 85' lang='lat'>48.</span> <span class='ocrx_word' id='word_1_362' title='bbox 934 2408 1026 2443; x_wconf 89' lang='lat' dir='ltr'>lacio</span> <span class='ocrx_word' id='word_1_363' title='bbox 1048 2407 1093 2443; x_wconf 78' lang='lat' dir='ltr'>G.</span> <span class='ocrx_word' id='word_1_364' title='bbox 1132 2407 1362 2456; x_wconf 84' lang='lat' dir='ltr'>subposuisse</span> <span class='ocrx_word' id='word_1_365' title='bbox 1383 2410 1457 2445; x_wconf 82' lang='lat' dir='ltr'>Dr.</span> 
     </span>
     <span class='ocr_line' id='line_1_46' title="bbox 36 2455 1457 2504; baseline 0.001 -12"><span class='ocrx_word' id='word_1_366' title='bbox 36 2456 154 2493; x_wconf 43' lang='lat' dir='ltr'>“iim</span> <span class='ocrx_word' id='word_1_367' title='bbox 173 2460 222 2494; x_wconf 88' lang='lat' dir='ltr'>D.</span> <span class='ocrx_word' id='word_1_368' title='bbox 257 2457 384 2495; x_wconf 81' lang='lat' dir='ltr'>Gloss.</span> <span class='ocrx_word' id='word_1_369' title='bbox 407 2459 515 2504; x_wconf 69' lang='lat' dir='ltr'>sarm]</span> <span class='ocrx_word' id='word_1_370' title='bbox 546 2458 605 2493; x_wconf 84' lang='lat' dir='ltr'>ubi</span> <span class='ocrx_word' id='word_1_371' title='bbox 632 2466 717 2494; x_wconf 86' lang='lat' dir='ltr'>nata</span> <span class='ocrx_word' id='word_1_372' title='bbox 743 2456 796 2493; x_wconf 89' lang='lat' dir='ltr'>fui</span> <span class='ocrx_word' id='word_1_373' title='bbox 822 2460 867 2494; x_wconf 89' lang='lat' dir='ltr'>E.</span> <span class='ocrx_word' id='word_1_374' title='bbox 906 2457 1076 2494; x_wconf 84' lang='lat' dir='ltr'>Veterem</span> <span class='ocrx_word' id='word_1_375' title='bbox 1104 2455 1190 2493; x_wconf 86' lang='lat' dir='ltr'>dicit</span> <span class='ocrx_word' id='word_1_376' title='bbox 1215 2456 1261 2494; x_wconf 89' lang='lat' dir='ltr'>ad</span> <span class='ocrx_word' id='word_1_377' title='bbox 1287 2456 1457 2494; x_wconf 88' lang='lat' dir='ltr'>differen-</span> 
     </span>
     <span class='ocr_line' id='line_1_47' title="bbox 34 2506 1456 2558; baseline 0.001 -16"><span class='ocrx_word' id='word_1_378' title='bbox 34 2506 107 2542; x_wconf 86' lang='lat' dir='ltr'>iam</span> <span class='ocrx_word' id='word_1_379' title='bbox 131 2507 222 2544; x_wconf 87' lang='lat' dir='ltr'>illius</span> <span class='ocrx_word' id='word_1_380' title='bbox 253 2519 362 2558; x_wconf 88' lang='lat' dir='ltr'>quam</span> <span class='ocrx_word' id='word_1_381' title='bbox 395 2509 502 2545; x_wconf 88' lang='lat' dir='ltr'>iasius</span> <span class='ocrx_word' id='word_1_382' title='bbox 529 2509 644 2545; x_wconf 78' lang='lat' dir='ltr'>frater</span> <span class='ocrx_word' id='word_1_383' title='bbox 675 2507 827 2544; x_wconf 88' lang='lat' dir='ltr'>dardani</span> <span class='ocrx_word' id='word_1_384' title='bbox 859 2519 904 2544; x_wconf 86' lang='lat' dir='ltr'>ex</span> <span class='ocrx_word' id='word_1_385' title='bbox 930 2515 1034 2557; x_wconf 87' lang='lat' dir='ltr'>parte</span> <span class='ocrx_word' id='word_1_386' title='bbox 1060 2508 1183 2544; x_wconf 85' lang='lat' dir='ltr'>matris</span> <span class='ocrx_word' id='word_1_387' title='bbox 1209 2507 1381 2544; x_wconf 89' lang='lat' dir='ltr'>recedens</span> <span class='ocrx_word' id='word_1_388' title='bbox 1410 2508 1456 2544; x_wconf 92' lang='lat' dir='ltr'>ab</span> 
     </span>
     <span class='ocr_line' id='line_1_48' title="bbox 21 2556 1501 2608; baseline 0.001 -16"><span class='ocrx_word' id='word_1_389' title='bbox 21 2556 119 2593; x_wconf 80' lang='lat' dir='ltr'>‘talia</span> <span class='ocrx_word' id='word_1_390' title='bbox 143 2557 300 2595; x_wconf 86' lang='lat' dir='ltr'>condidit</span> <span class='ocrx_word' id='word_1_391' title='bbox 323 2559 360 2596; x_wconf 91' lang='lat' dir='ltr'>in</span> <span class='ocrx_word' id='word_1_392' title='bbox 387 2559 499 2595; x_wconf 86' lang='lat' dir='ltr'>tracia</span> <span class='ocrx_word' id='word_1_393' title='bbox 533 2571 642 2608; x_wconf 85' lang='lat' dir='ltr'>quarn</span> <span class='ocrx_word' id='word_1_394' title='bbox 674 2559 818 2594; x_wconf 88' lang='lat' dir='ltr'>uocauit</span> <span class='ocrx_word' id='word_1_395' title='bbox 848 2570 986 2595; x_wconf 90' lang='lat' dir='ltr'>samum</span> <span class='ocrx_word' id='word_1_396' title='bbox 1013 2558 1156 2594; x_wconf 76' lang='lat' dir='ltr'>nemine</span> <span class='ocrx_word' id='word_1_397' title='bbox 1181 2558 1332 2594; x_wconf 88' lang='lat' dir='ltr'>ciuitatis</span> <span class='ocrx_word' id='word_1_398' title='bbox 1359 2558 1457 2594; x_wconf 90' lang='lat' dir='ltr'>unde</span> <span class='ocrx_word' id='word_1_399' title='bbox 1497 2574 1501 2577; x_wconf 57' lang='lat'><strong><em>¹</em></strong></span> 
     </span>
     <span class='ocr_line' id='line_1_49' title="bbox 45 2608 1456 2659; baseline 0.001 -16"><span class='ocrx_word' id='word_1_400' title='bbox 45 2613 183 2644; x_wconf 87' lang='lat' dir='ltr'>enerat.</span> <span class='ocrx_word' id='word_1_401' title='bbox 219 2608 301 2647; x_wconf 85' lang='lat' dir='ltr'>dein</span> <span class='ocrx_word' id='word_1_402' title='bbox 328 2610 472 2648; x_wconf 84' lang='lat' dir='ltr'>uocauit</span> <span class='ocrx_word' id='word_1_403' title='bbox 500 2610 744 2648; x_wconf 83' lang='lat' dir='ltr'>samotratiam</span> <span class='ocrx_word' id='word_1_404' title='bbox 770 2614 922 2659; x_wconf 89' lang='lat' dir='ltr'>propter</span> <span class='ocrx_word' id='word_1_405' title='bbox 952 2620 1112 2645; x_wconf 89' lang='lat' dir='ltr'>amorem</span> <span class='ocrx_word' id='word_1_406' title='bbox 1144 2619 1239 2646; x_wconf 88' lang='lat' dir='ltr'>noue</span> <span class='ocrx_word' id='word_1_407' title='bbox 1270 2614 1366 2647; x_wconf 83' lang='lat' dir='ltr'>terre</span> <span class='ocrx_word' id='word_1_408' title='bbox 1391 2608 1456 2645; x_wconf 84' lang='lat' dir='ltr'>scl&#39;</span> 
     </span>
     <span class='ocr_line' id='line_1_50' title="bbox 35 2657 229 2696; baseline 0.015 -4"><span class='ocrx_word' id='word_1_409' title='bbox 35 2657 154 2695; x_wconf 87' lang='lat' dir='ltr'>raciae</span> <span class='ocrx_word' id='word_1_410' title='bbox 179 2659 229 2696; x_wconf 90' lang='lat' dir='ltr'>D.</span> 
     </span>
    </p>
   </div>
   <div class='ocr_carea' id='block_1_6' title="bbox 67 2718 1142 2757">
    <p class='ocr_par' dir='ltr' id='par_1_9' title="bbox 67 2718 1142 2757">
     <span class='ocr_line' id='line_1_51' title="bbox 67 2718 1142 2757; baseline 0.009 -10"><span class='ocrx_word' id='word_1_411' title='bbox 67 2718 126 2751; x_wconf 79' lang='lat' dir='ltr'>on.</span> <span class='ocrx_word' id='word_1_412' title='bbox 145 2719 237 2750; x_wconf 76' lang='lat' dir='ltr'>Fasti.</span> <span class='ocrx_word' id='word_1_413' title='bbox 1096 2721 1142 2757; x_wconf 84' lang='lat'>17</span> 
     </span>
    </p>
   </div>
   <div class='ocr_carea' id='block_1_7' title="bbox 13 2004 1460 2058">
    <p class='ocr_par' dir='ltr' id='par_1_10' title="bbox 13 1984 1569 2058">
     <span class='ocr_line' id='line_1_52' title="bbox 13 2004 1460 2058; baseline 0 -16"><span class='ocrx_word' id='word_1_414' title='bbox 13 2004 122 2042; x_wconf 90' lang='lat' dir='ltr'>meda</span> <span class='ocrx_word' id='word_1_415' title='bbox 141 2017 171 2042; x_wconf 84' lang='lat' dir='ltr'>e.</span> <span class='ocrx_word' id='word_1_416' title='bbox 210 2005 342 2058; x_wconf 82' lang='lat' dir='ltr'>ganim.</span> <span class='ocrx_word' id='word_1_417' title='bbox 362 2006 441 2041; x_wconf 67' lang='lat' dir='ltr'>mei.</span> <span class='ocrx_word' id='word_1_418' title='bbox 545 2005 608 2040; x_wconf 89' lang='lat'>44.</span> <span class='ocrx_word' id='word_1_419' title='bbox 634 2015 781 2054; x_wconf 88' lang='lat' dir='ltr'>quoque</span> <span class='ocrx_word' id='word_1_420' title='bbox 806 2006 843 2040; x_wconf 76' lang='lat' dir='ltr'>in</span> <span class='ocrx_word' id='word_1_421' title='bbox 861 2016 940 2041; x_wconf 75' lang='lat' dir='ltr'>lras.</span> <span class='ocrx_word' id='word_1_422' title='bbox 957 2016 1005 2040; x_wconf 83' lang='lat' dir='ltr'>m.</span> <span class='ocrx_word' id='word_1_423' title='bbox 1041 2004 1249 2053; x_wconf 85' lang='lat' dir='ltr'>Formaque</span> <span class='ocrx_word' id='word_1_424' title='bbox 1269 2004 1318 2044; x_wconf 89' lang='lat' dir='ltr'>id.</span> <span class='ocrx_word' id='word_1_425' title='bbox 1344 2006 1460 2043; x_wconf 75' lang='lat' dir='ltr'>Gtest.</span> 
     </span>
    </p>
   </div>
  </div>
 </body>
</html>
