1685 2954
587 181 643 209 DE
674 180 792 209 LOCIS
825 179 1059 208 RELIGIOSIS
1446 181 1546 211 CLIII

103 283 286 333 regionem
314 281 536 320 undecimam
555 286 738 317 assecutus
761 278 904 316 uidetur
926 278 1038 316 salsus
1064 279 1123 316 ille
1144 279 1185 317 P.
1205 280 1344 328 Victor,
1370 281 1547 331 necssopus

103 343 286 381 habuisset
311 344 458 381 alteram
479 341 644 378 Matutae
667 342 701 377 in
723 340 848 378 eadem
870 339 996 377 aedem
1019 342 1247 378 comminisci.
1299 341 1452 379 Stimula
1479 342 1548 379 dea

105 410 404 442 commemoratur
429 402 627 439 secundum
655 403 857 439 Varronem
885 401 931 437 ab
958 402 1157 450 Augustino
1185 403 1231 440 <le
1258 416 1290 440 c.
1317 403 1354 440 d.
1382 405 1420 451 4,
1440 406 1484 439 ll
1512 410 1550 440 et

107 469 177 514 163
208 468 306 503 lucus
333 465 378 501 ab
405 476 448 501 ea
476 476 668 513 nusquam,
697 464 761 499 nisi
788 475 809 499 a
838 462 950 499 schol.
980 463 1105 501 luuen.
1132 468 1170 511 2,
1191 468 1212 500 3
1237 464 1434 501 secundum
1455 464 1552 502 Oui-

106 527 220 575 dium,
248 533 287 563 ut
311 532 416 575 puto,
443 526 662 575 appellatur.

206 589 263 625 De
289 594 428 637 porta
455 588 767 634 Fenestella,
793 588 832 635 6,
854 588 949 635 578,
977 589 1078 624 uaria
1104 589 1252 625 suerunt
1279 588 1466 625 doctorum
1492 590 1552 626 iu-

106 651 215 688 dicia:
243 661 370 699 parum
391 650 583 699 perspicua
610 649 695 685 mihi
717 651 792 685 uisa
817 657 900 686 suut
928 663 1022 699 quae
1048 650 1218 687 Sachsius
1244 654 1278 694 l,
1308 663 1344 699 p.
1362 653 1435 686 227
1463 652 1550 688 scri-

105 713 195 762 psit:
226 712 432 760 Hartungus
458 724 560 748 more
585 724 651 748 suo
679 712 808 748 leuiter
827 716 864 759 2,
884 725 921 761 p.
938 713 1025 748 234.
1066 713 1140 748 Res
1167 719 1221 749 est
1246 712 1418 748 elicienda
1440 724 1483 749 ex
1501 713 1554 750 his

104 772 291 811 Plutarchi
316 774 418 821 locis,
445 780 585 823 quaest.
605 774 675 809 Ro.
701 786 733 809 c.
750 775 818 809 36:
846 769 931 810 Διά
959 771 1000 809 τί
1024 769 1152 822 πύλην
1179 770 1275 820 μίαν
1300 769 1454 822 θυρίδα
1481 786 1556 810 κα-

109 835 224 872 λοῦσι
259 831 358 884 (τὴν
392 831 468 884 γὰρ
497 831 689 885 φενέςραν
726 835 845 872 τοῦτο
880 832 1110 884 σημαίνειν)
1148 833 1214 871 καὶ
1249 829 1346 881 παρ’
1379 829 1506 883 αὐτὴν
1534 829 1554 872 ὃ

108 892 356 945 καλούμενος
386 893 524 945 Τύχης
553 892 749 944 θάλαμός
777 895 859 944 332,-
899 903 935 932 et
970 897 1016 933 de
1049 897 1134 933 sort.
1163 898 1234 933 Ro.
1263 909 1293 932 c.
1313 899 1381 932 10:
1405 917 1454 924 —-
1482 891 1556 941 ὥςε

110 958 175 997 καὶ
204 962 379 997 συνεῖναι.
416 957 545 995 δοκεῖν
580 955 690 1010 αὐτῷ
717 954 788 1007 τὴν
819 951 958 1005 Τύχην
994 952 1061 993 διά
1098 969 1205 1001 τινος
1231 955 1404 1006 θυρίδος
1430 971 1558 995 κατα-

108 1020 333 1070 βαίνουσαν
362 1017 417 1064 εἶς
443 1016 488 1058 τὸ
518 1015 735 1068 δωμάτιον,
763 1014 786 1055 ὃ
812 1018 883 1055 νῦν
915 1015 1160 1063 Φενεςέλλαν
1195 1015 1324 1069 πύλην
1351 1019 1557 1057 καλοῦσιν.

109 1083 251 1120 Inuenit
276 1083 386 1130 igitur
411 1083 467 1118 hic
488 1083 704 1119 mentionem
728 1081 862 1116 saetam
887 1081 1072 1117 aediculae
1093 1082 1291 1130 Fortunae,
1320 1096 1428 1132 quam
1456 1084 1560 1132 iguo-

111 1156 194 1181 rare
221 1144 364 1179 uidetur
390 1144 565 1188 Ouidius,
601 1143 788 1179 dedicatae
823 1155 939 1193 prope
965 1150 1131 1193 portam,
1166 1145 1266 1181 cuius
1292 1145 1452 1182 meminit
1478 1151 1560 1181 tan-

110 1217 219 1254 quam
246 1206 445 1254 superstitis
465 1213 586 1255 poeta.
629 1205 684 1241 Ea
707 1205 873 1241 Fortuna
901 1218 972 1254 quo
999 1206 1212 1253 cognomine
1239 1206 1324 1242 olim
1351 1214 1562 1244 consecrata

108 1266 231 1313 fuerit,
258 1274 295 1303 et
320 1267 495 1317 numquid
524 1267 656 1304 ueteris
681 1266 877 1302 memoriae
902 1267 1021 1303 uerbis
1049 1260 1068 1303 ὃ
1097 1266 1187 1306 καλ.
1212 1262 1313 1315 Τύχ.
1335 1261 1435 1304 θάλ.
1462 1269 1560 1316 insit,

68 1359 70 1361 .
110 1331 252 1366 nescioz
297 1341 369 1366 non
406 1336 526 1365 tamen
562 1328 631 1364 hoc
667 1327 895 1364 crediderim.
958 1328 1169 1365 Aediculam
1203 1330 1414 1366 instructam
1449 1330 1561 1368 fuisse

112 1391 276 1441 suspicor
310 1389 512 1428 minusculo
547 1390 721 1428 eiusmodi
756 1390 872 1437 ostio,
909 1390 1007 1440 quod
1044 1390 1220 1440 appellari
1252 1390 1408 1437 festram
1439 1392 1563 1430 docuit

111 1453 195 1489 olim
223 1453 397 1489 Antonius
425 1452 573 1502 Gnipho
610 1458 702 1488 teste
733 1451 896 1487 Macrob.
931 1458 999 1488 sat.
1027 1455 1064 1499 3,
1088 1455 1149 1500 12,
1177 1465 1214 1502 p.
1236 1454 1325 1500 412,
1351 1458 1412 1490 13.
1472 1455 1562 1492 Inde

111 1516 196 1565 quia
221 1513 377 1561 festram
401 1515 569 1563 antiquos
595 1513 723 1550 dixisse
752 1512 951 1559 fenestram
977 1520 1139 1559 constat,
1175 1514 1280 1550 Paul.
1307 1515 1408 1553 Diae.
1438 1529 1475 1566 p.
1495 1519 1560 1565 91,

112 1576 152 1623 5,
178 1576 224 1612 ab
250 1576 341 1612 istoc
366 1588 431 1612 suo
457 1575 593 1624 templo
614 1575 776 1611 Fortuna
803 1575 870 1610 rite
898 1587 1095 1623 cognomen
1117 1576 1345 1614 Fenestellae
1370 1585 1478 1614 nacta
1506 1579 1563 1614 ui-

115 1636 239 1673 detur:
276 1637 402 1673 similia
438 1645 522 1673 sunt
549 1636 686 1685 Iupiter
714 1633 928 1682 Vimineus,
955 1637 1132 1685 Tigillus,
1162 1638 1336 1674 Hercules
1362 1638 1562 1678 Musarum.

118 1698 333 1747 Vbicunque
361 1711 448 1734 uero
475 1699 536 1734 illa
561 1698 724 1734 aedicula
751 1697 843 1745 suit,
878 1711 960 1734 nam
988 1699 1034 1736 de
1057 1706 1180 1735 monte
1206 1700 1392 1749 Esquilino
1420 1701 1564 1739 minime

116 1760 342 1808 exploratum
370 1759 511 1806 habeo,
547 1771 665 1807 prope
690 1767 833 1808 portam
862 1761 1020 1810 aliquam
1057 1767 1238 1797 uetustam
1271 1761 1340 1798 suit
1365 1762 1564 1800 secundum

116 1819 363 1858 Plutarchum.
418 1821 492 1856 Res
519 1832 606 1856 uero
637 1826 692 1855 est
723 1821 906 1857 notissima
936 1828 1122 1870 portarum
1150 1823 1295 1858 nomina
1319 1823 1512 1860 multarum
1542 1836 1565 1862 a

117 1883 257 1920 sacellis
284 1881 455 1931 proximis
482 1882 594 1930 petita
620 1881 749 1916 fuisse.-
780 1882 827 1916 de
855 1881 1090 1928 Carmentali,
1117 1882 1327 1930 Lauernali,
1354 1883 1566 1922 Libitinensi

118 1945 179 1981 uix
205 1944 277 1980 ulla
305 1949 359 1979 est
385 1941 578 1985 dubitati05
606 1942 652 1978 de
674 1942 856 1978 Fontinali
882 1942 1026 1978 uidetur
1046 1944 1170 1979 testari
1187 1943 1321 1980 Paulus
1333 1945 1436 1982 Diac.
1451 1958 1489 1995 p.
1502 1946 1564 1991 85,

118 2008 165 2052 3,
196 2005 242 2042 de
267 2004 424 2040 Minucia
459 2003 592 2040 diserte
619 2010 772 2040 testatur
799 2017 836 2053 p.
860 2005 948 2050 147,
969 2005 1014 2040 4:
1050 2007 1220 2042 Minucia
1245 2011 1352 2055 porta
1378 2007 1566 2057 appellata

118 2070 171 2103 est
195 2078 247 2110 eo,
275 2065 368 2113 quod
392 2067 562 2114 proxima
587 2070 678 2102 esset
701 2066 831 2102 sacello
851 2067 1018 2105 Minutii.
1059 2065 1118 2101 Ex
1144 2068 1204 2103 illo
1224 2068 1412 2105 Fortunae
1431 2081 1566 2118 cogno-

55 2138 61 2144 ’
117 2129 214 2164 mine
240 2139 312 2176 quo
340 2127 447 2163 modo
473 2127 596 2163 fabula
623 2129 684 2164 illa
705 2128 751 2164 de
778 2128 919 2164 uisente
941 2133 1141 2164 amatorem
1160 2129 1322 2166 Fortuna
1342 2142 1461 2179 paene
1482 2131 1566 2167 oriri

118 2189 300 2235 debuerit,
326 2188 507 2237 intelligis,
535 2190 634 2225 cuius
657 2190 830 2225 memoria
851 2189 1014 2226 adhaesit
1039 2190 1072 2226 ei
1098 2190 1275 2238 aedificio,
1302 2192 1401 2240 quod
1425 2204 1505 2227 cum
1523 2204 1568 2228 ea

119 2251 368 2300 appellatione
397 2251 589 2287 nouissime
616 2250 818 2300 superfuit:
855 2250 941 2300 quid
976 2251 1198 2300 superfuerit
1222 2252 1407 2288 Plutarchi
1433 2259 1569 2300 aetate,

117 2312 244 2349 inutile
275 2311 371 2347 soret
398 2323 595 2360 quaerere3
632 2311 787 2348 sortasse
819 2312 931 2359 nihil,
967 2318 1005 2348 et
1038 2312 1180 2349 uidetur
1213 2314 1373 2350 diuersas
1407 2314 1569 2362 priorum

118 2374 405 2423 antiquariorum
433 2374 620 2422 opinio-nes
646 2381 811 2418 secutus,
846 2387 1001 2423 quorum
1027 2374 1174 2423 quidam
1200 2380 1330 2425 portae
1354 2387 1472 2426 prope
1497 2375 1567 2412 iam

119 2433 297 2471 euanidae
323 2435 493 2484 reliquias
519 2436 630 2485 ipsius
658 2436 779 2472 sacelli
806 2447 884 2471 esse
911 2437 1133 2484 putauerint.

624 2535 777 2571 LIBER
803 2534 1054 2572 OCTAVVS.

219 2619 367 2668 Fragm.
390 2622 424 2655 1.
466 2617 563 2655 Gell.
588 2631 625 2655 n.
648 2620 691 2656 A.
716 2622 756 2665 2,
772 2621 841 2655 28:
870 2639 914 2646 --
944 2617 1005 2655 ubi
1030 2623 1166 2656 terram
1190 2621 1347 2657 mouisse
1371 2625 1569 2664 senserunt,

124 2681 378 2716 ‚annotationum
403 2685 504 2725 erat,
539 2680 656 2726 ferias
680 2682 757 2717 eius
788 2682 840 2717 rei
866 2692 980 2716 causa
1005 2677 1117 2718 edicto
1147 2681 1395 2730 imperabant,
1427 2681 1489 2718 sed
1514 2681 1570 2717 dez

124 2750 249 2778 nomen
273 2743 343 2790 ita,
372 2743 427 2780 uti
452 2741 556 2790 solet,
583 2744 639 2779 οιιὶ
664 2743 807 2780 seruari
831 2740 948 2788 ferias
974 2746 1170 2791 oporteret,
1197 2748 1357 2781 statuere
1382 2748 1415 2780 et
1437 2742 1571 2780 edicere
