<?xml version="1.0" encoding="UTF-8"?>
<!DOCTYPE html PUBLIC "-//W3C//DTD XHTML 1.0 Transitional//EN"
    "http://www.w3.org/TR/xhtml1/DTD/xhtml1-transitional.dtd">
<html xmlns="http://www.w3.org/1999/xhtml" xml:lang="en" lang="en">
 <head>
  <title>
</title>
<meta http-equiv="Content-Type" content="text/html;charset=utf-8" />
  <meta name='ocr-system' content='tesseract 3.04.00' />
  <meta name='ocr-capabilities' content='ocr_page ocr_carea ocr_par ocr_line ocrx_word'/>
</head>
<body>
  <div class='ocr_page' id='page_1' title='image "./fastorumlibrisex00oviduoft_0094.png"; bbox 0 0 1685 2954; ppageno 0'>
   <div class='ocr_carea' id='block_1_1' title="bbox 103 89 1075 123">
    <p class='ocr_par' dir='ltr' id='par_1_1' title="bbox 103 89 1075 123">
     <span class='ocr_line' id='line_1_1' title="bbox 103 89 1075 123; baseline -0.004 -1"><span class='ocrx_word' id='word_1_1' title='bbox 103 92 270 123; x_wconf 77' lang='lat' dir='ltr'>LXXXVI</span> <span class='ocrx_word' id='word_1_2' title='bbox 576 89 774 120; x_wconf 81' lang='lat' dir='ltr'><strong>HYGINVS.</strong></span> <span class='ocrx_word' id='word_1_3' title='bbox 806 89 1075 118; x_wconf 74' lang='lat' dir='ltr'><strong>GERMANlcvs</strong></span> 
     </span>
    </p>
   </div>
   <div class='ocr_carea' id='block_1_2' title="bbox 100 188 1587 2694">
    <p class='ocr_par' dir='ltr' id='par_1_2' title="bbox 100 188 1587 2694">
     <span class='ocr_line' id='line_1_2' title="bbox 206 188 1546 236; baseline -0.002 -8"><span class='ocrx_word' id='word_1_4' title='bbox 206 192 374 228; x_wconf 84' lang='lat' dir='ltr'>Transeo</span> <span class='ocrx_word' id='word_1_5' title='bbox 401 188 449 225; x_wconf 89' lang='lat' dir='ltr'><strong>ad</strong></span> <span class='ocrx_word' id='word_1_6' title='bbox 475 188 682 227; x_wconf 84' lang='lat' dir='ltr'><strong>fabularum</strong></span> <span class='ocrx_word' id='word_1_7' title='bbox 717 189 1039 227; x_wconf 81' lang='lat' dir='ltr'>astronomicarum</span> <span class='ocrx_word' id='word_1_8' title='bbox 1064 193 1250 235; x_wconf 84' lang='lat' dir='ltr'><strong>auctores,</strong></span> <span class='ocrx_word' id='word_1_9' title='bbox 1287 198 1379 236; x_wconf 86' lang='lat' dir='ltr'><strong>quos</strong></span> <span class='ocrx_word' id='word_1_10' title='bbox 1403 193 1546 225; x_wconf 83' lang='lat' dir='ltr'><strong>secutus</strong></span> 
     </span>
     <span class='ocr_line' id='line_1_3' title="bbox 103 247 1546 300; baseline -0.003 -9"><span class='ocrx_word' id='word_1_11' title='bbox 103 264 184 291; x_wconf 79' lang='lat' dir='ltr'><strong>esse</strong></span> <span class='ocrx_word' id='word_1_12' title='bbox 209 252 374 289; x_wconf 88' lang='lat' dir='ltr'><strong>uideatur</strong></span> <span class='ocrx_word' id='word_1_13' title='bbox 394 248 562 287; x_wconf 91' lang='lat' dir='ltr'><strong>Ouidius.</strong></span> <span class='ocrx_word' id='word_1_14' title='bbox 612 251 691 287; x_wconf 88' lang='lat' dir='ltr'><strong>Hac</strong></span> <span class='ocrx_word' id='word_1_15' title='bbox 716 251 751 288; x_wconf 88' lang='lat' dir='ltr'><strong>in</strong></span> <span class='ocrx_word' id='word_1_16' title='bbox 775 264 816 288; x_wconf 92' lang='lat' dir='ltr'><strong>re</strong></span> <span class='ocrx_word' id='word_1_17' title='bbox 836 263 908 288; x_wconf 91' lang='lat' dir='ltr'><strong>non</strong></span> <span class='ocrx_word' id='word_1_18' title='bbox 936 256 991 288; x_wconf 94' lang='lat' dir='ltr'><strong>est</strong></span> <span class='ocrx_word' id='word_1_19' title='bbox 1009 249 1187 300; x_wconf 85' lang='lat' dir='ltr'>propositi</span> <span class='ocrx_word' id='word_1_20' title='bbox 1210 248 1281 285; x_wconf 88' lang='lat' dir='ltr'><strong>mei</strong></span> <span class='ocrx_word' id='word_1_21' title='bbox 1307 247 1416 284; x_wconf 88' lang='lat' dir='ltr'><strong>telam</strong></span> <span class='ocrx_word' id='word_1_22' title='bbox 1441 261 1546 298; x_wconf 85' lang='lat' dir='ltr'><strong>egre-</strong></span> 
     </span>
     <span class='ocr_line' id='line_1_4' title="bbox 103 309 1548 365; baseline -0.004 -13"><span class='ocrx_word' id='word_1_23' title='bbox 103 315 164 365; x_wconf 83' lang='lat' dir='ltr'><strong>gie</strong></span> <span class='ocrx_word' id='word_1_24' title='bbox 188 313 386 351; x_wconf 85' lang='lat' dir='ltr'><strong>institutam</strong></span> <span class='ocrx_word' id='word_1_25' title='bbox 413 322 480 360; x_wconf 90' lang='lat' dir='ltr'><strong>per</strong></span> <span class='ocrx_word' id='word_1_26' title='bbox 501 310 729 348; x_wconf 82' lang='lat' dir='ltr'><strong>Odosredum</strong></span> <span class='ocrx_word' id='word_1_27' title='bbox 748 312 964 349; x_wconf 79' lang='lat' dir='ltr'><strong>Muellerum</strong></span> <span class='ocrx_word' id='word_1_28' title='bbox 991 311 1107 347; x_wconf 90' lang='lat' dir='ltr'><strong>uirum</strong></span> <span class='ocrx_word' id='word_1_29' title='bbox 1135 311 1376 360; x_wconf 85' lang='lat' dir='ltr'><strong>perillustrem</strong></span> <span class='ocrx_word' id='word_1_30' title='bbox 1401 309 1436 344; x_wconf 88' lang='lat' dir='ltr'><strong>in</strong></span> <span class='ocrx_word' id='word_1_31' title='bbox 1462 322 1548 358; x_wconf 88' lang='lat' dir='ltr'><strong>pro-</strong></span> 
     </span>
     <span class='ocr_line' id='line_1_5' title="bbox 103 371 1549 425; baseline -0.004 -12"><span class='ocrx_word' id='word_1_32' title='bbox 103 375 200 425; x_wconf 86' lang='lat' dir='ltr'><strong>legg.</strong></span> <span class='ocrx_word' id='word_1_33' title='bbox 219 371 369 421; x_wconf 88' lang='lat' dir='ltr'><strong>mythol.</strong></span> <span class='ocrx_word' id='word_1_34' title='bbox 398 384 436 421; x_wconf 91' lang='lat' dir='ltr'><strong>p.</strong></span> <span class='ocrx_word' id='word_1_35' title='bbox 455 372 673 409; x_wconf 85' lang='lat'>191-205</span> <span class='ocrx_word' id='word_1_36' title='bbox 699 374 745 410; x_wconf 87' lang='lat' dir='ltr'><strong>ab</strong></span> <span class='ocrx_word' id='word_1_37' title='bbox 771 372 1092 410; x_wconf 77' lang='lat' dir='ltr'><strong>Alexandrinorum</strong></span> <span class='ocrx_word' id='word_1_38' title='bbox 1118 372 1228 408; x_wconf 87' lang='lat' dir='ltr'><strong>initiis</strong></span> <span class='ocrx_word' id='word_1_39' title='bbox 1254 382 1318 420; x_wconf 89' lang='lat' dir='ltr'><strong>per</strong></span> <span class='ocrx_word' id='word_1_40' title='bbox 1342 371 1549 419; x_wconf 84' lang='lat' dir='ltr'><strong>grammati-</strong></span> 
     </span>
     <span class='ocr_line' id='line_1_6' title="bbox 102 431 1549 484; baseline -0.003 -11"><span class='ocrx_word' id='word_1_41' title='bbox 102 448 226 473; x_wconf 88' lang='lat' dir='ltr'><strong>corum</strong></span> <span class='ocrx_word' id='word_1_42' title='bbox 254 434 502 470; x_wconf 86' lang='lat' dir='ltr'><strong>Romanorum</strong></span> <span class='ocrx_word' id='word_1_43' title='bbox 539 441 703 483; x_wconf 87' lang='lat' dir='ltr'><strong>tempora</strong></span> <span class='ocrx_word' id='word_1_44' title='bbox 735 433 781 470; x_wconf 87' lang='lat' dir='ltr'><strong>ad</strong></span> <span class='ocrx_word' id='word_1_45' title='bbox 809 446 870 471; x_wconf 92' lang='lat' dir='ltr'><strong>eos</strong></span> <span class='ocrx_word' id='word_1_46' title='bbox 898 447 1012 484; x_wconf 90' lang='lat' dir='ltr'><strong>usque</strong></span> <span class='ocrx_word' id='word_1_47' title='bbox 1038 439 1202 469; x_wconf 85' lang='lat' dir='ltr'><strong>auctores</strong></span> <span class='ocrx_word' id='word_1_48' title='bbox 1228 431 1452 481; x_wconf 84' lang='lat' dir='ltr'><strong>perducere,</strong></span> <span class='ocrx_word' id='word_1_49' title='bbox 1485 432 1549 481; x_wconf 86' lang='lat' dir='ltr'><strong>qui</strong></span> 
     </span>
     <span class='ocr_line' id='line_1_7' title="bbox 102 493 1550 547; baseline -0.003 -14"><span class='ocrx_word' id='word_1_50' title='bbox 102 496 279 547; x_wconf 87' lang='lat' dir='ltr'><strong>potissimi</strong></span> <span class='ocrx_word' id='word_1_51' title='bbox 300 493 348 531; x_wconf 87' lang='lat' dir='ltr'><strong>de</strong></span> <span class='ocrx_word' id='word_1_52' title='bbox 373 506 418 530; x_wconf 89' lang='lat' dir='ltr'><strong>eo</strong></span> <span class='ocrx_word' id='word_1_53' title='bbox 445 502 656 544; x_wconf 85' lang='lat' dir='ltr'><strong>argumento</strong></span> <span class='ocrx_word' id='word_1_54' title='bbox 684 502 836 542; x_wconf 83' lang='lat' dir='ltr'><strong>restant,</strong></span> <span class='ocrx_word' id='word_1_55' title='bbox 865 494 1228 542; x_wconf 79' lang='lat' dir='ltr'><strong>Pseudo-Hyginum</strong></span> <span class='ocrx_word' id='word_1_56' title='bbox 1255 500 1291 530; x_wconf 87' lang='lat' dir='ltr'><strong>et</strong></span> <span class='ocrx_word' id='word_1_57' title='bbox 1317 493 1550 542; x_wconf 84' lang='lat' dir='ltr'><strong>interpretem</strong></span> 
     </span>
     <span class='ocr_line' id='line_1_8' title="bbox 101 553 1551 605; baseline -0.003 -11"><span class='ocrx_word' id='word_1_58' title='bbox 101 559 317 594; x_wconf 87' lang='lat' dir='ltr'><strong>Arateorum</strong></span> <span class='ocrx_word' id='word_1_59' title='bbox 352 556 494 593; x_wconf 81' lang='lat' dir='ltr'><strong>Claudii</strong></span> <span class='ocrx_word' id='word_1_60' title='bbox 528 557 760 593; x_wconf 84' lang='lat' dir='ltr'><strong>Germanici:</strong></span> <span class='ocrx_word' id='word_1_61' title='bbox 792 556 878 605; x_wconf 87' lang='lat' dir='ltr'><strong>quin</strong></span> <span class='ocrx_word' id='word_1_62' title='bbox 914 568 961 592; x_wconf 89' lang='lat' dir='ltr'><strong>ne</strong></span> <span class='ocrx_word' id='word_1_63' title='bbox 995 556 1042 592; x_wconf 93' lang='lat' dir='ltr'><strong>de</strong></span> <span class='ocrx_word' id='word_1_64' title='bbox 1075 555 1144 591; x_wconf 90' lang='lat' dir='ltr'><strong>illis</strong></span> <span class='ocrx_word' id='word_1_65' title='bbox 1180 554 1324 603; x_wconf 88' lang='lat' dir='ltr'><strong>quidem</strong></span> <span class='ocrx_word' id='word_1_66' title='bbox 1357 553 1463 590; x_wconf 88' lang='lat' dir='ltr'><strong>huius</strong></span> <span class='ocrx_word' id='word_1_67' title='bbox 1495 558 1551 590; x_wconf 84' lang='lat' dir='ltr'><strong>est</strong></span> 
     </span>
     <span class='ocr_line' id='line_1_9' title="bbox 101 614 1552 668; baseline -0.003 -14"><span class='ocrx_word' id='word_1_68' title='bbox 101 617 173 655; x_wconf 90' lang='lat' dir='ltr'><strong>loci</strong></span> <span class='ocrx_word' id='word_1_69' title='bbox 197 629 374 667; x_wconf 83' lang='lat' dir='ltr'><strong>quaerere</strong></span> <span class='ocrx_word' id='word_1_70' title='bbox 402 619 461 654; x_wconf 91' lang='lat' dir='ltr'><strong>uel</strong></span> <span class='ocrx_word' id='word_1_71' title='bbox 488 618 672 668; x_wconf 86' lang='lat' dir='ltr'><strong>disputare</strong></span> <span class='ocrx_word' id='word_1_72' title='bbox 699 617 896 653; x_wconf 89' lang='lat' dir='ltr'><strong>uerbosius.</strong></span> <span class='ocrx_word' id='word_1_73' title='bbox 950 616 1006 652; x_wconf 94' lang='lat' dir='ltr'><strong>De</strong></span> <span class='ocrx_word' id='word_1_74' title='bbox 1033 616 1176 665; x_wconf 82' lang='lat' dir='ltr'><strong>Hygino</strong></span> <span class='ocrx_word' id='word_1_75' title='bbox 1202 615 1238 651; x_wconf 91' lang='lat' dir='ltr'><strong>in</strong></span> <span class='ocrx_word' id='word_1_76' title='bbox 1265 614 1552 651; x_wconf 86' lang='lat' dir='ltr'><strong>Eratosthenicis</strong></span> 
     </span>
     <span class='ocr_line' id='line_1_10' title="bbox 101 675 1551 729; baseline -0.002 -14"><span class='ocrx_word' id='word_1_77' title='bbox 101 691 140 729; x_wconf 88' lang='lat' dir='ltr'><strong>p.</strong></span> <span class='ocrx_word' id='word_1_78' title='bbox 159 680 232 715; x_wconf 87' lang='lat'><strong>129</strong></span> <span class='ocrx_word' id='word_1_79' title='bbox 258 691 340 728; x_wconf 90' lang='lat' dir='ltr'><strong>sqq.</strong></span> <span class='ocrx_word' id='word_1_80' title='bbox 376 690 399 714; x_wconf 91' lang='lat' dir='ltr'><strong>a</strong></span> <span class='ocrx_word' id='word_1_81' title='bbox 424 678 688 727; x_wconf 85' lang='lat' dir='ltr'><strong>Bernhardyo,</strong></span> <span class='ocrx_word' id='word_1_82' title='bbox 724 691 762 713; x_wconf 92' lang='lat' dir='ltr'><strong>u.</strong></span> <span class='ocrx_word' id='word_1_83' title='bbox 796 678 859 724; x_wconf 84' lang='lat' dir='ltr'><strong>cl.,</strong></span> <span class='ocrx_word' id='word_1_84' title='bbox 886 676 1079 713; x_wconf 87' lang='lat' dir='ltr'><strong>iudicatum</strong></span> <span class='ocrx_word' id='word_1_85' title='bbox 1106 683 1159 712; x_wconf 88' lang='lat' dir='ltr'><strong>est</strong></span> <span class='ocrx_word' id='word_1_86' title='bbox 1184 676 1398 713; x_wconf 86' lang='lat' dir='ltr'><strong>doctissime.</strong></span> <span class='ocrx_word' id='word_1_87' title='bbox 1450 675 1551 714; x_wconf 92' lang='lat' dir='ltr'><strong>Con-</strong></span> 
     </span>
     <span class='ocr_line' id='line_1_11' title="bbox 101 737 1551 788; baseline -0.003 -11"><span class='ocrx_word' id='word_1_88' title='bbox 101 741 288 787; x_wconf 84' lang='lat' dir='ltr'><strong>iecturae,</strong></span> <span class='ocrx_word' id='word_1_89' title='bbox 315 739 358 776; x_wconf 91' lang='lat' dir='ltr'><strong>C.</strong></span> <span class='ocrx_word' id='word_1_90' title='bbox 381 739 459 775; x_wconf 89' lang='lat' dir='ltr'><strong>lulii</strong></span> <span class='ocrx_word' id='word_1_91' title='bbox 486 740 619 788; x_wconf 79' lang='lat' dir='ltr'><strong>Hygini</strong></span> <span class='ocrx_word' id='word_1_92' title='bbox 643 738 777 787; x_wconf 88' lang='lat' dir='ltr'><strong>scripta</strong></span> <span class='ocrx_word' id='word_1_93' title='bbox 804 742 944 774; x_wconf 86' lang='lat' dir='ltr'><strong>retexta</strong></span> <span class='ocrx_word' id='word_1_94' title='bbox 971 748 1049 773; x_wconf 87' lang='lat' dir='ltr'><strong>esse</strong></span> <span class='ocrx_word' id='word_1_95' title='bbox 1075 748 1096 772; x_wconf 87' lang='lat' dir='ltr'><strong>a</strong></span> <span class='ocrx_word' id='word_1_96' title='bbox 1122 737 1299 785; x_wconf 72' lang='lat' dir='ltr'><strong>sequioris</strong></span> <span class='ocrx_word' id='word_1_97' title='bbox 1323 738 1405 773; x_wconf 88' lang='lat' dir='ltr'><strong>aeui</strong></span> <span class='ocrx_word' id='word_1_98' title='bbox 1430 749 1551 786; x_wconf 84' lang='lat' dir='ltr'><strong>gram—</strong></span> 
     </span>
     <span class='ocr_line' id='line_1_12' title="bbox 100 797 1552 850; baseline -0.003 -12"><span class='ocrx_word' id='word_1_99' title='bbox 100 802 257 850; x_wconf 86' lang='lat' dir='ltr'><strong>maticis,</strong></span> <span class='ocrx_word' id='word_1_100' title='bbox 284 800 440 838; x_wconf 84' lang='lat' dir='ltr'><strong>sortasse</strong></span> <span class='ocrx_word' id='word_1_101' title='bbox 466 800 620 847; x_wconf 85' lang='lat' dir='ltr'><strong>accedit,</strong></span> <span class='ocrx_word' id='word_1_102' title='bbox 646 812 719 836; x_wconf 93' lang='lat' dir='ltr'><strong>non</strong></span> <span class='ocrx_word' id='word_1_103' title='bbox 747 797 949 835; x_wconf 83' lang='lat' dir='ltr'><strong>detrahitur</strong></span> <span class='ocrx_word' id='word_1_104' title='bbox 975 797 1110 846; x_wconf 85' lang='lat' dir='ltr'><strong>aliquid</strong></span> <span class='ocrx_word' id='word_1_105' title='bbox 1139 797 1398 846; x_wconf 78' lang='lat' dir='ltr'><strong>probabilitatis</strong></span> <span class='ocrx_word' id='word_1_106' title='bbox 1425 810 1468 833; x_wconf 82' lang='lat' dir='ltr'><strong>ex</strong></span> <span class='ocrx_word' id='word_1_107' title='bbox 1494 798 1552 834; x_wconf 94' lang='lat' dir='ltr'><strong>in-</strong></span> 
     </span>
     <span class='ocr_line' id='line_1_13' title="bbox 100 857 1552 911; baseline -0.003 -12"><span class='ocrx_word' id='word_1_108' title='bbox 100 869 212 900; x_wconf 91' lang='lat' dir='ltr'><strong>uento</strong></span> <span class='ocrx_word' id='word_1_109' title='bbox 238 863 284 899; x_wconf 84' lang='lat' dir='ltr'><strong>ab</strong></span> <span class='ocrx_word' id='word_1_110' title='bbox 310 863 403 911; x_wconf 83' lang='lat' dir='ltr'><strong>Aug.</strong></span> <span class='ocrx_word' id='word_1_111' title='bbox 429 861 528 897; x_wconf 86' lang='lat' dir='ltr'><strong>Maio</strong></span> <span class='ocrx_word' id='word_1_112' title='bbox 554 861 638 897; x_wconf 89' lang='lat' dir='ltr'><strong>satis</strong></span> <span class='ocrx_word' id='word_1_113' title='bbox 665 859 848 905; x_wconf 87' lang='lat' dir='ltr'><strong>dissimili,</strong></span> <span class='ocrx_word' id='word_1_114' title='bbox 875 860 942 895; x_wconf 88' lang='lat' dir='ltr'><strong>sub</strong></span> <span class='ocrx_word' id='word_1_115' title='bbox 968 857 1097 895; x_wconf 88' lang='lat' dir='ltr'><strong>eodem</strong></span> <span class='ocrx_word' id='word_1_116' title='bbox 1124 865 1245 894; x_wconf 88' lang='lat' dir='ltr'><strong>tamen</strong></span> <span class='ocrx_word' id='word_1_117' title='bbox 1273 859 1416 894; x_wconf 88' lang='lat' dir='ltr'><strong>nomine</strong></span> <span class='ocrx_word' id='word_1_118' title='bbox 1444 858 1552 894; x_wconf 82' lang='lat' dir='ltr'><strong>fabu-</strong></span> 
     </span>
     <span class='ocr_line' id='line_1_14' title="bbox 100 918 1552 972; baseline -0.004 -12"><span class='ocrx_word' id='word_1_119' title='bbox 100 923 216 961; x_wconf 86' lang='lat' dir='ltr'><strong>larum</strong></span> <span class='ocrx_word' id='word_1_120' title='bbox 243 928 486 972; x_wconf 85' lang='lat' dir='ltr'><strong>syntagmate,</strong></span> <span class='ocrx_word' id='word_1_121' title='bbox 513 923 617 960; x_wconf 79' lang='lat' dir='ltr'><strong>class.</strong></span> <span class='ocrx_word' id='word_1_122' title='bbox 639 927 736 958; x_wconf 88' lang='lat' dir='ltr'><strong>auct.</strong></span> <span class='ocrx_word' id='word_1_123' title='bbox 761 933 781 958; x_wconf 91' lang='lat' dir='ltr'><strong>e</strong></span> <span class='ocrx_word' id='word_1_124' title='bbox 807 919 913 957; x_wconf 87' lang='lat' dir='ltr'><strong>codd.</strong></span> <span class='ocrx_word' id='word_1_125' title='bbox 941 920 1026 956; x_wconf 87' lang='lat' dir='ltr'><strong>Vat.</strong></span> <span class='ocrx_word' id='word_1_126' title='bbox 1054 926 1105 956; x_wconf 90' lang='lat' dir='ltr'><strong>to.</strong></span> <span class='ocrx_word' id='word_1_127' title='bbox 1125 921 1164 965; x_wconf 82' lang='lat'><strong>3,</strong></span> <span class='ocrx_word' id='word_1_128' title='bbox 1191 918 1267 955; x_wconf 86' lang='lat' dir='ltr'><strong>uid.</strong></span> <span class='ocrx_word' id='word_1_129' title='bbox 1293 918 1411 968; x_wconf 84' lang='lat' dir='ltr'><strong>praes.</strong></span> <span class='ocrx_word' id='word_1_130' title='bbox 1438 932 1477 969; x_wconf 88' lang='lat' dir='ltr'><strong>p.</strong></span> <span class='ocrx_word' id='word_1_131' title='bbox 1490 930 1552 964; x_wconf 77' lang='lat' dir='ltr'><strong>vr,</strong></span> 
     </span>
     <span class='ocr_line' id='line_1_15' title="bbox 101 980 1553 1031; baseline -0.003 -10"><span class='ocrx_word' id='word_1_132' title='bbox 101 996 193 1021; x_wconf 78' lang='lat' dir='ltr'><strong>vu:</strong></span> <span class='ocrx_word' id='word_1_133' title='bbox 227 990 350 1021; x_wconf 87' lang='lat' dir='ltr'><strong>tamen</strong></span> <span class='ocrx_word' id='word_1_134' title='bbox 384 984 514 1019; x_wconf 90' lang='lat' dir='ltr'><strong>mirum</strong></span> <span class='ocrx_word' id='word_1_135' title='bbox 549 990 603 1019; x_wconf 91' lang='lat' dir='ltr'><strong>est</strong></span> <span class='ocrx_word' id='word_1_136' title='bbox 637 982 715 1019; x_wconf 88' lang='lat' dir='ltr'><strong>fieri</strong></span> <span class='ocrx_word' id='word_1_137' title='bbox 743 993 926 1031; x_wconf 75' lang='lat' dir='ltr'><strong>nusquam</strong></span> <span class='ocrx_word' id='word_1_138' title='bbox 956 981 1088 1030; x_wconf 76' lang='lat' dir='ltr'><strong>Hygini</strong></span> <span class='ocrx_word' id='word_1_139' title='bbox 1122 980 1294 1016; x_wconf 86' lang='lat' dir='ltr'><strong>librorum</strong></span> <span class='ocrx_word' id='word_1_140' title='bbox 1320 981 1553 1029; x_wconf 86' lang='lat' dir='ltr'><strong>mentionem,</strong></span> 
     </span>
     <span class='ocr_line' id='line_1_16' title="bbox 101 1042 1554 1093; baseline -0.002 -11"><span class='ocrx_word' id='word_1_141' title='bbox 101 1045 201 1084; x_wconf 87' lang='lat' dir='ltr'><strong>unde</strong></span> <span class='ocrx_word' id='word_1_142' title='bbox 234 1045 296 1081; x_wconf 90' lang='lat' dir='ltr'><strong>illa</strong></span> <span class='ocrx_word' id='word_1_143' title='bbox 330 1044 476 1093; x_wconf 81' lang='lat' dir='ltr'><strong>farrago</strong></span> <span class='ocrx_word' id='word_1_144' title='bbox 510 1044 657 1081; x_wconf 90' lang='lat' dir='ltr'><strong>confieri</strong></span> <span class='ocrx_word' id='word_1_145' title='bbox 693 1044 864 1093; x_wconf 89' lang='lat' dir='ltr'><strong>potuerit.</strong></span> <span class='ocrx_word' id='word_1_146' title='bbox 931 1042 1009 1078; x_wconf 85' lang='lat' dir='ltr'><strong>Nisi</strong></span> <span class='ocrx_word' id='word_1_147' title='bbox 1046 1042 1142 1078; x_wconf 80' lang='lat' dir='ltr'><strong>forte</strong></span> <span class='ocrx_word' id='word_1_148' title='bbox 1174 1053 1219 1078; x_wconf 89' lang='lat' dir='ltr'><strong>ex</strong></span> <span class='ocrx_word' id='word_1_149' title='bbox 1260 1042 1554 1091; x_wconf 82' lang='lat' dir='ltr'><strong>genealogiarum</strong></span> 
     </span>
     <span class='ocr_line' id='line_1_17' title="bbox 101 1103 1553 1152; baseline -0.001 -9"><span class='ocrx_word' id='word_1_150' title='bbox 101 1105 202 1143; x_wconf 86' lang='lat' dir='ltr'><strong>libris</strong></span> <span class='ocrx_word' id='word_1_151' title='bbox 230 1119 323 1142; x_wconf 92' lang='lat' dir='ltr'><strong>unus</strong></span> <span class='ocrx_word' id='word_1_152' title='bbox 348 1105 417 1143; x_wconf 87' lang='lat' dir='ltr'><strong>fuit</strong></span> <span class='ocrx_word' id='word_1_153' title='bbox 443 1106 490 1143; x_wconf 90' lang='lat' dir='ltr'><strong>de</strong></span> <span class='ocrx_word' id='word_1_154' title='bbox 515 1105 657 1142; x_wconf 85' lang='lat' dir='ltr'><strong>familiis</strong></span> <span class='ocrx_word' id='word_1_155' title='bbox 684 1104 871 1151; x_wconf 80' lang='lat' dir='ltr'><strong>Troianis,</strong></span> <span class='ocrx_word' id='word_1_156' title='bbox 900 1103 973 1140; x_wconf 92' lang='lat' dir='ltr'><strong>uid.</strong></span> <span class='ocrx_word' id='word_1_157' title='bbox 1000 1110 1136 1140; x_wconf 88' lang='lat' dir='ltr'><strong>astron.</strong></span> <span class='ocrx_word' id='word_1_158' title='bbox 1165 1109 1265 1152; x_wconf 87' lang='lat' dir='ltr'><strong>poet.</strong></span> <span class='ocrx_word' id='word_1_159' title='bbox 1293 1115 1326 1140; x_wconf 85' lang='lat' dir='ltr'><strong>c.</strong></span> <span class='ocrx_word' id='word_1_160' title='bbox 1346 1107 1394 1138; x_wconf 88' lang='lat'><strong>12</strong></span> <span class='ocrx_word' id='word_1_161' title='bbox 1422 1115 1460 1152; x_wconf 91' lang='lat' dir='ltr'><strong>p.</strong></span> <span class='ocrx_word' id='word_1_162' title='bbox 1477 1103 1553 1141; x_wconf 80' lang='lat'><strong>445</strong></span> 
     </span>
     <span class='ocr_line' id='line_1_18' title="bbox 101 1164 1554 1215; baseline -0.003 -10"><span class='ocrx_word' id='word_1_163' title='bbox 101 1167 222 1214; x_wconf 74' lang='lat' dir='ltr'><strong>Stau„</strong></span> <span class='ocrx_word' id='word_1_164' title='bbox 249 1167 358 1204; x_wconf 88' lang='lat' dir='ltr'><strong>Seru.</strong></span> <span class='ocrx_word' id='word_1_165' title='bbox 385 1167 432 1203; x_wconf 91' lang='lat' dir='ltr'><strong>ad</strong></span> <span class='ocrx_word' id='word_1_166' title='bbox 459 1169 550 1204; x_wconf 86' lang='lat' dir='ltr'><strong>Aen.</strong></span> <span class='ocrx_word' id='word_1_167' title='bbox 577 1167 615 1211; x_wconf 85' lang='lat'><strong>5,</strong></span> <span class='ocrx_word' id='word_1_168' title='bbox 633 1168 720 1204; x_wconf 83' lang='lat'><strong>389.</strong></span> <span class='ocrx_word' id='word_1_169' title='bbox 770 1166 828 1203; x_wconf 90' lang='lat' dir='ltr'><strong>De</strong></span> <span class='ocrx_word' id='word_1_170' title='bbox 856 1167 1054 1215; x_wconf 88' lang='lat' dir='ltr'><strong>interprete</strong></span> <span class='ocrx_word' id='word_1_171' title='bbox 1079 1165 1192 1201; x_wconf 89' lang='lat' dir='ltr'><strong>latino</strong></span> <span class='ocrx_word' id='word_1_172' title='bbox 1219 1164 1318 1200; x_wconf 85' lang='lat' dir='ltr'><strong>Arati</strong></span> <span class='ocrx_word' id='word_1_173' title='bbox 1344 1165 1479 1212; x_wconf 88' lang='lat' dir='ltr'><strong>nescio,</strong></span> <span class='ocrx_word' id='word_1_174' title='bbox 1505 1176 1554 1201; x_wconf 90' lang='lat' dir='ltr'><strong>an</strong></span> 
     </span>
     <span class='ocr_line' id='line_1_19' title="bbox 101 1225 1554 1278; baseline -0.003 -12"><span class='ocrx_word' id='word_1_175' title='bbox 101 1241 210 1266; x_wconf 90' lang='lat' dir='ltr'><strong>nemo</strong></span> <span class='ocrx_word' id='word_1_176' title='bbox 244 1228 365 1265; x_wconf 89' lang='lat' dir='ltr'><strong>adhuc</strong></span> <span class='ocrx_word' id='word_1_177' title='bbox 397 1229 623 1277; x_wconf 87' lang='lat' dir='ltr'><strong>inquisiuerit</strong></span> <span class='ocrx_word' id='word_1_178' title='bbox 658 1234 804 1278; x_wconf 89' lang='lat' dir='ltr'><strong>praeter</strong></span> <span class='ocrx_word' id='word_1_179' title='bbox 835 1227 1025 1264; x_wconf 84' lang='lat' dir='ltr'><strong>Danielem</strong></span> <span class='ocrx_word' id='word_1_180' title='bbox 1062 1226 1218 1262; x_wconf 85' lang='lat' dir='ltr'><strong>Pareum</strong></span> <span class='ocrx_word' id='word_1_181' title='bbox 1251 1225 1348 1262; x_wconf 85' lang='lat' dir='ltr'><strong>Phil.</strong></span> <span class='ocrx_word' id='word_1_182' title='bbox 1374 1225 1414 1268; x_wconf 76' lang='lat' dir='ltr'><strong>s„</strong></span> <span class='ocrx_word' id='word_1_183' title='bbox 1450 1227 1554 1263; x_wconf 87' lang='lat' dir='ltr'><strong>cuius</strong></span> 
     </span>
     <span class='ocr_line' id='line_1_20' title="bbox 100 1287 1553 1341; baseline -0.001 -15"><span class='ocrx_word' id='word_1_184' title='bbox 100 1289 330 1341; x_wconf 87' lang='lat' dir='ltr'><strong>pereruditus</strong></span> <span class='ocrx_word' id='word_1_185' title='bbox 358 1291 635 1326; x_wconf 90' lang='lat' dir='ltr'><strong>commentarius</strong></span> <span class='ocrx_word' id='word_1_186' title='bbox 671 1290 717 1326; x_wconf 87' lang='lat' dir='ltr'><strong>ab</strong></span> <span class='ocrx_word' id='word_1_187' title='bbox 755 1289 863 1339; x_wconf 87' lang='lat' dir='ltr'><strong>ipsius</strong></span> <span class='ocrx_word' id='word_1_188' title='bbox 896 1300 1006 1324; x_wconf 82' lang='lat' dir='ltr'><strong>manu</strong></span> <span class='ocrx_word' id='word_1_189' title='bbox 1032 1288 1186 1336; x_wconf 86' lang='lat' dir='ltr'><strong>scriptus</strong></span> <span class='ocrx_word' id='word_1_190' title='bbox 1212 1292 1378 1323; x_wconf 88' lang='lat' dir='ltr'><strong>seruatur</strong></span> <span class='ocrx_word' id='word_1_191' title='bbox 1402 1287 1439 1323; x_wconf 93' lang='lat' dir='ltr'><strong>in</strong></span> <span class='ocrx_word' id='word_1_192' title='bbox 1468 1287 1553 1327; x_wconf 87' lang='lat' dir='ltr'><strong>bibl.</strong></span> 
     </span>
     <span class='ocr_line' id='line_1_21' title="bbox 102 1347 1554 1401; baseline -0.003 -13"><span class='ocrx_word' id='word_1_193' title='bbox 102 1364 181 1401; x_wconf 85' lang='lat' dir='ltr'><strong>reg.</strong></span> <span class='ocrx_word' id='word_1_194' title='bbox 207 1351 331 1390; x_wconf 90' lang='lat' dir='ltr'><strong>Berol.</strong></span> <span class='ocrx_word' id='word_1_195' title='bbox 358 1353 450 1388; x_wconf 85' lang='lat' dir='ltr'><strong>inter</strong></span> <span class='ocrx_word' id='word_1_196' title='bbox 483 1364 567 1388; x_wconf 90' lang='lat' dir='ltr'><strong>mss.</strong></span> <span class='ocrx_word' id='word_1_197' title='bbox 594 1352 699 1388; x_wconf 88' lang='lat' dir='ltr'><strong>Diez.</strong></span> <span class='ocrx_word' id='word_1_198' title='bbox 726 1352 763 1388; x_wconf 89' lang='lat'><strong>4.</strong></span> <span class='ocrx_word' id='word_1_199' title='bbox 793 1354 877 1387; x_wconf 80' lang='lat'><strong>133.</strong></span> <span class='ocrx_word' id='word_1_200' title='bbox 943 1349 1012 1385; x_wconf 87' lang='lat' dir='ltr'><strong>Hic</strong></span> <span class='ocrx_word' id='word_1_201' title='bbox 1042 1349 1168 1385; x_wconf 89' lang='lat' dir='ltr'><strong>Isidori</strong></span> <span class='ocrx_word' id='word_1_202' title='bbox 1205 1348 1428 1397; x_wconf 88' lang='lat' dir='ltr'><strong>Hispalensis</strong></span> <span class='ocrx_word' id='word_1_203' title='bbox 1464 1347 1554 1385; x_wconf 88' lang='lat' dir='ltr'><strong>illud</strong></span> 
     </span>
     <span class='ocr_line' id='line_1_22' title="bbox 103 1408 1554 1463; baseline -0.003 -13"><span class='ocrx_word' id='word_1_204' title='bbox 103 1412 317 1463; x_wconf 85' lang='lat' dir='ltr'><strong>opusculum</strong></span> <span class='ocrx_word' id='word_1_205' title='bbox 339 1425 418 1450; x_wconf 89' lang='lat' dir='ltr'><strong>esse</strong></span> <span class='ocrx_word' id='word_1_206' title='bbox 444 1414 595 1461; x_wconf 87' lang='lat' dir='ltr'><strong>censuit,</strong></span> <span class='ocrx_word' id='word_1_207' title='bbox 621 1419 773 1463; x_wconf 89' lang='lat' dir='ltr'><strong>propter</strong></span> <span class='ocrx_word' id='word_1_208' title='bbox 797 1411 976 1449; x_wconf 88' lang='lat' dir='ltr'><strong>scribendi</strong></span> <span class='ocrx_word' id='word_1_209' title='bbox 1002 1423 1115 1459; x_wconf 87' lang='lat' dir='ltr'><strong>genus</strong></span> <span class='ocrx_word' id='word_1_210' title='bbox 1137 1411 1384 1460; x_wconf 83' lang='lat' dir='ltr'><strong>potissimum:</strong></span> <span class='ocrx_word' id='word_1_211' title='bbox 1411 1408 1458 1446; x_wconf 90' lang='lat' dir='ltr'><strong>de</strong></span> <span class='ocrx_word' id='word_1_212' title='bbox 1479 1421 1554 1459; x_wconf 90' lang='lat' dir='ltr'><strong>quo</strong></span> 
     </span>
     <span class='ocr_line' id='line_1_23' title="bbox 102 1470 1553 1523; baseline -0.003 -12"><span class='ocrx_word' id='word_1_213' title='bbox 102 1473 252 1512; x_wconf 85' lang='lat' dir='ltr'><strong>difficile</strong></span> <span class='ocrx_word' id='word_1_214' title='bbox 278 1480 334 1511; x_wconf 92' lang='lat' dir='ltr'><strong>est</strong></span> <span class='ocrx_word' id='word_1_215' title='bbox 357 1474 541 1522; x_wconf 88' lang='lat' dir='ltr'><strong>iudicare,</strong></span> <span class='ocrx_word' id='word_1_216' title='bbox 576 1487 657 1510; x_wconf 91' lang='lat' dir='ltr'><strong>cum</strong></span> <span class='ocrx_word' id='word_1_217' title='bbox 685 1482 851 1523; x_wconf 86' lang='lat' dir='ltr'><strong>apertum</strong></span> <span class='ocrx_word' id='word_1_218' title='bbox 877 1474 921 1510; x_wconf 90' lang='lat' dir='ltr'><strong>sit</strong></span> <span class='ocrx_word' id='word_1_219' title='bbox 947 1471 1102 1519; x_wconf 88' lang='lat' dir='ltr'><strong>Aldum,</strong></span> <span class='ocrx_word' id='word_1_220' title='bbox 1140 1472 1202 1520; x_wconf 92' lang='lat' dir='ltr'><strong>qui</strong></span> <span class='ocrx_word' id='word_1_221' title='bbox 1227 1471 1363 1520; x_wconf 88' lang='lat' dir='ltr'><strong>primus</strong></span> <span class='ocrx_word' id='word_1_222' title='bbox 1389 1470 1427 1507; x_wconf 91' lang='lat' dir='ltr'><strong>id</strong></span> <span class='ocrx_word' id='word_1_223' title='bbox 1454 1483 1553 1508; x_wconf 81' lang='lat' dir='ltr'><strong>com-</strong></span> 
     </span>
     <span class='ocr_line' id='line_1_24' title="bbox 103 1532 1555 1585; baseline -0.004 -12"><span class='ocrx_word' id='word_1_224' title='bbox 103 1541 276 1583; x_wconf 73' lang='lat' dir='ltr'><strong>menvum,</strong></span> <span class='ocrx_word' id='word_1_225' title='bbox 303 1542 343 1572; x_wconf 91' lang='lat' dir='ltr'><strong>ut</strong></span> <span class='ocrx_word' id='word_1_226' title='bbox 369 1535 431 1582; x_wconf 88' lang='lat' dir='ltr'><strong>ait,</strong></span> <span class='ocrx_word' id='word_1_227' title='bbox 458 1547 570 1585; x_wconf 77' lang='lat' dir='ltr'><strong>nuper</strong></span> <span class='ocrx_word' id='word_1_228' title='bbox 595 1537 634 1572; x_wconf 80' lang='grc' dir='ltr'><strong>ἰη</strong></span> <span class='ocrx_word' id='word_1_229' title='bbox 655 1535 785 1572; x_wconf 72' lang='lat' dir='ltr'><strong>Sicilia</strong></span> <span class='ocrx_word' id='word_1_230' title='bbox 809 1539 988 1585; x_wconf 77' lang='lat' dir='ltr'><strong>repertum</strong></span> <span class='ocrx_word' id='word_1_231' title='bbox 1014 1546 1111 1570; x_wconf 90' lang='lat' dir='ltr'><strong>anno</strong></span> <span class='ocrx_word' id='word_1_232' title='bbox 1138 1534 1236 1568; x_wconf 87' lang='lat'>1499</span> <span class='ocrx_word' id='word_1_233' title='bbox 1261 1532 1378 1568; x_wconf 89' lang='lat' dir='ltr'><strong>forma</strong></span> <span class='ocrx_word' id='word_1_234' title='bbox 1400 1533 1555 1568; x_wconf 78' lang='lat' dir='ltr'><strong>maxima</strong></span> 
     </span>
     <span class='ocr_line' id='line_1_25' title="bbox 105 1594 1556 1644; baseline -0.005 -9"><span class='ocrx_word' id='word_1_235' title='bbox 105 1609 179 1635; x_wconf 83' lang='lat' dir='ltr'><strong>una</strong></span> <span class='ocrx_word' id='word_1_236' title='bbox 204 1610 286 1634; x_wconf 88' lang='lat' dir='ltr'><strong>cum</strong></span> <span class='ocrx_word' id='word_1_237' title='bbox 318 1597 499 1644; x_wconf 86' lang='lat' dir='ltr'><strong>Firmico,</strong></span> <span class='ocrx_word' id='word_1_238' title='bbox 523 1596 695 1644; x_wconf 89' lang='lat' dir='ltr'><strong>Manilio,</strong></span> <span class='ocrx_word' id='word_1_239' title='bbox 723 1600 857 1644; x_wconf 85' lang='lat' dir='ltr'><strong>Arato,</strong></span> <span class='ocrx_word' id='word_1_240' title='bbox 885 1596 961 1632; x_wconf 89' lang='lat' dir='ltr'><strong>aliis</strong></span> <span class='ocrx_word' id='word_1_241' title='bbox 987 1595 1121 1642; x_wconf 89' lang='lat' dir='ltr'><strong>edidit,</strong></span> <span class='ocrx_word' id='word_1_242' title='bbox 1149 1594 1263 1630; x_wconf 89' lang='lat' dir='ltr'><strong>multa</strong></span> <span class='ocrx_word' id='word_1_243' title='bbox 1287 1600 1460 1640; x_wconf 87' lang='lat' dir='ltr'><strong>mutasse,</strong></span> <span class='ocrx_word' id='word_1_244' title='bbox 1487 1604 1556 1629; x_wconf 83' lang='lat' dir='ltr'><strong>ex-</strong></span> 
     </span>
     <span class='ocr_line' id='line_1_26' title="bbox 105 1654 1556 1712; baseline -0.004 -17"><span class='ocrx_word' id='word_1_245' title='bbox 105 1659 278 1712; x_wconf 84' lang='lat' dir='ltr'><strong>pleuisse,</strong></span> <span class='ocrx_word' id='word_1_246' title='bbox 304 1658 494 1707; x_wconf 79' lang='lat' dir='ltr'><strong>leuigasse.</strong></span> <span class='ocrx_word' id='word_1_247' title='bbox 546 1658 638 1694; x_wconf 90' lang='lat' dir='ltr'><strong>Vtor</strong></span> <span class='ocrx_word' id='word_1_248' title='bbox 663 1659 758 1694; x_wconf 85' lang='lat' dir='ltr'><strong>enim</strong></span> <span class='ocrx_word' id='word_1_249' title='bbox 785 1656 997 1707; x_wconf 86' lang='lat' dir='ltr'><strong>apographo</strong></span> <span class='ocrx_word' id='word_1_250' title='bbox 1021 1657 1096 1692; x_wconf 92' lang='lat' dir='ltr'><strong>eius</strong></span> <span class='ocrx_word' id='word_1_251' title='bbox 1123 1656 1234 1692; x_wconf 89' lang='lat' dir='ltr'><strong>libelli</strong></span> <span class='ocrx_word' id='word_1_252' title='bbox 1259 1660 1369 1704; x_wconf 90' lang='lat' dir='ltr'><strong>prout</strong></span> <span class='ocrx_word' id='word_1_253' title='bbox 1394 1660 1493 1690; x_wconf 82' lang='lat' dir='ltr'><strong>extat</strong></span> <span class='ocrx_word' id='word_1_254' title='bbox 1517 1654 1556 1690; x_wconf 91' lang='lat' dir='ltr'><strong>in</strong></span> 
     </span>
     <span class='ocr_line' id='line_1_27' title="bbox 107 1714 1554 1768; baseline -0.003 -12"><span class='ocrx_word' id='word_1_255' title='bbox 107 1719 234 1756; x_wconf 88' lang='lat' dir='ltr'><strong>codice</strong></span> <span class='ocrx_word' id='word_1_256' title='bbox 253 1719 446 1756; x_wconf 87' lang='lat' dir='ltr'><strong>Parisiensi</strong></span> <span class='ocrx_word' id='word_1_257' title='bbox 467 1720 550 1755; x_wconf 91' lang='lat' dir='ltr'><strong>olim</strong></span> <span class='ocrx_word' id='word_1_258' title='bbox 571 1719 774 1766; x_wconf 85' lang='lat' dir='ltr'><strong>Puteaneo,</strong></span> <span class='ocrx_word' id='word_1_259' title='bbox 801 1720 863 1768; x_wconf 92' lang='lat' dir='ltr'><strong>qui</strong></span> <span class='ocrx_word' id='word_1_260' title='bbox 881 1718 1013 1754; x_wconf 88' lang='lat' dir='ltr'><strong>saeculi</strong></span> <span class='ocrx_word' id='word_1_261' title='bbox 1036 1718 1119 1754; x_wconf 91' lang='lat' dir='ltr'><strong>noni</strong></span> <span class='ocrx_word' id='word_1_262' title='bbox 1141 1717 1271 1752; x_wconf 89' lang='lat' dir='ltr'><strong>dicitur</strong></span> <span class='ocrx_word' id='word_1_263' title='bbox 1290 1727 1368 1752; x_wconf 89' lang='lat' dir='ltr'><strong>esse</strong></span> <span class='ocrx_word' id='word_1_264' title='bbox 1388 1716 1424 1751; x_wconf 91' lang='lat' dir='ltr'><strong>in</strong></span> <span class='ocrx_word' id='word_1_265' title='bbox 1446 1714 1554 1752; x_wconf 88' lang='lat' dir='ltr'><strong>catal.</strong></span> 
     </span>
     <span class='ocr_line' id='line_1_28' title="bbox 106 1776 1556 1830; baseline -0.003 -13"><span class='ocrx_word' id='word_1_266' title='bbox 106 1781 193 1818; x_wconf 93' lang='lat' dir='ltr'><strong>bibl.</strong></span> <span class='ocrx_word' id='word_1_267' title='bbox 221 1793 299 1829; x_wconf 84' lang='lat' dir='ltr'><strong>reg.</strong></span> <span class='ocrx_word' id='word_1_268' title='bbox 325 1786 376 1818; x_wconf 89' lang='lat' dir='ltr'><strong>to.</strong></span> <span class='ocrx_word' id='word_1_269' title='bbox 404 1784 426 1816; x_wconf 82' lang='lat'><strong>3</strong></span> <span class='ocrx_word' id='word_1_270' title='bbox 453 1782 587 1830; x_wconf 86' lang='lat' dir='ltr'><strong>part.4</strong></span> <span class='ocrx_word' id='word_1_271' title='bbox 614 1794 650 1830; x_wconf 90' lang='lat' dir='ltr'><strong>p.</strong></span> <span class='ocrx_word' id='word_1_272' title='bbox 667 1783 754 1825; x_wconf 88' lang='grc'><strong>420,</strong></span> <span class='ocrx_word' id='word_1_273' title='bbox 783 1793 842 1816; x_wconf 87' lang='lat' dir='ltr'><strong>no.</strong></span> <span class='ocrx_word' id='word_1_274' title='bbox 858 1781 982 1816; x_wconf 82' lang='lat'>7886:</span> <span class='ocrx_word' id='word_1_275' title='bbox 1009 1785 1155 1828; x_wconf 85' lang='lat' dir='ltr'><strong>praeter</strong></span> <span class='ocrx_word' id='word_1_276' title='bbox 1181 1778 1230 1814; x_wconf 89' lang='lat' dir='ltr'><strong>ibi</strong></span> <span class='ocrx_word' id='word_1_277' title='bbox 1256 1776 1414 1813; x_wconf 87' lang='lat' dir='ltr'><strong>indicata</strong></span> <span class='ocrx_word' id='word_1_278' title='bbox 1440 1777 1556 1814; x_wconf 91' lang='lat' dir='ltr'><strong>conti-</strong></span> 
     </span>
     <span class='ocr_line' id='line_1_29' title="bbox 105 1839 1555 1888; baseline -0.005 -8"><span class='ocrx_word' id='word_1_279' title='bbox 105 1849 169 1880; x_wconf 85' lang='lat' dir='ltr'><strong>net</strong></span> <span class='ocrx_word' id='word_1_280' title='bbox 194 1842 303 1879; x_wconf 85' lang='lat' dir='ltr'><strong>etiam</strong></span> <span class='ocrx_word' id='word_1_281' title='bbox 322 1841 422 1877; x_wconf 85' lang='lat' dir='ltr'><strong>Arati</strong></span> <span class='ocrx_word' id='word_1_282' title='bbox 449 1847 486 1877; x_wconf 87' lang='lat' dir='ltr'><strong>et</strong></span> <span class='ocrx_word' id='word_1_283' title='bbox 512 1842 588 1877; x_wconf 86' lang='lat' dir='ltr'><strong>eius</strong></span> <span class='ocrx_word' id='word_1_284' title='bbox 608 1841 825 1878; x_wconf 86' lang='lat' dir='ltr'><strong>scholiorum</strong></span> <span class='ocrx_word' id='word_1_285' title='bbox 846 1842 1048 1878; x_wconf 87' lang='lat' dir='ltr'><strong>uersionem</strong></span> <span class='ocrx_word' id='word_1_286' title='bbox 1075 1841 1222 1877; x_wconf 76' lang='lat' dir='ltr'><strong>latinam</strong></span> <span class='ocrx_word' id='word_1_287' title='bbox 1247 1839 1369 1888; x_wconf 87' lang='lat' dir='ltr'><strong>ignoto</strong></span> <span class='ocrx_word' id='word_1_288' title='bbox 1390 1845 1555 1886; x_wconf 86' lang='lat' dir='ltr'><strong>auctore,</strong></span> 
     </span>
     <span class='ocr_line' id='line_1_30' title="bbox 107 1898 1556 1953; baseline -0.005 -12"><span class='ocrx_word' id='word_1_289' title='bbox 107 1903 155 1941; x_wconf 87' lang='lat' dir='ltr'><strong>de</strong></span> <span class='ocrx_word' id='word_1_290' title='bbox 181 1915 254 1953; x_wconf 91' lang='lat' dir='ltr'><strong>qua</strong></span> <span class='ocrx_word' id='word_1_291' title='bbox 280 1915 319 1939; x_wconf 91' lang='lat' dir='ltr'><strong>re</strong></span> <span class='ocrx_word' id='word_1_292' title='bbox 345 1903 512 1939; x_wconf 91' lang='lat' dir='ltr'><strong>Heinsius</strong></span> <span class='ocrx_word' id='word_1_293' title='bbox 547 1903 584 1939; x_wconf 92' lang='lat' dir='ltr'><strong>in</strong></span> <span class='ocrx_word' id='word_1_294' title='bbox 620 1903 759 1952; x_wconf 81' lang='lat' dir='ltr'><strong>sylloge</strong></span> <span class='ocrx_word' id='word_1_295' title='bbox 791 1915 876 1952; x_wconf 91' lang='lat' dir='ltr'><strong>epp.</strong></span> <span class='ocrx_word' id='word_1_296' title='bbox 905 1904 943 1950; x_wconf 89' lang='lat'><strong>4,</strong></span> <span class='ocrx_word' id='word_1_297' title='bbox 971 1915 1009 1952; x_wconf 91' lang='lat' dir='ltr'><strong>p.</strong></span> <span class='ocrx_word' id='word_1_298' title='bbox 1027 1903 1123 1950; x_wconf 80' lang='lat'>3543</span> <span class='ocrx_word' id='word_1_299' title='bbox 1160 1902 1196 1937; x_wconf 90' lang='lat' dir='ltr'><strong>in</strong></span> <span class='ocrx_word' id='word_1_300' title='bbox 1224 1900 1297 1936; x_wconf 90' lang='lat' dir='ltr'><strong>fine</strong></span> <span class='ocrx_word' id='word_1_301' title='bbox 1329 1899 1421 1948; x_wconf 90' lang='lat' dir='ltr'><strong>disp.</strong></span> <span class='ocrx_word' id='word_1_302' title='bbox 1446 1898 1556 1935; x_wconf 89' lang='lat' dir='ltr'><strong>Mun-</strong></span> 
     </span>
     <span class='ocr_line' id='line_1_31' title="bbox 107 1960 1557 2013; baseline -0.003 -11"><span class='ocrx_word' id='word_1_303' title='bbox 107 1965 205 2002; x_wconf 87' lang='lat' dir='ltr'><strong>ckeri</strong></span> <span class='ocrx_word' id='word_1_304' title='bbox 227 1965 272 2001; x_wconf 91' lang='lat' dir='ltr'><strong>de</strong></span> <span class='ocrx_word' id='word_1_305' title='bbox 296 1965 391 2013; x_wconf 86' lang='lat' dir='ltr'><strong>Hyg.</strong></span> <span class='ocrx_word' id='word_1_306' title='bbox 416 1970 488 2000; x_wconf 88' lang='lat' dir='ltr'><strong>aet.</strong></span> <span class='ocrx_word' id='word_1_307' title='bbox 512 1970 549 2000; x_wconf 86' lang='lat' dir='ltr'><strong>et</strong></span> <span class='ocrx_word' id='word_1_308' title='bbox 572 1964 654 2001; x_wconf 86' lang='lat' dir='ltr'><strong>stilo</strong></span> <span class='ocrx_word' id='word_1_309' title='bbox 680 1976 798 2001; x_wconf 91' lang='lat' dir='ltr'><strong>sermo</strong></span> <span class='ocrx_word' id='word_1_310' title='bbox 826 1965 901 2001; x_wconf 89' lang='lat' dir='ltr'><strong>eius</strong></span> <span class='ocrx_word' id='word_1_311' title='bbox 927 1964 1021 2000; x_wconf 88' lang='lat' dir='ltr'><strong>male</strong></span> <span class='ocrx_word' id='word_1_312' title='bbox 1046 1964 1249 2000; x_wconf 88' lang='lat' dir='ltr'><strong>intellectus</strong></span> <span class='ocrx_word' id='word_1_313' title='bbox 1270 1960 1451 1998; x_wconf 83' lang='lat' dir='ltr'><strong>redditur:</strong></span> <span class='ocrx_word' id='word_1_314' title='bbox 1478 1960 1557 2010; x_wconf 84' lang='lat' dir='ltr'><strong>ipse</strong></span> 
     </span>
     <span class='ocr_line' id='line_1_32' title="bbox 107 2023 1556 2076; baseline -0.005 -12"><span class='ocrx_word' id='word_1_315' title='bbox 107 2028 204 2065; x_wconf 85' lang='lat' dir='ltr'><strong>enim</strong></span> <span class='ocrx_word' id='word_1_316' title='bbox 230 2025 361 2063; x_wconf 90' lang='lat' dir='ltr'><strong>codicis</strong></span> <span class='ocrx_word' id='word_1_317' title='bbox 388 2033 529 2075; x_wconf 85' lang='lat' dir='ltr'><strong>partem</strong></span> <span class='ocrx_word' id='word_1_318' title='bbox 555 2027 712 2076; x_wconf 88' lang='lat' dir='ltr'><strong>priorem</strong></span> <span class='ocrx_word' id='word_1_319' title='bbox 739 2026 974 2074; x_wconf 79' lang='lat' dir='ltr'><strong>transcripsit.</strong></span> <span class='ocrx_word' id='word_1_320' title='bbox 1025 2025 1083 2061; x_wconf 85' lang='lat' dir='ltr'><strong>Ex</strong></span> <span class='ocrx_word' id='word_1_321' title='bbox 1108 2037 1152 2062; x_wconf 92' lang='lat' dir='ltr'><strong>eo</strong></span> <span class='ocrx_word' id='word_1_322' title='bbox 1184 2023 1308 2060; x_wconf 88' lang='lat' dir='ltr'><strong>codice</strong></span> <span class='ocrx_word' id='word_1_323' title='bbox 1333 2035 1414 2059; x_wconf 89' lang='lat' dir='ltr'><strong>cum</strong></span> <span class='ocrx_word' id='word_1_324' title='bbox 1439 2033 1556 2071; x_wconf 90' lang='lat' dir='ltr'><strong>appa-</strong></span> 
     </span>
     <span class='ocr_line' id='line_1_33' title="bbox 108 2087 1557 2136; baseline -0.006 -8"><span class='ocrx_word' id='word_1_325' title='bbox 108 2095 189 2128; x_wconf 88' lang='lat' dir='ltr'><strong>reat</strong></span> <span class='ocrx_word' id='word_1_326' title='bbox 214 2088 331 2125; x_wconf 88' lang='lat' dir='ltr'><strong>istunc</strong></span> <span class='ocrx_word' id='word_1_327' title='bbox 355 2087 486 2125; x_wconf 88' lang='lat' dir='ltr'><strong>librum</strong></span> <span class='ocrx_word' id='word_1_328' title='bbox 513 2088 614 2136; x_wconf 88' lang='lat' dir='ltr'><strong>peius</strong></span> <span class='ocrx_word' id='word_1_329' title='bbox 641 2088 772 2133; x_wconf 86' lang='lat' dir='ltr'><strong>etiam,</strong></span> <span class='ocrx_word' id='word_1_330' title='bbox 806 2099 915 2136; x_wconf 90' lang='lat' dir='ltr'><strong>quam</strong></span> <span class='ocrx_word' id='word_1_331' title='bbox 942 2087 1188 2136; x_wconf 84' lang='lat' dir='ltr'><strong>Hyginianos,</strong></span> <span class='ocrx_word' id='word_1_332' title='bbox 1221 2091 1391 2121; x_wconf 83' lang='lat' dir='ltr'><strong>uexatum</strong></span> <span class='ocrx_word' id='word_1_333' title='bbox 1415 2095 1494 2120; x_wconf 88' lang='lat' dir='ltr'><strong>esse</strong></span> <span class='ocrx_word' id='word_1_334' title='bbox 1517 2089 1557 2120; x_wconf 87' lang='lat' dir='ltr'><strong>et</strong></span> 
     </span>
     <span class='ocr_line' id='line_1_34' title="bbox 109 2145 1587 2193; baseline -0.005 -5"><span class='ocrx_word' id='word_1_335' title='bbox 109 2150 271 2188; x_wconf 76' lang='lat' dir='ltr'><strong>luxatum</strong></span> <span class='ocrx_word' id='word_1_336' title='bbox 299 2160 320 2186; x_wconf 87' lang='lat' dir='ltr'><strong>a</strong></span> <span class='ocrx_word' id='word_1_337' title='bbox 345 2149 599 2186; x_wconf 80' lang='lat' dir='ltr'><strong>semibarbaris</strong></span> <span class='ocrx_word' id='word_1_338' title='bbox 619 2148 834 2192; x_wconf 88' lang='lat' dir='ltr'><strong>hominibus,</strong></span> <span class='ocrx_word' id='word_1_339' title='bbox 860 2148 979 2184; x_wconf 86' lang='lat' dir='ltr'><strong>neseio</strong></span> <span class='ocrx_word' id='word_1_340' title='bbox 1006 2155 1138 2193; x_wconf 90' lang='lat' dir='ltr'><strong>tamen,</strong></span> <span class='ocrx_word' id='word_1_341' title='bbox 1165 2159 1229 2183; x_wconf 90' lang='lat' dir='ltr'><strong>cur</strong></span> <span class='ocrx_word' id='word_1_342' title='bbox 1246 2145 1424 2182; x_wconf 89' lang='lat' dir='ltr'><strong>Lactantii</strong></span> <span class='ocrx_word' id='word_1_343' title='bbox 1451 2145 1555 2182; x_wconf 87' lang='lat' dir='ltr'><strong>testi-</strong></span> <span class='ocrx_word' id='word_1_344' title='bbox 1578 2168 1587 2178; x_wconf 72' lang='lat'><strong>.</strong></span> 
     </span>
     <span class='ocr_line' id='line_1_35' title="bbox 108 2206 1556 2261; baseline -0.003 -13"><span class='ocrx_word' id='word_1_345' title='bbox 108 2212 269 2252; x_wconf 86' lang='lat' dir='ltr'><strong>monium</strong></span> <span class='ocrx_word' id='word_1_346' title='bbox 296 2211 542 2261; x_wconf 88' lang='lat' dir='ltr'><strong>spernendum</strong></span> <span class='ocrx_word' id='word_1_347' title='bbox 565 2211 628 2258; x_wconf 90' lang='lat' dir='ltr'><strong>sit,</strong></span> <span class='ocrx_word' id='word_1_348' title='bbox 654 2211 715 2260; x_wconf 88' lang='lat' dir='ltr'><strong>qui</strong></span> <span class='ocrx_word' id='word_1_349' title='bbox 744 2214 781 2257; x_wconf 87' lang='lat'><strong>1,</strong></span> <span class='ocrx_word' id='word_1_350' title='bbox 806 2213 867 2258; x_wconf 87' lang='lat'><strong>11,</strong></span> <span class='ocrx_word' id='word_1_351' title='bbox 891 2211 956 2256; x_wconf 85' lang='lat'><strong>64,</strong></span> <span class='ocrx_word' id='word_1_352' title='bbox 982 2222 1054 2259; x_wconf 92' lang='lat' dir='ltr'><strong>quo</strong></span> <span class='ocrx_word' id='word_1_353' title='bbox 1081 2210 1118 2245; x_wconf 90' lang='lat' dir='ltr'><strong>in</strong></span> <span class='ocrx_word' id='word_1_354' title='bbox 1143 2209 1224 2245; x_wconf 90' lang='lat' dir='ltr'><strong>loco</strong></span> <span class='ocrx_word' id='word_1_355' title='bbox 1250 2219 1370 2257; x_wconf 89' lang='lat' dir='ltr'><strong>neque</strong></span> <span class='ocrx_word' id='word_1_356' title='bbox 1394 2207 1431 2243; x_wconf 90' lang='lat' dir='ltr'><strong>in</strong></span> <span class='ocrx_word' id='word_1_357' title='bbox 1456 2206 1556 2244; x_wconf 84' lang='lat' dir='ltr'><strong>Bue-</strong></span> 
     </span>
     <span class='ocr_line' id='line_1_36' title="bbox 110 2269 1555 2323; baseline -0.005 -11"><span class='ocrx_word' id='word_1_358' title='bbox 110 2273 297 2320; x_wconf 86' lang='lat' dir='ltr'><strong>nemanni‚</strong></span> <span class='ocrx_word' id='word_1_359' title='bbox 325 2284 444 2323; x_wconf 91' lang='lat' dir='ltr'><strong>neque</strong></span> <span class='ocrx_word' id='word_1_360' title='bbox 470 2275 505 2310; x_wconf 92' lang='lat' dir='ltr'><strong>in</strong></span> <span class='ocrx_word' id='word_1_361' title='bbox 525 2272 672 2323; x_wconf 86' lang='lat' dir='ltr'><strong>Sparkii</strong></span> <span class='ocrx_word' id='word_1_362' title='bbox 697 2271 854 2308; x_wconf 89' lang='lat' dir='ltr'><strong>editione</strong></span> <span class='ocrx_word' id='word_1_363' title='bbox 876 2271 1069 2320; x_wconf 84' lang='lat' dir='ltr'><strong>quicquam</strong></span> <span class='ocrx_word' id='word_1_364' title='bbox 1088 2269 1254 2306; x_wconf 87' lang='lat' dir='ltr'><strong>diuersae</strong></span> <span class='ocrx_word' id='word_1_365' title='bbox 1272 2269 1472 2319; x_wconf 87' lang='lat' dir='ltr'><strong>scripturae</strong></span> <span class='ocrx_word' id='word_1_366' title='bbox 1489 2279 1555 2305; x_wconf 88' lang='lat' dir='ltr'><strong>an-</strong></span> 
     </span>
     <span class='ocr_line' id='line_1_37' title="bbox 111 2330 1557 2381; baseline -0.003 -9"><span class='ocrx_word' id='word_1_367' title='bbox 111 2340 276 2381; x_wconf 86' lang='lat' dir='ltr'><strong>notatur,</strong></span> <span class='ocrx_word' id='word_1_368' title='bbox 308 2334 501 2372; x_wconf 78' lang='lat' dir='ltr'><strong>Gaesarem</strong></span> <span class='ocrx_word' id='word_1_369' title='bbox 524 2336 563 2372; x_wconf 77' lang='lat' dir='ltr'><strong>in</strong></span> <span class='ocrx_word' id='word_1_370' title='bbox 588 2335 706 2372; x_wconf 80' lang='lat' dir='ltr'><strong>Arato</strong></span> <span class='ocrx_word' id='word_1_371' title='bbox 732 2345 808 2370; x_wconf 90' lang='lat' dir='ltr'><strong>rem</strong></span> <span class='ocrx_word' id='word_1_372' title='bbox 835 2333 979 2369; x_wconf 86' lang='lat' dir='ltr'><strong>tradere</strong></span> <span class='ocrx_word' id='word_1_373' title='bbox 1004 2332 1103 2380; x_wconf 88' lang='lat' dir='ltr'><strong>dicit,</strong></span> <span class='ocrx_word' id='word_1_374' title='bbox 1136 2342 1230 2381; x_wconf 85' lang='lat' dir='ltr'><strong>quae</strong></span> <span class='ocrx_word' id='word_1_375' title='bbox 1256 2330 1354 2380; x_wconf 88' lang='lat' dir='ltr'><strong>apud</strong></span> <span class='ocrx_word' id='word_1_376' title='bbox 1379 2331 1557 2379; x_wconf 87' lang='lat' dir='ltr'><strong>interpre-</strong></span> 
     </span>
     <span class='ocr_line' id='line_1_38' title="bbox 111 2392 1557 2446; baseline -0.005 -12"><span class='ocrx_word' id='word_1_377' title='bbox 111 2402 206 2440; x_wconf 82' lang='lat' dir='ltr'><strong>tem,</strong></span> <span class='ocrx_word' id='word_1_378' title='bbox 243 2396 305 2446; x_wconf 88' lang='lat' dir='ltr'><strong>qui</strong></span> <span class='ocrx_word' id='word_1_379' title='bbox 334 2403 508 2444; x_wconf 86' lang='lat' dir='ltr'><strong>uocatur,</strong></span> <span class='ocrx_word' id='word_1_380' title='bbox 535 2395 744 2433; x_wconf 88' lang='lat' dir='ltr'><strong>Germanici</strong></span> <span class='ocrx_word' id='word_1_381' title='bbox 780 2394 887 2431; x_wconf 82' lang='lat' dir='ltr'><strong>hodie</strong></span> <span class='ocrx_word' id='word_1_382' title='bbox 921 2399 1033 2430; x_wconf 87' lang='lat' dir='ltr'><strong>extat.</strong></span> <span class='ocrx_word' id='word_1_383' title='bbox 1084 2393 1197 2429; x_wconf 89' lang='lat' dir='ltr'><strong>Nouit</strong></span> <span class='ocrx_word' id='word_1_384' title='bbox 1232 2404 1318 2441; x_wconf 86' lang='lat' dir='ltr'><strong>ergo</strong></span> <span class='ocrx_word' id='word_1_385' title='bbox 1347 2392 1557 2429; x_wconf 86' lang='lat' dir='ltr'><strong>Lactantius</strong></span> 
     </span>
     <span class='ocr_line' id='line_1_39' title="bbox 111 2454 1555 2506; baseline -0.004 -11"><span class='ocrx_word' id='word_1_386' title='bbox 111 2457 209 2496; x_wconf 83' lang='lat' dir='ltr'><strong>hunc</strong></span> <span class='ocrx_word' id='word_1_387' title='bbox 234 2458 484 2506; x_wconf 86' lang='lat' dir='ltr'><strong>interpretem,</strong></span> <span class='ocrx_word' id='word_1_388' title='bbox 511 2468 578 2492; x_wconf 90' lang='lat' dir='ltr'><strong>nec</strong></span> <span class='ocrx_word' id='word_1_389' title='bbox 597 2457 779 2495; x_wconf 87' lang='lat' dir='ltr'><strong>diuersum</strong></span> <span class='ocrx_word' id='word_1_390' title='bbox 807 2458 854 2493; x_wconf 87' lang='lat' dir='ltr'><strong>ab</strong></span> <span class='ocrx_word' id='word_1_391' title='bbox 879 2456 957 2505; x_wconf 87' lang='lat' dir='ltr'><strong>ipso</strong></span> <span class='ocrx_word' id='word_1_392' title='bbox 978 2455 1196 2491; x_wconf 88' lang='lat' dir='ltr'><strong>Germanico</strong></span> <span class='ocrx_word' id='word_1_393' title='bbox 1216 2454 1429 2490; x_wconf 81' lang='lat' dir='ltr'><strong>existimauit</strong></span> <span class='ocrx_word' id='word_1_394' title='bbox 1455 2464 1555 2490; x_wconf 80' lang='lat' dir='ltr'><strong>esse:</strong></span> 
     </span>
     <span class='ocr_line' id='line_1_40' title="bbox 111 2515 1556 2570; baseline -0.006 -11"><span class='ocrx_word' id='word_1_395' title='bbox 111 2530 180 2559; x_wconf 83' lang='lat' dir='ltr'><strong>uec</strong></span> <span class='ocrx_word' id='word_1_396' title='bbox 205 2518 315 2557; x_wconf 89' lang='lat' dir='ltr'><strong>credo</strong></span> <span class='ocrx_word' id='word_1_397' title='bbox 341 2518 425 2554; x_wconf 86' lang='lat' dir='ltr'><strong>huic</strong></span> <span class='ocrx_word' id='word_1_398' title='bbox 449 2520 651 2556; x_wconf 87' lang='lat' dir='ltr'><strong>sententiae</strong></span> <span class='ocrx_word' id='word_1_399' title='bbox 675 2521 867 2570; x_wconf 89' lang='lat' dir='ltr'><strong>quicquam</strong></span> <span class='ocrx_word' id='word_1_400' title='bbox 895 2520 1051 2554; x_wconf 82' lang='lat' dir='ltr'><strong>obstare.</strong></span> <span class='ocrx_word' id='word_1_401' title='bbox 1099 2517 1236 2563; x_wconf 88' lang='lat' dir='ltr'><strong>Potuit,</strong></span> <span class='ocrx_word' id='word_1_402' title='bbox 1264 2516 1329 2552; x_wconf 92' lang='lat' dir='ltr'><strong>nisi</strong></span> <span class='ocrx_word' id='word_1_403' title='bbox 1355 2515 1474 2559; x_wconf 82' lang='lat' dir='ltr'><strong>fallor,</strong></span> <span class='ocrx_word' id='word_1_404' title='bbox 1499 2515 1556 2550; x_wconf 86' lang='lat' dir='ltr'><strong>iu·</strong></span> 
     </span>
     <span class='ocr_line' id='line_1_41' title="bbox 112 2576 1557 2631; baseline -0.003 -13"><span class='ocrx_word' id='word_1_405' title='bbox 112 2580 222 2619; x_wconf 86' lang='lat' dir='ltr'><strong>uenili</strong></span> <span class='ocrx_word' id='word_1_406' title='bbox 246 2585 366 2617; x_wconf 87' lang='lat' dir='ltr'><strong>aetate</strong></span> <span class='ocrx_word' id='word_1_407' title='bbox 392 2591 473 2616; x_wconf 89' lang='lat' dir='ltr'><strong>cum</strong></span> <span class='ocrx_word' id='word_1_408' title='bbox 511 2582 766 2629; x_wconf 79' lang='lat' dir='ltr'><strong>grammaticae</strong></span> <span class='ocrx_word' id='word_1_409' title='bbox 801 2592 950 2631; x_wconf 84' lang='lat' dir='ltr'><strong>operam</strong></span> <span class='ocrx_word' id='word_1_410' title='bbox 983 2579 1086 2616; x_wconf 88' lang='lat' dir='ltr'><strong>daret</strong></span> <span class='ocrx_word' id='word_1_411' title='bbox 1109 2578 1346 2615; x_wconf 87' lang='lat' dir='ltr'><strong>Germanicus</strong></span> <span class='ocrx_word' id='word_1_412' title='bbox 1371 2584 1408 2613; x_wconf 93' lang='lat' dir='ltr'><strong>et</strong></span> <span class='ocrx_word' id='word_1_413' title='bbox 1433 2576 1557 2625; x_wconf 76' lang='lat' dir='ltr'><strong>ligata,</strong></span> 
     </span>
     <span class='ocr_line' id='line_1_42' title="bbox 113 2638 1557 2694; baseline -0.003 -15"><span class='ocrx_word' id='word_1_414' title='bbox 113 2648 151 2679; x_wconf 88' lang='lat' dir='ltr'><strong>et</strong></span> <span class='ocrx_word' id='word_1_415' title='bbox 185 2641 304 2680; x_wconf 82' lang='lat' dir='ltr'><strong>soluta</strong></span> <span class='ocrx_word' id='word_1_416' title='bbox 338 2642 501 2679; x_wconf 85' lang='lat' dir='ltr'><strong>oratione</strong></span> <span class='ocrx_word' id='word_1_417' title='bbox 538 2644 686 2681; x_wconf 84' lang='lat' dir='ltr'><strong>Aratum</strong></span> <span class='ocrx_word' id='word_1_418' title='bbox 724 2642 975 2694; x_wconf 84' lang='lat' dir='ltr'><strong>interpretari,</strong></span> <span class='ocrx_word' id='word_1_419' title='bbox 1011 2638 1301 2692; x_wconf 88' lang='lat' dir='ltr'><strong>quandoquidem</strong></span> <span class='ocrx_word' id='word_1_420' title='bbox 1336 2644 1477 2676; x_wconf 87' lang='lat' dir='ltr'><strong>constat</strong></span> <span class='ocrx_word' id='word_1_421' title='bbox 1510 2648 1557 2676; x_wconf 85' lang='lat' dir='ltr'><strong>ex</strong></span> 
     </span>
    </p>
   </div>
  </div>
 </body>
</html>
