1685 2954
129 77 214 120 268
685 91 1008 122 rns’ronvm

186 192 309 232 Hunc
334 189 458 244 igitur
483 195 650 231 ueteres
677 190 876 232 donarunt
903 191 1007 232 aede
1033 190 1187 246 Sabini,

240 259 367 312 Inque
396 256 590 309 Quirinali
617 259 867 299 constituere
895 257 1005 313 iugo.

184 391 265 432 Est
290 391 400 442 mihi,
428 390 564 444 sitque
591 402 732 443 precor
760 390 910 433 nostris
938 393 1157 435 diuturnior
1184 391 1312 446 annis,

239 458 357 511 Filia,
386 470 466 511 qua
493 458 590 498 felix
618 458 776 512 sospite
804 473 967 512 semper
995 475 1076 502 ero.
1485 466 1566 501 220

184 525 306 566 Hanc
333 537 415 579 ego
444 538 537 566 cum
566 525 712 566 uellem
741 539 895 580 genero
924 528 1033 581 dare,
1063 537 1245 582 tempora
1272 527 1408 570 taedis
1441 562 1443 566 .

239 593 351 645 Apta
379 593 641 646 requirebam,
669 607 858 647 quaeque
887 595 1072 635 cauenda
1100 597 1243 636 forent.

186 660 290 700 Tum
318 658 415 699 mihi
444 665 540 712 post
567 673 710 701 sacras
737 666 985 701 monstratur
1012 662 1149 701 lunius
1176 661 1269 701 idus

239 724 365 767 Vtilis
395 732 437 766 et
464 725 614 780 nuptis,
643 725 754 766 utilis
783 739 881 767 esse
910 728 1018 768 uiris.

186 794 402 846 Primaque
428 807 524 846 pars
552 792 672 834 huius
701 794 889 834 thalamis
918 792 1050 834 aliena
1078 801 1241 849 reperta
1269 801 1346 837 est.
1487 797 1566 835 225

241 862 350 902 Nam
378 859 475 900 mihi
504 860 567 901 sic
595 860 773 901 coniunx
797 866 943 901 sancta
972 861 1089 902 dialis
1117 863 1195 904 ait:

182 929 328 970 Donec
356 928 407 970 ab
436 926 560 969 Iliaca
588 927 774 980 placidus
800 929 1039 981 purgamina
1067 930 1203 971 Vesta

240 996 443 1036 Detulerit
471 995 591 1036 ssauis
620 996 660 1035 in
689 1008 800 1036 mare
830 996 964 1036 Tibris
991 997 1122 1049 aquis,

185 1065 281 1106 Non
309 1062 407 1103 mihi
436 1062 636 1103 detonsae
666 1063 801 1103 crines
829 1062 1049 1115 depectere
1079 1064 1202 1117 buxo,

241 1133 337 1173 Non
365 1143 529 1184 ungues
560 1131 664 1170 ferro
693 1131 961 1171 subsecuisse
988 1131 1100 1184 licet,
1490 1134 1571 1171 230

186 1200 281 1241 Non
309 1197 504 1252 tetigisse
534 1198 673 1250 uirum,
703 1196 889 1251 quamuis
917 1197 1026 1238 Iouis
1053 1199 1121 1238 ille
1150 1197 1356 1249 sacerdos,

240 1264 439 1317 Quamuis
465 1271 664 1319 perpetua
693 1265 749 1305 sit
774 1265 870 1305 mihi
897 1265 994 1319 lege
1023 1265 1154 1307 datus.

133 1451 238 1477 cures
265 1440 326 1489 qui
353 1445 390 1476 et
415 1439 530 1475 sabini
549 1437 656 1474 deum
675 1439 711 1476 in
729 1440 822 1476 trino
842 1439 984 1475 nomine
1004 1438 1205 1475 coluerunt.
1219 1440 1264 1476 E.
1367 1439 1454 1475 217.
1481 1438 1576 1474 Hinc

131 1493 195 1528 20.
233 1491 311 1526 Hac
336 1493 386 1526 23
399 1492 461 1526 26.
506 1490 609 1525 Hanc
632 1491 700 1537 343
726 1502 847 1538 guar.
865 1501 936 1527 scr.
977 1489 1024 1526 H.
1046 1495 1186 1526 ueteres
1211 1490 1320 1538 igitur
1339 1486 1393 1527 Ψ.
1433 1495 1576 1526 ueteres

134 1553 206 1578 om.
225 1543 345 1578 Ema.
358 1552 415 1590 pr.
454 1540 539 1577 don.
568 1552 655 1588 ergo
681 1542 758 1576 sab.
777 1553 808 1576 s.
841 1541 963 1576 sabine
985 1539 1154 1588 fma.pr.
1255 1541 1341 1575 218.
1368 1537 1458 1575 Inde
1483 1539 1576 1587 quir.

141 1589 195 1628 (D.
237 1592 454 1628 constituere
480 1591 560 1627 loco
587 1591 610 1626 l’
638 1591 721 1639 iugo
750 1593 785 1627 D
811 1590 929 1627 eodem
955 1595 1083 1626 tenore.
1125 1596 1238 1626 const.
1266 1590 1346 1626 loco
1378 1591 1423 1626 G.
1461 1595 1576 1626 const.

133 1654 227 1690 rogo
253 1640 292 1687 b,-
325 1639 549 1678 {P'uanscvu
662 1642 749 1677 219.
787 1641 832 1676 sit
865 1653 1018 1690 praecor
1052 1640 1126 1676 ffiis
1160 1640 1249 1676 diut.
1276 1641 1322 1676 E.
1373 1650 1497 1689 praec.
1525 1641 1577 1676 D.

136 1691 260 1729 Gloss.
289 1690 386 1741 quod
413 1691 471 1727 hic
496 1691 582 1727 dicit
608 1691 700 1727 bene
727 1690 771 1726 ad
798 1691 910 1726 fastos
1021 1690 1179 1739 pertinet
1203 1693 1248 1728 E.
1357 1693 1445 1727 220.
1478 1702 1578 1740 sosp.
1643 1703 1649 1710 ·

133 1754 259 1792 sospes
285 1754 348 1779 ero
376 1742 435 1777 34.
474 1741 595 1778 Gloss.
622 1741 728 1785 Filia]
758 1741 858 1776 Haec
882 1741 951 1779 suit
977 1753 1068 1777 uxor
1093 1740 1173 1776 Fidi
1201 1741 1358 1777 Cornelii
1389 1740 1505 1777 Fabii.
1537 1740 1578 1778 G.

184 1797 271 1829 221.
298 1805 380 1828 cum
407 1792 536 1827 uellem
565 1791 618 1828 bis
643 1794 744 1840 ponit
768 1803 800 1828 r.
842 1790 970 1827 uellem
998 1803 1129 1840 magno
1156 1790 1244 1827 dare
1269 1790 1300 1838 f.
1337 1790 1454 1828 thedis
1482 1791 1578 1829 DG.

185 1847 273 1880 222.
300 1843 509 1892 requirebat
535 1840 588 1878 A.
629 1843 764 1891 quique
789 1853 808 1878 r
820 1854 960 1890 mmpr.
1004 1841 1167 1878 canenda
1192 1853 1311 1890 puar.
1327 1853 1398 1878 scr.
1437 1853 1509 1891 que
1535 1841 1582 1877 ti-

135 1894 269 1932 menda
295 1894 366 1930 sor.
392 1889 440 1928 Σ.
542 1895 627 1928 223.
668 1893 776 1928 Tunc
802 1890 1281 1929 GDEGAWATbers
1305 1891 1409 1929 madh
1433 1897 1467 1928 et
1491 1895 1580 1929 πιθα.

138 1944 193 1982 cd.
233 1944 326 1980 Cum
353 1946 404 1978 20
421 1948 506 1980 tres.
547 1949 765 1978 monstratus
792 1955 855 1980 ms
874 1946 924 1978 22
947 1945 1110 1991 quinque.
1152 1943 1375 1983 monstrabat
1401 1945 1462 1979 33.
1503 1941 1582 1978 idas

139 1995 170 2042 f.
209 2001 293 2044 post
319 2000 417 2030 actas
445 1996 537 2030 coni.
557 1995 697 2037 Heius„
732 2001 879 2030 monstr.
910 1995 1034 2030 tertius
1064 1995 1299 2031 Vaassenzus.
1399 1993 1488 2030 224.
1518 1992 1583 2038 Vt.

138 2052 194 2082 est
213 2052 317 2094 nupt.
333 2041 380 2079 Σ.
419 2044 506 2080 Vtil'
524 2057 567 2092 q;
594 2051 697 2093 nupt.
718 2042 737 2078 b
752 2055 824 2080 ma.
841 2056 895 2092 pr.
936 2045 1029 2080 utilis
1057 2050 1166 2094 atque
1193 2044 1276 2079 uiris
1301 2046 1424 2081 Ema.
1438 2055 1495 2092 pr.
1515 2040 1580 2079 sub

138 2108 231 2140 ras„
257 2099 298 2132 ut
316 2093 467 2131 uidebar
483 2094 614 2131 uidere.
655 2092 748 2130 utilis
773 2095 832 2130 ille
859 2095 943 2130 uiris
969 2099 996 2131 t.
1099 2095 1186 2131 225.
1219 2097 1325 2131 Deest
1348 2094 1430 2132 hinc
1453 2092 1581 2140 folium

136 2149 176 2184 in
201 2158 233 2183 s,
270 2145 429 2182 Plurima
458 2156 540 2193 pars
570 2142 621 2181 (D.
649 2157 732 2194 pars
760 2147 835 2181 eius
859 2149 944 2182 tres.
985 2150 1039 2181 est
1065 2144 1137 2182 abi.
1154 2144 1186 2191 f.
1288 2146 1375 2182 226.
1400 2143 1505 2181 michi
1529 2143 1578 2178 D.

138 2197 270 2234 coniux
301 2197 347 2232 G.
392 2195 495 2231 dial.s
524 2198 559 2232 D
576 2207 647 2232 ma.
665 2207 720 2244 pr.
829 2198 916 2232 227.
951 2196 996 2232 ab
1022 2196 1153 2244 ytalica
1177 2195 1208 2232 b.
1311 2189 1580 2233 22851531ule-

136 2255 194 2285 rat
224 2249 268 2285 T.
308 2246 422 2282 flauas
448 2247 472 2281 i.
498 2259 545 2282 m.
574 2253 598 2283 t.
627 2258 739 2295 aquas
765 2257 953 2294 ”mna-pr.
995 2245 1119 2282 thibi-Is
1150 2247 1196 2284 G.
1237 2246 1350 2296 tybris
1375 2257 1405 2283 e.
1444 2242 1577 2290 thybris

137 2297 192 2335 ed.
219 2296 316 2334 Rub.
418 2298 505 2333 229.
543 2297 622 2332 Nec
649 2297 733 2332 mihi
760 2294 815 2332 H.
859 2299 939 2340 Ita,
965 2297 1159 2344 detonsae,
1188 2301 1273 2333 uett.
1291 2295 1346 2333 cd.
1390 2294 1578 2330 detonsum

137 2360 157 2386 c
182 2353 268 2386 tres.
317 2347 471 2384 detonsa
495 2359 517 2395 9
534 2359 606 2383 πια.
625 2359 693 2384 sco.
715 2351 774 2384 12.
823 2346 974 2384 dentoso
1003 2350 1064 2385 17.
1110 2347 1274 2394 detenso,
1301 2347 1465 2382 detensos
1490 2343 1580 2387 (non

139 2398 302 2442 detons.)
329 2397 423 2434 bini.
443 2397 594 2434 detonso
620 2397 748 2445 reliqui
772 2409 905 2434 onmes.
955 2399 1088 2434 crinem
1115 2396 1198 2434 libra
1221 2400 1360 2446 praeter
1386 2396 1422 2431 D
1439 2388 1580 2431 GAN

140 2447 231 2485 duos
258 2447 368 2492 alios,
403 2460 492 2496 qttos
516 2460 588 2497 seq.
640 2449 756 2484 crines
788 2448 958 2485 detexere
985 2451 1034 2485 D.
1089 2448 1175 2484 crin.
1210 2449 1388 2496 depexere
1420 2446 1466 2482 G.
1515 2442 1581 2479 de-

140 2505 290 2549 pectore
315 2498 423 2544 t‘ma.
438 2508 494 2548 pr.
545 2498 758 2548 despectere
783 2497 860 2534 cdd.
883 2500 960 2536 Vic.
982 2501 1069 2535 Ven.
1111 2497 1231 2536 Gloss.
1259 2497 1409 2532 detonsa
1435 2500 1490 2530 est
1521 2505 1581 2530 ar-

144 2552 211 2586 bor
242 2559 337 2597 quae
373 2549 496 2586 breuia
529 2548 638 2585 habet
669 2549 757 2585 solia
791 2555 829 2584 ut
865 2549 979 2585 buxus
1006 2552 1051 2586 E.
1106 2548 1270 2591 detonso]
1304 2546 1415 2595 polito
1447 2556 1478 2581 r.

191 2601 278 2635 230.
308 2598 454 2646 Vngues
481 2599 669 2637 nec'serro
697 2602 747 2636 N.
794 2598 878 2635 Non
907 2611 1017 2648 unges
1045 2601 1092 2635 D.
1136 2597 1219 2633 Non
1248 2608 1366 2645 ungen
1398 2593 1450 2632 Ψ.
1496 2593 1581 2634 Nou

141 2649 278 2689 crinem
311 2648 408 2686 ferro
439 2646 490 2685 (D.
538 2649 622 2687 Non
650 2662 804 2700 unguem
835 2647 876 2686 Φ
894 2662 975 2688 aar.
994 2661 1063 2686 scr.
1178 2651 1264 2685 232.
1302 2645 1410 2691 michi
1437 2648 1480 2684 E.
