1685 2954
101 101 185 144 212
660 111 995 144 ens-roimu-

213 216 268 256 Et
295 213 465 255 Themis
493 217 676 255 extremo
703 227 832 268 saepe
861 220 1030 268 recepta
1056 215 1148 256 loco
1175 220 1255 257 est.

159 283 302 324 Donec
329 283 474 322 Honos
501 280 743 335 placidoque
773 283 928 323 decens
957 282 1208 324 Reuerentia
1233 283 1346 325 uoltu
1387 272 1389 275 ¹

215 350 397 402 Corpora
423 349 620 403 legitimis
648 351 878 403 imposuere
908 351 1020 391 toris.

159 417 267 458 Hinc
295 422 390 456 sata
417 417 631 469 Maiestas,
661 429 767 471 quae
795 418 986 458 mundum
1015 424 1218 472 temperat
1245 430 1424 459 omnem:
1490 421 1543 457 25

215 483 389 536 Quaque
417 483 483 524 die
510 491 628 537 partu
656 491 723 525 est
749 484 872 537 edita,
901 497 1052 539 magna
1081 486 1166 526 fuit..

157 551 253 592 Nec
279 563 403 604 mora,
431 551 620 592 consedit
646 551 778 592 medio
809 553 993 593 sublimis
1022 554 1184 607 olympo

214 620 364 670 Aurea,
388 631 587 672 purpureo
613 617 904 671 conspicienda
932 620 1035 659 sinu.

160 685 399 728 Consedere
426 684 546 726 simul
577 686 712 727 Pudor
741 691 786 726 et
812 686 966 726 Metus.
1005 698 1126 725 omne
1155 685 1320 728 uideres

215 755 380 794 Numen
408 753 461 793 ad
489 754 595 794 hanc
620 753 758 794 uoltus
785 753 1070 805 composuisse
1099 764 1210 794 suos.
1499 760 1549 794 30

161 820 350 862 Protinus
385 821 549 861 intrauit
576 826 992 877 mentes-suspectus-
1021 821 1234 861 honorum:

217 888 286 928 Fit
314 888 488 941 pretium
516 887 675 943 dignis,
704 900 783 929 nec
811 887 890 929 sibi
916 889 1090 941 quisque
1114 890 1263 941 placet.

162 957 244 996 Hic
272 961 408 996 status
433 955 474 995 in
505 957 622 996 caelo
651 956 802 996 multos
830 957 1054 1009 permansit
1081 955 1122 996 in
1150 967 1292 1008 annos,

217 1023 325 1063 Dum
352 1024 489 1063 senior
516 1023 614 1064 fatis
641 1022 796 1063 excidit
824 1036 920 1064 arce
951 1023 1066 1064 deus.

161 1091 288 1131 Terra
316 1091 426 1131 feros
453 1096 610 1143 partus,
640 1090 829 1131 immania
857 1097 1053 1144 monstra,
1081 1089 1277 1145 gigantas
1501 1092 1550 1129 35

219 1157 358 1199 Edidit
387 1170 561 1199 ausuros
588 1158 629 1198 in
657 1157 768 1198 Iouis
795 1158 853 1197 ire
883 1157 1056 1198 domum.

165 1225 278 1265 Mille
306 1237 452 1266 manus
479 1224 557 1266 illis
583 1224 708 1277 dedit,
738 1230 782 1266 et
810 1238 881 1277 pro
908 1226 1089 1266 cruribus
1118 1237 1292 1279 angues,

218 1293 358 1347 Atque
387 1293 457 1346 ait,
487 1294 528 1334 in
557 1303 730 1345 magnos
759 1303 871 1333 arma
899 1299 1063 1334 mouete
1092 1293 1205 1333 deos.

159 1407 221 1440 22.
250 1407 327 1451 lta,
353 1404 402 1441 Et
429 1404 578 1452 themis,
603 1417 723 1442 mma.
739 1417 795 1453 pr.
823 1404 934 1442 codex
961 1407 1038 1441 Iac.
1073 1404 1260 1448 Gronouii,
1286 1408 1376 1448 tres;
1400 1415 1456 1452 91)
1470 1415 1551 1440 uar-

109 1467 180 1492 scr.
219 1455 269 1491 Et
288 1455 429 1504 Tethys
454 1467 489 1504 9.
530 1455 671 1503 Tethys
692 1464 728 1492 et
744 1455 854 1493 Aldd,
894 1456 925 1491 E
947 1455 1058 1491 theris
1084 1455 1114 1501 f.
1153 1455 1201 1490 Et
1220 1454 1301 1490 tetis
1326 1466 1358 1489 r.
1397 1454 1445 1488 Et
1471 1453 1551 1489 the-

111 1508 156 1542 tis
181 1505 308 1553 reliqui
333 1518 464 1550 onmes,
491 1507 598 1542 arsiam
619 1504 810 1543 ffltesmi.
851 1506 1024 1542 Extremo
1051 1512 1087 1541 et
1113 1504 1254 1552 Tethys
1282 1505 1373 1541 coni.
1396 1506 1554 1540 Marsus

111 1556 165 1592 ed.
189 1559 275 1592 Ven.
307 1558 414 1593 1485.
459 1563 620 1592 extremo
647 1562 701 1593 est
726 1568 837 1605 saepe
862 1559 907 1593 Ε.
947 1568 1056 1604 saepe
1082 1561 1227 1604 reperta
1254 1555 1381 1600 29343
1408 1558 1551 1590 22maer.

111 1618 181 1643 scr.
220 1619 329 1655 saepe
354 1607 478 1642 relicta
509 1605 644 1643 (Dicar.
655 1619 725 1643 scr.
766 1613 822 1643 est
848 1608 883 1643 in
905 1605 976 1653 fine
994 1605 1064 1642 abi.
1094 1607 1171 1641 DE
1179 1604 1199 1640 b
1217 1615 1294 1640 sex.
1398 1606 1459 1639 23.
1487 1604 1553 1640 ho-

42 1671 46 1674 *
111 1669 178 1692 nor
205 1655 285 1693 libri
311 1661 452 1704 praeter
476 1655 526 1693 A
541 1654 619 1702 (312
628 1655 700 1704 1⁴⁴2)
745 1656 831 1693 hou.
861 1656 1064 1705 placidique
1090 1667 1217 1691 recens
1243 1654 1446 1690 reuerentia
1472 1653 1553 1689 cui-

112 1712 170 1742 tus
195 1708 256 1741 29.
299 1706 516 1756 placidoque
544 1719 666 1743 recens
685 1719 874 1755 mmmpr.
893 1707 1000 1742 alius.
1041 1704 1256 1755 placidoque
1281 1704 1409 1740 sedens
1430 1704 1458 1740 G
1471 1703 1552 1740 duo.

112 1756 327 1805 placidoque
355 1758 470 1793 nitens
497 1756 696 1793 buar.scr.
741 1769 817 1793 reu.
846 1758 950 1792 uultis
980 1755 1155 1804 buta-pr.
1206 1755 1307 1791 uultu
1336 1753 1418 1791 libro:
1442 1766 1554 1803 prae-

45 1809 53 1826 ’“’
112 1811 165 1843 ter
189 1807 238 1850 A,
265 1809 326 1855 qui
350 1809 386 1843 in
412 1819 518 1856 prosc.
545 1819 639 1844 neers.
672 1806 812 1843 desinit.
914 1808 977 1843 24.
1010 1806 1127 1855 inpos.
1157 1807 1253 1842 DG.
1301 1805 1372 1854 leg.
1400 1817 1554 1854 compo-

111 1868 217 1893 suere
236 1856 302 1902 f2.
342 1857 454 1893 thoris
480 1859 559 1894 mei.
601 1858 728 1906 impos.
756 1855 841 1893 locis
868 1859 918 1892 20
935 1856 1030 1894 duos*
1121 1857 1183 1893 25.
1211 1857 1274 1891 His
1300 1862 1378 1892 sata
1409 1856 1552 1892 GN12

111 1909 175 1943 20.
222 1914 399 1955 magestas
427 1910 615 1957 Ema.pr.
664 1909 747 1944 mai.
775 1919 847 1957 qua
881 1908 1035 1943 mundus
1062 1912 1174 1957 temp.
1202 1903 1249 1942 Σ.
1297 1907 1462 1942 maiestas
1488 1904 1553 1941 hos

112 1963 167 1994 est
192 1957 260 1993 dea
288 1970 395 1994 censa
418 1966 586 2007 parentes
605 1970 639 1993 m
656 1961 773 1994 1123.
814 1961 860 1995 In
882 1961 915 1994 Z
932 1969 1079 1995 rasura.
1182 1958 1244 1993 26.
1271 1956 1429 2006 Quoque
1454 1955 1554 2003 {1293

111 2019 235 2056 puar.
253 2020 323 2044 εον.
373 2021 444 2057 que
470 2020 557 2044 suae
583 2015 726 2057 partum
754 2015 807 2044 est
833 2008 891 2045 ed.
919 2006 980 2044 A.
1029 2019 1102 2057 que
1129 2006 1190 2043 diu
1215 2014 1322 2057 parto
1349 2013 1403 2044 est
1428 2018 1553 2043 utura.

111 2070 168 2106 pr.
216 2058 274 2093 die
299 2064 353 2094 est
378 2066 483 2108 partu
510 2057 540 2104 f.
642 2060 703 2094 27.
741 2070 841 2094 mora
868 2059 1075 2094 conscendit
1103 2060 1134 2093 B
1150 2058 1178 2094 G
1203 2062 1371 2106 quatitur.
1419 2057 1553 2106 olimpo

114 2103 327 2145 DEGFr.
438 2112 500 2144 28.
536 2109 790 2158 conspicienda
821 2108 891 2145 deo
924 2110 1004 2145 sinu
1044 2110 1239 2157 Gma.pr.
1355 2109 1416 2144 29.
1437 2105 1553 2143 “simul

112 2163 294 2207 postrema
324 2159 406 2204 syll.
431 2161 469 2195 in
500 2171 574 2195 ras·
606 2162 646 2195 E.
697 2160 799 2195 simul
833 2166 949 2195 metus
981 2165 1018 2195 et
1048 2158 1168 2208 pudor
1192 2156 1254 2194 A.
1365 2161 1425 2194 30.
1460 2157 1552 2193 hanc

113 2208 231 2244 cultus
248 2212 308 2245 33.
350 2211 440 2245 uuit.
462 2211 533 2254 (ita
551 2209 609 2255 ll.)
637 2211 862 2246 continuasse
893 2208 1023 2247 vuar.
1033 2221 1104 2246 scr.
1144 2209 1356 2258 opposuisse
1380 2207 1457 2244 edd.
1474 2208 1550 2243 Vic.

164 2261 224 2293 32.
252 2259 339 2296 Fert
364 2259 519 2309 pretium
541 2261 590 2296 34
603 2261 661 2296 35.
700 2260 745 2295 Et
774 2267 866 2309 pret.
896 2262 1015 2298 3637.
1054 2261 1237 2309 praecium
1257 2261 1349 2296 DE.
1413 2268 1482 2293 rec.
1501 2256 1550 2292 G.

114 2310 269 2357 pretium
295 2312 432 2360 maguis
459 2307 506 2346 Γ.
544 2316 637 2358 pret.
666 2310 811 2359 dignuin
840 2310 1011 2359 hwa-pr.
1114 2312 1175 2346 33.
1204 2309 1237 2345 Is
1261 2316 1344 2346 stat.
1413 2334 1422 2344 .
1458 2306 1550 2341 Hinc

114 2364 199 2394 stat.
226 2372 261 2395 m
279 2373 353 2397 ma.
370 2373 427 2410 pr.
531 2361 591 2398 34.
619 2359 701 2396 satis
726 2362 764 2396 in
789 2373 864 2397 ras.
884 2373 933 2397 m.
973 2373 1052 2398 exc.
1078 2366 1158 2397 arte
1185 2362 1265 2397 Dm
1276 2372 1348 2396 ma«.
1359 2369 1415 2407 pr.
1453 2357 1550 2392 exci-

115 2408 168 2444 dit
194 2410 270 2457 ipse
300 2414 342 2446 E.
384 2416 463 2447 ex'c.
489 2417 575 2459 apte
605 2412 651 2447 G.
755 2412 816 2447 35.
845 2412 964 2447 Terra
989 2410 1093 2447 ferox
1118 2418 1213 2459 part.
1241 2412 1420 2457 Enna-pr.
1438 2403 1551 2442 FHs

114 2471 254 2507 mmpr.
267 2461 290 2494 6
304 2464 352 2496 20
372 2466 527 2509 quatuor
541 2465 575 2496 et
589 2466 674 2497 uett.
689 2460 742 2497 ed.
785 2463 905 2498 'i'erra
929 2461 1030 2497 ferax
1049 2468 1144 2511 part.
1165 2458 1205 2496 Γ
1218 2463 1386 2508 meatuum
1418 2454 1549 2492 vuar.

51 2516 64 2532 .=
115 2519 186 2545 scr.
225 2511 379 2559 inmania
402 2513 493 2548 DE.
533 2511 695 2560 gigantes
722 2511 801 2548 libri
826 2516 967 2560 practer
988 2515 1033 2547 12
1045 2514 1107 2548 33.
1209 2511 1270 2547 36.
1295 2507 1366 2544 Ed.
1390 2512 1552 2543 assuetos

116 2560 151 2594 in
178 2570 284 2596 unus.
331 2561 383 2596 ire
399 2561 533 2598 domos
563 2559 640 2597 BE
652 2558 739 2598 ΨΑ
748 2559 785 2597 Σ
797 2560 953 2608 Tfs2o
979 2561 1106 2598 decem.
1208 2560 1268 2595 37.
1295 2570 1362 2607 pro
1388 2557 1551 2593 curribus

121 2608 177 2644 Cb
203 2609 257 2647 ed.
282 2612 358 2646 vic.
392 2606 472 2659 {pro
499 2612 633 2648 ciuibus
659 2612 741 2649 duo.
785 2625 851 2661 pro
878 2613 1033 2648 crinibus
1058 2609 1165 2647 Λ20
1189 2614 1277 2653 trcs;
1303 2618 1498 2657 patui-‚son

165 2661 226 2697 38.
253 2662 372 2709 Atque
399 2661 433 2696 in
460 2673 607 2709 magnos
633 2663 681 2697 ait
708 2675 806 2697 arma
834 2660 873 2697 Γ
871 2689 880 2699 .
921 2673 1039 2710 magn.
1067 2660 1161 2697 bella
1187 2672 1284 2699 mou.
1312 2656 1412 2697 ΨΤ.
1450 2667 1550 2694 arma

115 2717 285 2748 mouente
312 2713 359 2748 D.
399 2722 546 2748 mouere
571 2723 590 2747 r
609 2711 674 2746 sub
698 2723 775 2749 ras.
