1685 2954
612 106 952 142 1.113.sax‘rvs
1417 95 1501 140 275

175 216 244 264 An
271 212 413 256 scierit
437 209 626 254 Vestam.
663 209 801 253 scisse
827 209 903 251 sed
931 210 1022 264 ipse
1048 214 1189 265 negat.
1365 249 1370 257 Κ
1421 213 1501 250 330

123 282 252 337 Spem
280 282 392 336 capit
417 280 679 331 obscaenam,
708 277 926 331 furtimque
953 277 1155 320 accedere
1182 280 1370 331 temptat,

176 352 232 391 Et
259 350 338 390 fert
364 357 593 400 suspensos
620 345 745 387 corde
772 343 949 386 micante
978 345 1141 400 gradus.

119 417 246 458 Forte
274 427 416 467 senex,
446 426 526 468 quo
553 419 706 454 uectus
734 418 834 465 erat,
864 412 1029 453 Silenus
1056 412 1227 453 asellum

176 484 369 537 Liquerat
393 481 447 522 ad
471 481 582 535 ripas
609 481 703 521 lene
731 480 918 521 sonantis
946 493 1089 535 aquae.

119 552 220 602 Ibat,
248 555 295 590 ut
322 549 518 602 inciperet
544 545 661 602 longi
688 547 792 589 deus
820 547 1091 602 Hellesponti,
1423 548 1501 586 335

173 617 467 670 Intempestiuo
495 628 590 657 cum
617 614 723 657 rudit
749 615 817 656 ille
845 626 959 656 sono.

117 684 275 725 Territa
302 695 408 724 uoce
437 683 555 737 graui
583 683 719 738 surgit
748 682 837 724 dea.
877 681 1069 724 conuolat
1095 681 1228 724 omnis

173 752 319 791 Turba.
357 764 431 804 per
457 751 634 792 infestas
662 750 811 805 effugit
838 750 907 791 ille
935 760 1090 790 manus.

118 819 376 871 Lampsacos
405 819 486 859 hoc
514 817 662 859 animal
689 819 812 859 solita
840 822 908 859 est
935 822 1117 857 mactare
1143 815 1313 871 Priapo:

170 885 282 938 Apta
308 887 411 926 asini
440 886 613 926 flammis
640 884 787 927 indicis
815 890 914 926 exta
942 883 1097 925 damus.
1425 881 1505 922 340

117 950 249 1002 Quem
279 958 335 1004 tu,
365 954 469 1006 diua,
499 965 653 994 memor
681 953 735 994 de
762 965 870 1006 pane
897 951 1114 993 monilibus
1141 961 1282 993 ornas:

172 1019 326 1059 Cessat
356 1032 472 1072 opus,
501 1032 662 1061 uacuae
692 1020 928 1061 conticuere
957 1019 1103 1060 molae.

114 1084 305 1137 Nomine,
337 1099 456 1138 quam
485 1086 617 1138 pretio
649 1085 890 1128 celebratior
919 1099 1017 1127 arce
1049 1086 1230 1129 tonantis

170 1152 326 1204 Dicam,
356 1151 530 1194 Pistoris
558 1153 655 1208 quid
682 1154 784 1195 uelit
811 1165 882 1194 ara
909 1154 1031 1194 Iouis.

116 1218 268 1260 Cincta
292 1220 578 1271 premebantur
608 1222 791 1262 trucibus
820 1221 1025 1274 Capitolia
1053 1218 1208 1262 Gallis:
1427 1220 1506 1260 345

169 1286 350 1327 Fecerat
379 1285 535 1326 obsidio
564 1285 646 1327 iam
675 1287 863 1327 diuturna
891 1287 1051 1327 famem.

61 1412 113 1449 uit
138 1411 343 1459 frma.sec.
446 1414 533 1449 330.
562 1412 617 1447 Αη
643 1412 751 1449 sciret
769 1414 865 1450 DG.
904 1413 958 1448 An
986 1412 1118 1449 scieret
1137 1409 1181 1448 N
1190 1411 1232 1449 A
1240 1425 1380 1462 ma.pr.
1416 1419 1510 1451 uest.

61 1463 152 1499 scire
178 1462 248 1499 duo
274 1467 308 1498 et
333 1460 410 1498 edd.
432 1461 530 1499 Rub.
553 1463 631 1499 Vic.
682 1464 790 1499 scisse
822 1462 920 1512 quod
956 1462 1033 1512 ipse
1058 1460 1108 1498 A
1122 1475 1158 1511 9.
1217 1464 1295 1513 ipse
1320 1466 1359 1501 in
1375 1475 1454 1501 ras.
1476 1463 1510 1500 b.

56 1513 135 1561 ipse
161 1520 270 1560 neget
296 1510 336 1548 A
352 1524 499 1561 mmm.
609 1515 696 1549 331.
730 1512 929 1562 furtimque
955 1513 1152 1550 ascendere
1176 1525 1273 1550 emus
1299 1514 1359 1561 (N
1375 1518 1441 1551 aut
1469 1516 1516 1562 T,

59 1562 265 1599 oblitterata
295 1566 371 1598 erat
395 1564 502 1607 nota)
521 1574 604 1600 παν.
624 1574 697 1599 scr.
800 1566 887 1599 332.
921 1575 1019 1612 susp.
1048 1575 1113 1600 ore
1138 1564 1219 1600 mic.
1246 1576 1356 1601 unus.
1403 1564 1515 1601 corde

59 1617 237 1648 tremente
264 1614 297 1647 P
313 1614 350 1647 3.
451 1615 538 1648 333.
564 1613 710 1659 sillenus
737 1615 811 1649 Ee.
855 1613 1004 1649 cillenus
1026 1609 1075 1649 Σ.
1177 1616 1266 1650 334.
1292 1614 1374 1663 Liq.
1402 1614 1441 1650 in
1467 1615 1516 1651 ri-

59 1673 145 1710 pam
173 1658 215 1696 N
223 1658 281 1697 H.
326 1660 373 1697 ad
403 1661 517 1710 ripam
550 1654 635 1699 ΨΣ
643 1666 764 1699 1220.
802 1663 918 1711 ripam
945 1663 1050 1699 laeue
1081 1660 1133 1700 Ψ.
1236 1665 1322 1700 335.
1350 1669 1390 1700 ut
1417 1665 1516 1702 ince-

58 1712 113 1761 pit
140 1710 257 1748 buar.
276 1722 347 1748 scr.
397 1711 495 1760 longi
519 1711 629 1748 decus
665 1709 716 1749 Ψ.
827 1715 914 1749 337.
953 1714 1055 1761 graui
1085 1713 1179 1761 fugit
1205 1713 1275 1750 dea
1301 1713 1384 1751 duo.
1445 1714 1516 1751 dea

60 1773 143 1797 cum
172 1762 270 1797 uolat
296 1773 394 1797 omn.
421 1762 472 1797 N.
522 1761 591 1798 dea
617 1766 797 1798 conuocat
822 1763 846 1797 4
867 1773 945 1798 seoe.
994 1775 1101 1798 conu.
1131 1775 1256 1800 omnes
1283 1765 1321 1800 4.
1425 1767 1516 1805 338.-

60 1812 190 1847 Torua
215 1823 284 1861 per
309 1812 409 1847 433.
463 1811 528 1848 inf.
557 1810 720 1859 confugit
745 1809 808 1848 A.
854 1811 917 1847 eff.
944 1811 1004 1847 illa
1031 1810 1122 1858 1³2⁶?
1139 1816 1184 1848 12
1196 1816 1246 1848 20
1272 1814 1439 1863 quinque.

112 1863 200 1897 339.
228 1864 305 1907 Ita,
334 1860 571 1910 Lampmcos,
601 1864 674 1898 FP
682 1873 706 1909 9
717 1873 905 1910 mmmpr.
934 1863 1087 1910 quinque
1111 1867 1145 1898 et
1169 1863 1325 1900 uett.ed.
1372 1864 1516 1914 Lapsa-

61 1923 124 1948 cos
150 1912 245 1948 DG.
285 1911 444 1946 Lasacus
474 1912 514 1948 G.
560 1911 740 1961 Lapsatus
771 1914 816 1948 E.
864 1912 1049 1948 Lausacus
1075 1924 1106 1949 r.
1156 1913 1233 1949 lam
1259 1926 1363 1951 sacro
1385 1912 1459 1951 'hoc
1483 1915 1516 1962 f.

60 1961 286 2010 Lampsacus
311 1960 453 2009 reliqui.
505 1961 655 2010 Lamps.
682 1961 778 1997 hunc
803 1962 870 1998 soli
904 1962 1008 1998 solita
1044 1967 1198 2011 quatuor
1224 1965 1352 2013 scripti.
1377 1969 1412 2001 et
1435 1964 1516 2003 edd.

63 2010 158 2048 Rub.
179 2013 256 2048 Vic.
280 2013 368 2048 Ven.
386 2010 473 2048 Ald.
491 2011 644 2048 Mediol.
683 2012 831 2061 Lamps.
856 2012 953 2048 hunc
979 2013 1082 2048 aliter
1107 2013 1213 2049 solita
1238 2013 1320 2050 duo.
1360 2013 1432 2051 hoc
1456 2028 1517 2052 so-

60 2061 124 2097 lita
159 2067 214 2097 est
249 2061 381 2097 animal
417 2067 526 2098 mact.
555 2064 614 2098 M.
670 2073 730 2098 an.
766 2062 890 2098 solitus
925 2068 1033 2098 mact.
1066 2063 1109 2108 (ἴς
1136 2065 1360 2101 Puar.scr.
1409 2065 1516 2102 solita

59 2118 223 2147 mactare
248 2123 279 2148 r.
381 2112 468 2147 340.
496 2113 613 2161 Apata
640 2124 692 2148 as.
721 2115 756 2148 E
773 2124 846 2148 ma.
866 2124 924 2160 pr.
965 2113 1058 2148 Hinc
1084 2113 1171 2149 asini
1199 2113 1237 2160 ὃς
1262 2111 1516 2163 Hpuar.scr.

61 2160 99 2197 fi.
126 2161 250 2197 iudicis
282 2164 325 2198 E.
427 2163 516 2197 341.
553 2162 638 2205 Que
665 2169 702 2198 tu
729 2174 759 2198 s.
809 2163 917 2205 Quae
942 2169 1005 2198 tua
1032 2162 1117 2198 diua
1143 2166 1206 2199 20.
1255 2164 1378 2200 manil.
1405 2164 1437 2210 f.

115 2212 201 2247 342.
228 2224 309 2248 uae.
339 2212 550 2247 continuere
576 2209 632 2248 A.
735 2213 821 2248 343.
855 2213 978 2262 precio
1010 2214 1044 2249 G
1069 2212 1122 2250 cd.
1149 2212 1246 2250 Rub.
1294 2215 1441 2264 praecio
1467 2218 1514 2252 E.

66 2272 175 2310 quain
203 2262 387 2310 praecipio
405 2264 454 2298 D.
496 2263 716 2298 celebracior
736 2265 771 2298 D
787 2264 832 2300 G.
871 2276 928 2312 pr.
947 2263 1123 2300 celebrior
1138 2266 1198 2300 M.
1238 2276 1295 2314 pr.
1324 2265 1516 2313 pretiosior

66 2312 120 2348 N.
158 2312 226 2348 cel.
254 2318 340 2348 ante
365 2323 395 2348 e.
447 2312 514 2347 cel.
539 2308 621 2348 arte
647 2311 678 2358 f.
728 2324 812 2349 arce.
840 2314 979 2349 tonanti
1006 2315 1049 2349 F.
1154 2315 1239 2351 344.
1266 2314 1416 2351 Discant
1443 2316 1520 2353 BG

65 2362 102 2396 D
128 2360 216 2404 (sed
240 2360 297 2398 hic
321 2373 385 2410 per
415 2361 660 2410 compendium
693 2362 787 2410 quod
822 2365 916 2400 sicut
946 2365 1113 2401 imitatus
1143 2375 1225 2401 sum
1251 2364 1420 2401 Discatur
1445 2364 1516 2413 leyi

64 2412 210 2459 posset)
230 2413 308 2448 FG
323 2409 951 2463 ‹DAMNPWAETbefypr
969 2415 1050 2450 344
1074 2413 1203 2462 reliqui
1227 2416 1367 2463 passim
1392 2414 1516 2452 collati

66 2464 209 2508 excepto
230 2463 278 2497 41
305 2461 462 2511 plerique
486 2467 632 2509 ctfltett.
651 2463 705 2500 ed.
745 2463 888 2499 Discam
916 2466 950 2500 E
959 2465 995 2499 4.
1034 2464 1167 2500 Dicant
1191 2476 1376 2514 mma-pr.
1404 2467 1514 2513 quin-

66 2520 133 2556 que
157 2509 235 2546 abii.
271 2511 320 2549 D.
345 2512 500 2561 pistores
528 2511 1356 2563 BGDEFCDAIHPWEbcfmmamrJ
1381 2514 1463 2560 αῐὶἱς
1488 2527 1515 2565 p

64 2569 225 2596 uam-scr.
263 2560 360 2598 Disc.
387 2569 552 2612 pastores
585 2564 631 2600 G.
673 2565 759 2612 pist.
786 2564 932 2613 quidem
959 2565 1030 2602 uel.
1057 2577 1089 2602 r.
1130 2565 1218 2602 uelit
1243 2576 1332 2602 aura
1364 2566 1410 2602 G.
1477 2579 1481 2581 ·

66 2609 206 2694 Νῗξν.
233 2609 374 2648 Cuncta
401 2609 439 2648 Σ
447 2624 470 2661 9
481 2625 517 2650 m
530 2625 696 2663 mmm-3
728 2615 852 2651 Gerar.
869 2625 939 2651 scr.
1053 2615 1140 2652 346.
1167 2614 1282 2653 obsid.
1309 2626 1392 2655 uam
1418 2613 1511 2652 diut.

1108 2725 1201 2761 18*
