1685 2954
101 73 192 104 cxx
677 73 732 102 nr:
763 73 968 112 silcamus*

100 173 229 210 notitia
252 172 360 211 Vrbis
387 183 431 209 eo
457 171 602 209 nomine
627 167 781 211 relatum
807 173 936 213 eodem
962 175 997 212 in
1025 175 1106 214 loco
1132 175 1238 214 situm
1265 187 1345 214 esse
1372 178 1544 228 potuisse.

110 235 203 271 Tria
222 233 311 285 fata
338 233 566 283 explicantur
590 232 638 271 de
662 236 787 273 rostris
807 237 958 286 Flauiis,
984 238 1062 275 sine
1081 237 1154 274 ullo
1179 244 1406 286 argumento,
1432 253 1547 289 quan-

101 300 179 332 tum
206 295 383 344 intelligo,
412 306 493 331 cum
513 293 612 344 apud
628 295 852 335 Anastasium
874 299 909 335 in
935 299 1009 335 uita
1026 300 1174 337 Honorii
1199 305 1236 336 et
1259 300 1294 336 in
1315 300 1388 335 uita
1405 301 1547 338 Adriani

102 355 254 393 Sacram
282 354 393 392 Viam
419 356 597 406 significet
623 368 667 393 ea
694 359 904 409 appellatio.
958 360 1123 410 ludigent
1148 373 1235 410 ergo
1261 363 1328 397 ista
1355 373 1423 408 eo,
1450 362 1549 410 quod

100 415 151 454 ita
168 416 389 454 affirmatur:
415 417 453 455 Ιῑ
475 417 608 455 resulto
629 418 833 458 elain-omnent
850 420 893 458 de
914 426 991 459 tout
1009 422 1042 458 le
1058 424 1144 459 recit
1171 421 1340 466 d‘oaaeide,
1367 422 1549 471 lorsqu'on

101 477 297 527 l'applique
320 481 345 515 ὰ
369 478 409 516 la
436 478 592 524 locante,
619 492 685 529 que
703 494 739 518 ce
761 482 888 531 temple
908 482 951 519 dc
968 486 1085 520 Ianus
1108 485 1233 520 n'etait
1260 484 1355 521 dans
1379 497 1445 522 son
1472 486 1550 521 ori-

100 539 182 586 ⁸uine
207 551 273 588 que
294 540 333 577 la
357 545 459 589 porte
483 539 526 577 de
551 540 648 578 Para·
671 541 720 579 du
752 542 925 591 Capitole.
983 544 1077 580 G‘esz
1101 546 1397 592 precisement
1423 558 1460 583 cc
1485 557 1552 595 que

102 599 267 638 Niebuhr
291 614 317 639 a
339 601 454 639 reuda
477 601 644 651 probable
667 615 737 653 par
763 601 825 639 des
850 603 1054 642 inductionis
1079 604 1305 655 historiques.
1349 608 1440 644 Vtor
1462 608 1552 644 Nie-

103 661 222 699 bubrii
249 663 407 700 editione
433 664 517 700 anni
541 667 652 710 1830,
679 664 738 698 ubi
766 664 876 712 longe
902 663 1046 702 diuersa
1073 667 1262 716 leguntur:
1289 670 1317 705 si
1338 669 1435 719 quod
1455 669 1553 705 sorte

102 723 201 761 aliud
224 725 299 762 eius
321 726 493 775 scriptum
520 726 588 762 ista
610 724 721 761 uerba
742 724 911 772 innuunt,
925 728 1095 767 *sustineo
1117 728 1298 766 iudicium.
1338 730 1443 779 Apud
1459 728 1553 766 Oui-

103 784 203 823 dium
229 799 310 824 cum
337 800 374 824 u.
403 789 477 824 266
505 786 647 823 codices
673 783 831 822 habeant
860 790 1046 836 oppositas
1071 800 1193 834 seras,
1231 798 1385 840 apparet
1411 797 1554 839 portam

104 846 267 895 indicari,
295 862 365 885 non
393 862 465 899 qua
493 847 681 897 eruperint
706 845 855 895 Sabini,
879 849 943 885 sed
969 862 1042 899 qua
1065 850 1238 901 irrupturi
1262 851 1418 899 suerint,
1445 856 1555 901 prout

103 910 212 945 etiam
236 917 291 946 est
317 916 403 947 met.
430 911 491 958 14,
505 912 580 947 780
591 922 672 959 sqq.
725 908 828 945 Fecit
854 910 964 959 igitur
988 918 1098 961 poeta
1125 912 1223 962 quod
1251 920 1384 962 poetae
1409 912 1554 959 licebat,

104 971 308 1020 praeteritis
344 971 422 1019 his,
457 984 552 1022 quae
577 970 768 1018 Dionysius
794 974 833 1018 2,
854 973 901 1008 41
930 972 1060 1011 tradit:
1096 967 1143 1011 Ὁ
1171 971 1216 1011 δὲ
1246 967 1395 1016 Τάτιος
1422 969 1488 1010 καὶ
1515 968 1554 1008 οἳ

106 1029 277 1080 Σαβῖνοι
313 1031 512 1083 φρουρίου
544 1026 749 1082 γενόμενοι
782 1034 977 1082 καρτεροῦ
1017 1032 1147 1085 κύριοι
1182 1033 1249 1073 καὶ
1285 1035 1425 1079 πλεΐςα
1473 1033 1554 1071 τῶν

102 1086 310 1142 Ῥωμαίων
329 1090 556 1143 ἀποσκευῆς
576 1089 732 1142 ἀμοχθὶ
757 1091 1050 1146 παρειληφότες
1076 1094 1118 1134 ἐκ
1142 1097 1214 1134 τοῦ
1237 1093 1449 1147 ἀσφαλοῦς
1474 1090 1554 1145 ἤδη

104 1150 195 1193 τὸν
223 1150 450 1204 πόλεμον
477 1152 748 1206 διέφερον,
777 1155 960 1193 festinauit
990 1158 1035 1194 ad
1063 1171 1141 1196 rem
1170 1159 1409 1206 narrandam,
1445 1170 1554 1207 quam

105 1219 291 1265 praeteriit
316 1218 524 1266 Dionysius,
551 1217 614 1255 sed
642 1230 721 1254 cuin
750 1218 826 1254 aliis
850 1220 1126 1268 comprehendit
1153 1222 1272 1258 uerbis
1299 1221 1554 1270 sequentibus:

105 1274 261 1329 με’γιςαι
295 1276 340 1316 δὲ
374 1275 418 1316 ἐκ
443 1274 706 1329 παρατάξεως
732 1273 847 1323 ὅλαις
875 1282 965 1324 ταῖς
991 1275 1208 1330 δυνάμεσι,
1247 1277 1348 1330 πρὸς
1377 1276 1556 1329 ἀλλήλας

106 1334 269 1388 μάχαι
295 1338 471 1378 διτταὶ
509 1339 576 1378 καὶ
610 1335 737 1392 φόνος
771 1337 969 1391 ἑκατέρων
996 1339 1136 1387 πολύς.
1188 1343 1324 1379 Versus
1350 1345 1440 1390 263,
1466 1343 1557 1390 264,

107 1414 262 1451 quorum
288 1403 323 1439 in
350 1403 539 1453 posteriori
574 1403 682 1440 codd.
710 1404 946 1452 scripturam,
982 1417 1090 1454 quam
1117 1404 1293 1451 exhibeo,
1332 1405 1437 1440 uelim
1466 1416 1558 1454 per-

108 1463 218 1513 pendi
245 1465 292 1501 ab
317 1464 587 1514 archaeologis,
625 1471 815 1515 utramque
841 1477 885 1502 ex
921 1467 1108 1503 annalibus
1135 1472 1342 1515 excerptam
1370 1465 1555 1502 historiam

110 1525 145 1561 in
172 1537 340 1563 sermone
373 1527 508 1575 garruli
541 1527 700 1563 seniliter
734 1527 792 1563 dei
828 1534 1043 1565 connectere
1069 1528 1255 1564 uidentur:
1295 1540 1402 1564 uersu
1429 1528 1502 1564 265
1527 1526 1558 1563 si

109 1588 222 1636 paulo
239 1588 380 1638 longius
407 1589 476 1624 iter
501 1588 693 1636 indicatur,
722 1589 839 1638 aptius
867 1589 903 1625 id
930 1595 998 1638 est,
1027 1603 1134 1640 quam
1161 1591 1189 1626 si
1217 1591 1351 1636 omnia,
1380 1595 1419 1626 ut
1437 1590 1558 1639 putari

109 1646 232 1697 uideo,
259 1650 297 1686 in
322 1656 446 1686 monte
468 1650 675 1699 Capitolino
702 1651 961 1700 transiguntur.
1007 1652 1106 1689 Nihil
1132 1653 1240 1702 igitur
1266 1650 1365 1701 apud
1385 1649 1558 1687 Ouidium

107 1715 188 1758 est,
224 1711 290 1748 nisi
314 1710 411 1748 forte
437 1722 524 1748 uere
558 1718 768 1748 asseuerant
802 1713 987 1761 elegantes
1021 1714 1183 1751 homines
1210 1726 1230 1750 a
1257 1712 1498 1763 grammaticis
1522 1718 1560 1749 et

109 1770 308 1809 editoribus
332 1773 491 1810 omnium
519 1773 661 1808 minime
686 1772 835 1821 intelligi
864 1781 1006 1811 ueteres
1032 1775 1249 1824 scriptoreS,
1284 1775 1371 1812 nibil
1396 1781 1474 1822 est,
1500 1774 1560 1811 in-

109 1844 248 1882 quam,
286 1846 359 1884 quo
395 1845 568 1883 cogamur
602 1834 807 1870 testimonia
840 1833 886 1871 de
913 1835 988 1872 lani
1014 1838 1137 1874 sacelli
1163 1838 1243 1874 loco
1267 1848 1379 1887 supra
1404 1836 1560 1873 indicata

109 1894 260 1945 insuper
285 1895 442 1943 habere3
471 1894 507 1931 id
533 1908 646 1932 unum
672 1902 796 1940 restat,
824 1902 864 1932 ut
890 1896 937 1933 de
963 1896 1100 1936 duobus
1118 1898 1227 1946 foris,
1255 1911 1291 1935 u.
1308 1899 1399 1946 258,
1426 1898 1561 1937 docea-

111 1960 185 2004 tur,
211 1957 247 1993 in
274 1970 429 2008 quorum
456 1957 611 1995 confinio
637 1957 674 1994 id
700 1958 856 2007 positum
881 1957 993 1997 fuisse
1018 1960 1199 1997 conuenit.
1244 1961 1408 1996 Alterum
1432 1961 1462 1997 si
1481 1960 1561 1998 Ro—

110 2029 259 2055 manum
284 2019 367 2068 fuit,
394 2020 547 2057 alterum
571 2020 638 2056 sub
660 2020 800 2057 Carinis
825 2019 934 2057 suerit
959 2034 1106 2060 necesse
1127 2027 1196 2069 est,
1223 2021 1320 2071 quod
1341 2021 1452 2059 credo
1473 2035 1561 2072 pro-

112 2079 247 2117 miscue
279 2080 401 2127 forum
427 2084 664 2132 piscatorium
689 2088 726 2119 et
751 2081 941 2119 macellum
975 2083 1134 2131 dictum,
1172 2083 1255 2120 uide
1292 2083 1339 2120 de
1361 2090 1560 2133 ‘postrema

112 2140 357 2191 appellatione
381 2144 485 2180 Varr.
512 2144 558 2180 de
584 2144 609 2180 l.
635 2143 661 2179 1.
688 2143 725 2190 5,
754 2145 840 2190 146,
870 2145 965 2190 147,
1001 2143 1105 2180 Paul.
1134 2144 1236 2180 Diac.
1265 2157 1301 2193 p.
1318 2145 1382 2190 48,
1404 2144 1450 2179 15
1477 2155 1558 2180 cum
1627 2160 1630 2164 ¹

113 2209 238 2240 annot.
263 2204 389 2242 Muell.
444 2207 522 2242 Hoc
556 2205 700 2242 nomine
731 2205 866 2241 Paulus
892 2204 995 2241 Diae.
1023 2206 1164 2253 p.125‚
1183 2207 1223 2252 7,
1260 2205 1319 2241 illo
1347 2204 1471 2241 Liuius
1496 2206 1561 2253 40,

116 2262 162 2299 51
193 2264 228 2300 id
255 2272 458 2304 extructum
497 2273 648 2304 narrant
681 2278 777 2303 anuo
804 2266 851 2305 V.
879 2267 923 2303 C.
951 2267 1024 2302 573
1051 2278 1071 2303 a
1099 2267 1151 2303 M.
1178 2266 1327 2302 Aemilio
1353 2266 1495 2316 Lepido
1523 2274 1561 2303 et

115 2325 168 2361 M.
191 2326 320 2363 Fuluio
340 2327 530 2366 Nobiliore
556 2328 776 2365 censoribus.
829 2327 949 2364 Locus
975 2328 1146 2366 definitur
1171 2341 1244 2365 non
1271 2328 1378 2377 longe
1403 2339 1424 2364 a
1446 2327 1561 2365 Sacra

115 2387 199 2434 uia,
226 2387 332 2426 Varr.
360 2390 407 2426 de
433 2391 458 2426 l.
485 2390 510 2427 l.
537 2391 576 2437 5,
597 2391 681 2436 152,
710 2401 777 2426 nec
805 2390 919 2426 multo
946 2390 1087 2439 longius
1113 2402 1134 2426 a
1160 2389 1256 2436 foro,
1281 2401 1388 2439 quain
1414 2389 1561 2427 suerunt

115 2448 309 2486 lautomiae
335 2456 372 2487 et
396 2452 534 2488 Atrium
560 2452 741 2500 Regium,
777 2451 860 2488 Liu.
888 2453 950 2498 26,
978 2454 1039 2488 27.
1091 2451 1195 2501 Ipsae
1226 2450 1318 2487 adeo
1354 2451 1561 2499 lautomiae,

114 2510 144 2545 si
170 2509 341 2548 Bunsenii
369 2512 650 2561 disputationem
679 2526 763 2550 ann.
792 2521 818 2549 t.
841 2516 881 2560 8,
908 2526 946 2563 p.
967 2516 1040 2549 227
1066 2513 1168 2563 sequi
1197 2513 1300 2559 uelis,
1329 2525 1400 2549 non
1428 2513 1560 2563 longis·

115 2571 203 2608 sime
237 2584 259 2608 a
294 2572 376 2609 soro
412 2574 602 2622 piscatorio
638 2575 816 2612 afuerint:
851 2575 915 2612 sed
951 2576 1021 2611 alia
1055 2575 1183 2612 suadet
1209 2574 1317 2611 Varr.
1342 2575 1388 2611 de
1415 2575 1439 2611 l.
1468 2575 1492 2611 l.
1519 2574 1559 2623 5,

118 2632 205 2681 151,
232 2641 341 2684 prout
365 2635 473 2672 etiam
500 2635 688 2674 edisseruit
707 2638 909 2676 Bunsenius
934 2637 1050 2675 deser.
1078 2637 1166 2675 Vrb.
1195 2639 1234 2684 3,
1256 2640 1293 2685 Ι,
1319 2650 1357 2687 p.
1373 2639 1438 2685 70,
1459 2638 1524 2676 71.

1660 1499 1672 1542 ’.α
