1685 2954
605 120 707 151 Lm.
737 120 980 150 Tunrrvs
1445 104 1522 150 131

129 223 291 278 Figitur
318 222 370 264 ad
397 222 583 263 Laurens
610 220 769 277 ingenti
798 221 961 261 flamine
992 221 1107 263 littus

186 286 353 344 Puppis,
382 296 425 330 et
453 289 656 342 expositis
683 289 870 329 omnibus
895 289 1046 330 hausta
1072 289 1188 343 perit.
1443 293 1524 328 600

130 359 214 400 Iam
243 357 335 411 pius
363 357 531 397 Aeneas
559 369 689 410 regno
717 363 896 409 nataque
926 356 1064 398 Latini

187 428 349 466 Auctus
379 430 477 477 erat,
507 426 681 478 populos
712 425 1016 478 miscueratque
1047 423 1163 465 duos.

129 494 286 533 Littore
317 492 439 545 dotali
469 493 557 532 solo
589 492 810 533 comitatus
839 492 1002 532 Achate

183 560 400 600 Secretum
431 559 538 600 nudo
569 560 663 600 dum
691 559 799 613 pede
829 560 958 612 carpit
986 561 1075 612 iter,

126 626 290 680 Aspicit
321 622 536 682 errantem,
567 640 647 669 nec
674 627 842 668 credere
872 628 1050 668 sustinet
1078 629 1239 668 Annam
1442 628 1523 665 605

181 695 303 735 Esse.
342 695 438 749 quid
467 695 508 736 in
537 697 660 737 latios
685 694 754 736 illa
778 695 939 735 ueniret
968 693 1126 749 agros?

125 762 232 802 Dum
260 775 403 803 seeum
432 764 614 817 Aeneas,
644 764 767 803 Anna
793 769 871 815 est,
903 765 1108 804 exclamat
1129 762 1329 804 Achates.

182 829 249 870 Ad
279 844 428 871 nomen
456 833 593 872 uoltus
622 831 791 871 sustulit
818 831 886 871 illa
914 844 1025 871 suos.

127 896 219 949 Quo
251 896 419 953 fugiat?
451 899 547 953 quid
577 896 711 953 agat?
739 910 843 951 quos
874 904 1008 938 terrae
1035 902 1205 950 quaerat
1230 893 1406 939 hiatus?

183 967 294 1006 Ante
324 968 467 1007 oculos
495 967 669 1007 miserae
698 965 783 1004 fata
811 965 963 1005 sororis
994 970 1121 1005 eraut.
1444 970 1526 1005 610

127 1034 285 1087 Sensit,
315 1040 357 1074 et
386 1035 602 1087 alloquitur
625 1031 824 1084 trepidam
854 1032 1105 1086 Cythereius
1135 1033 1272 1086 heros,

181 1103 277 1142 Flet
305 1107 444 1140 tamen
472 1100 682 1140 admonitu
710 1106 859 1153 motus,
885 1101 1035 1153 Elissa,
1067 1101 1137 1140 tui.

124 1169 259 1220 Anna,
287 1181 360 1220 per
388 1169 496 1209 hanc
525 1167 624 1220 iuro,
654 1180 776 1221 quam
806 1168 1010 1221 quondam
1044 1168 1184 1209 audire
1212 1167 1380 1210 solebas

183 1236 386 1276 Tellurem
415 1235 502 1275 fato
531 1237 785 1288 prosperiore
816 1236 914 1289 dari,

123 1304 287 1357 Perque
317 1303 421 1344 deos
451 1303 626 1344 comites
655 1304 736 1344 hac
763 1316 893 1356 nuper
921 1302 1023 1344 sede
1052 1304 1225 1357 locatos,
1446 1306 1526 1344 615

183 1372 324 1424 Saepe
351 1383 470 1411 meas
497 1370 590 1412 illos
619 1373 876 1425 increpuisse
905 1384 1054 1412 moras.

123 1440 219 1481 Nec
247 1439 362 1480 timui
388 1440 440 1479 de
468 1445 599 1479 morte
627 1445 779 1480 tamen.
818 1445 955 1480 metus
986 1440 1116 1480 abfuit
1146 1440 1238 1480 iste.

179 1508 261 1549 Hei
289 1507 399 1561 mihi,
428 1506 610 1547 credibili
638 1508 777 1549 fortior
805 1509 874 1548 illa
901 1508 987 1548 fuit.

121 1602 209 1638 599.
238 1600 393 1638 Ducitur
411 1601 458 1638 ad
483 1601 566 1639 libri
590 1607 734 1652 praeter
751 1614 841 1651 quos
855 1614 984 1652 sequor
1005 1605 1037 1639 B
1049 1604 1078 1640 G
1086 1605 1121 1640 D
1134 1599 1241 1640 ‹Dibz
1250 1614 1285 1639 m
1295 1613 1315 1639 s
1328 1604 1434 1638 1220
1449 1613 1528 1639 seoe.

71 1653 166 1689 laur.
195 1653 337 1700 urgenti
357 1650 411 1688 A.
513 1654 600 1688 600.
628 1653 741 1702 Pupis
768 1656 813 1690 E.
855 1661 892 1690 et
918 1666 1101 1691 ex..u..s
1130 1666 1227 1690 omn.
1259 1655 1450 1703 Dma.pr.
1492 1659 1529 1689 et
1598 1649 1616 1675 ’ἶ

72 1703 270 1752 exp.usitis
298 1705 500 1739 mesec.
540 1709 578 1739 et
604 1704 780 1752 oppositis
808 1703 982 1752 binanpr.
1095 1707 1183 1740 601.
1217 1704 1265 1740 At
1291 1705 1370 1752 pius
1396 1706 1528 1740 Mma.

71 1766 128 1803 pr.
177 1753 252 1788 Iam
286 1753 386 1802 prius
414 1749 461 1788 Σ.
579 1755 668 1789 602.
706 1753 867 1789 Functus
904 1761 981 1790 erat
1009 1757 1246 1802 Dmma.pr.
1262 1757 1324 1790 20.
1371 1754 1529 1803 populos

0 1812 2 1857 j,
72 1806 239 1840 iunxerat
266 1811 376 1851 atque
402 1803 494 1839 duos
515 1805 559 1838 P.
599 1815 670 1852 que
696 1816 779 1839 suos
800 1803 871 1850 A3
904 1805 1113 1841 0uar.scr.
1217 1806 1305 1840 603.
1331 1803 1457 1841 Litore
1482 1807 1528 1841 E.

73 1861 178 1891 acate
194 1851 243 1891 Γ.
275 1854 460 1891 Gloss.E:
487 1853 632 1889 achates
659 1865 746 1889 cura
774 1854 1034 1903 interpretatur
1056 1867 1150 1902 quae
1176 1866 1321 1903 semper
1338 1866 1443 1902 reges
1466 1867 1529 1891 co-

74 1905 235 1941 mitatur.
339 1906 426 1940 604.
455 1903 552 1939 nudo
574 1916 654 1939 cum
675 1903 787 1950 FPf.
828 1906 944 1954 carpit
964 1918 1034 1942 om.
1053 1903 1242 1954 Fm-a.pr.
1346 1905 1433 1942 605.
1462 1917 1530 1941 nec

74 1968 225 1992 cernere
250 1960 339 1991 sust.
367 1954 428 1992 A.
479 1953 628 1990 credere
660 1953 802 1992 sustulit
832 1957 877 1992 Τ.
990 1958 1076 1992 606.
1111 1956 1219 1993 lacios
1249 1952 1384 1992 ΕΘΓ.
1425 1956 1530 1992 latios

74 2007 153 2056 ipsa
185 2007 382 2043 Ommsec.
396 2004 453 2053 912
471 2009 549 2041 octo
566 2010 599 2041 et
616 2009 702 2041 uett.
724 2004 797 2050 θὼς
825 2018 850 2055 p
869 2017 952 2042 var.
969 2018 1040 2043 scr.
1080 2007 1184 2042 latios
1211 2018 1306 2042 anna
1334 2006 1472 2042 ueniret
1496 2005 1529 2053 f.

129 2059 219 2092 607.
247 2057 326 2092 Hec
351 2068 472 2092 secum
505 2052 587 2091 (BP
604 2055 710 2092 altus.
750 2055 845 2091 Dum
874 2055 964 2092 haee
990 2069 1111 2093 secum
1143 2058 1188 2094 Ο.
1294 2058 1381 2092 608.
1407 2057 1530 2093 uultus

73 2109 146 2153 (ita
169 2106 252 2144 libri
270 2111 413 2156 praeter
426 2107 480 2153 A)
507 2107 658 2142 sustinet
684 2107 744 2142 illa
770 2103 809 2142 Γ
816 2109 840 2143 8
860 2106 972 2152 α1ὶυ3;
998 2110 1049 2144 Μ
1058 2119 1224 2146 uar.scr.
1264 2107 1388 2143 uultus
1414 2113 1529 2143 rettu-

73 2159 116 2194 lit
136 2155 187 2193 H
192 2159 325 2193 94041
350 2162 522 2206 quianon
553 2157 671 2193 Guar.
682 2169 753 2193 scr.
857 2159 944 2193 609.
972 2158 1052 2194 Heu
1074 2159 1159 2207 quid
1187 2164 1272 2207 agat
1295 2158 1412 2207 fugiat
1437 2170 1529 2206 quos

70 2220 113 2257 95
139 2211 190 2245 M
206 2220 290 2245 uar.
308 2220 380 2244 scr.
430 2207 527 2251 Quid
554 2207 670 2256 fugiat
697 2211 837 2244 Zsma.
848 2220 903 2257 pr.
955 2209 1035 2245 Heu
1068 2210 1184 2257 rugiat
1216 2210 1347 2246 caeteri
1384 2212 1530 2258 practer

74 2271 164 2308 quos
194 2271 323 2307 sequor
351 2258 689 2306 BGDPmp320
708 2258 872 2295 tredecim
882 2272 892 2303 ;
924 2256 1219 2296 (DAsuar.scr.
1278 2259 1361 2295 Heu
1388 2258 1531 2294 dubitat

73 2309 160 2360 quid
187 2311 221 2345 F
232 2321 314 2346 aar.
326 2321 396 2345 scr.
509 2311 597 2345 610.
632 2310 783 2345 miserae
816 2308 913 2345 sacta
943 2311 1008 2346 Εἴ)
1022 2312 1082 2346 28.
1196 2311 1283 2346 611.
1322 2309 1441 2345 Sentit
1464 2311 1528 2345 29.

74 2360 184 2410 alloq.
200 2360 382 2407 miseram,
403 2359 571 2409 cupidam
590 2359 734 2407 sinyuli.
776 2359 860 2395 cith.
879 2357 919 2395 Γ
925 2373 957 2397 r.
999 2360 1189 2397 chitereius
1211 2363 1254 2397 Ε.
1295 2358 1460 2395 eitherius
1481 2361 1527 2396 G.

125 2412 212 2447 612.
240 2417 360 2446 tamen
382 2411 580 2447 ammonitu
598 2409 744 2456 Ebe.
783 2417 903 2446 tamen
923 2412 1082 2447 amonitu
1101 2408 1148 2446 Γ.
1187 2418 1306 2447 tamen
1327 2410 1530 2446 admonitus
1576 2413 1578 2416 ”

77 2460 208 2497 Αο33
226 2460 309 2497 dato.
339 2461 486 2497 admon.
506 2462 629 2497 mortis
650 2461 756 2496 elissa
773 2468 858 2497 tuae
876 2459 1121 2498 DANOhr
1140 2461 1295 2510 aliquot‚·
1320 2464 1446 2498 Ειιαν.
1458 2472 1530 2498 scr.

78 2510 174 2547 adm.
196 2519 312 2548 mater
327 2513 374 2548 el.
396 2523 500 2548 attius.
545 2511 674 2548 helissa
698 2513 745 2548 G.
787 2512 893 2548 elissa
910 2519 973 2548 tuo
995 2516 1027 2549 B
1041 2510 1231 2549 GF³Pms
1250 2512 1383 2556 decenn
1408 2524 1432 2560 p
1446 2523 1530 2547 aar.

79 2572 150 2597 scr.
251 2563 337 2600 615.
367 2562 456 2598 deos
483 2575 602 2611 nuper
629 2563 776 2599 comites
799 2562 866 2598 hac
887 2563 974 2599 sede
999 2576 1065 2600 ms
1085 2560 1168 2600 duo.
1206 2562 1293 2599 sede
1321 2563 1459 2598 locatus
1480 2564 1528 2597 D.

80 2610 166 2647 sede
192 2618 356 2662 receptos
381 2614 428 2652 G.
532 2615 620 2649 617.
647 2613 730 2649 Non
760 2613 836 2649 tim.
857 2625 906 2650 m.
945 2621 1030 2650 met.
1059 2612 1177 2649 adfuit
1195 2614 1243 2649 A.
1284 2612 1391 2649 affuit
1411 2609 1529 2658 &413

81 2660 277 2699 huanscr.
321 2663 396 2700 abf-
425 2665 491 2701 iste
515 2675 695 2722 rmmpr.
811 2665 899 2701 618.
938 2665 983 2700 Ei
1010 2664 1093 2700 mihi
1119 2660 1529 2701 ABDEFGFTbr.

81 2712 163 2748 Heu
189 2712 274 2749 mihi
299 2711 411 2752 ΛΨ.
447 2714 581 2752 sorcior
605 2712 698 2753 ΕΓ.
739 2715 868 2752 tortior
893 2728 929 2752 m
939 2727 1013 2752 ma.
1023 2727 1081 2764 pr.
1122 2715 1255 2751 certior
1278 2726 1298 2751 s
1318 2713 1401 2751 duo.

1149 2775 1215 2812 9.
