1685 2954
591 118 647 147 DE
677 118 859 147 AEDIBVS
890 117 1034 148 SACRIS
1396 119 1533 151 CXXIX

86 223 172 270 beo,
197 220 296 272 quod
322 219 454 258 addam
478 218 534 266 iis,
562 218 626 267 qui
650 217 868 267 scriptorum
894 217 994 255 locos
1020 216 1265 267 collegerunt:
1289 217 1320 255 si
1341 229 1414 267 qua
1438 217 1532 257 falso

85 283 245 321 adhibita
269 288 368 329 sunt,
394 279 495 317 uelut
518 289 540 315 a
564 277 713 326 Nibbyo
738 277 983 326 fragmentum
1009 279 1254 329 Capitolinum
1280 279 1448 318 basilicae
1471 280 1533 317 Iu-

84 345 170 394 liae,
196 344 302 381 facile
327 342 362 378 id
388 341 437 395 ab,
460 338 741 388 intelligentibus
767 338 1007 387 cognoscitur.

186 407 244 443 De
268 405 424 441 Lunae
449 402 485 437 in
512 401 692 438 Auentino
718 405 842 438 monte
868 400 1066 450 templo,
1090 402 1189 451 quod
1214 408 1376 441 extremo
1401 402 1534 442 Martio

85 480 210 506 mense
235 464 438 502 dedicatum
464 467 533 506 est,
559 473 670 511 supra
698 475 736 512 p.
759 473 867 498 xuv
894 461 1031 498 dictum
1058 468 1127 501 est.

183 529 241 566 De
267 525 451 574 templo
477 523 677 572 Magnae
701 523 870 560 Matris
896 522 1068 561 Idaeae
1094 536 1234 573 eorum,
1260 537 1354 576 quae
1380 525 1535 566 Ouidius

85 592 125 640 4,
145 591 232 635 347,
252 587 326 623 348
362 585 493 634 docet,
531 584 618 622 nihil
653 584 801 622 aliunde
833 592 959 622 notum
992 592 1061 624 est.
1122 586 1332 638 Scipionem
1363 587 1535 627 Nasicam

83 651 316 690 membranae
341 653 484 684 ueteres
509 658 584 684 non
610 648 811 697 perstitisse
835 652 1021 683 auctorem
1055 648 1181 697 templi
1206 653 1409 697 testantur,
1435 650 1536 700 quod

83 724 166 750 cum
191 710 399 759 ambiguum
425 708 498 756 sit,
525 720 633 746 nemo
660 715 802 757 tamen,
829 719 949 758 neque
974 707 1101 746 Liuius
1127 710 1190 755 36,
1209 711 1273 758 36,
1299 722 1420 760 neque
1443 714 1535 750 Aur.

83 773 210 811 Victor
235 771 282 809 de
308 771 376 807 uir.
401 770 452 808 ill.
479 771 545 819 44,
570 769 741 806 Nasicam
768 769 867 807 aedis
898 774 1084 808 auctorem
1108 769 1209 807 facit.
1259 770 1400 809 Mireris
1426 774 1536 813 etiam

83 833 131 871 de
152 833 301 871 Metello
322 833 369 869 ab
391 831 526 869 Ouidio
553 844 589 868 u.
606 830 679 867 351
706 831 801 868 tradi
825 843 917 879 rem,
944 843 1054 881 quam
1079 831 1271 881 posteriori
1293 833 1418 883 aliquo
1444 841 1536 874 tem-

85 907 178 946 pore
203 895 404 932 institutam
431 905 509 930 esse
542 892 713 930 credibile
746 905 820 929 non
855 898 932 940 est;
965 892 1226 929 uetustissimus
1250 893 1365 942 enim,
1394 895 1538 935 Romae

84 969 232 1009 quoque
264 962 359 994 teste
386 955 496 992 Dion.
524 953 607 991 Hal.
633 957 673 1001 2,
702 954 749 989 19
775 953 842 990 sub
867 953 949 1001 fin.,
984 965 1064 991 mos
1097 952 1167 990 fuit
1192 952 1272 990 τῶν
1297 967 1538 1008 μητραγυρ-

84 1017 178 1067 τῶν,
207 1030 230 1055 a
254 1015 499 1055 Demosthene
525 1016 594 1052 iam
622 1019 658 1050 et
684 1014 826 1051 comicis
854 1015 978 1051 Atticis
1003 1019 1162 1062 notatus,
1189 1016 1356 1064 quamuis
1381 1018 1538 1055 certissi-

86 1093 185 1117 mum
211 1080 257 1116 sit
284 1090 462 1127 nusquam
483 1077 529 1114 de
545 1076 663 1126 primo
685 1075 821 1125 templo
845 1075 883 1113 id
909 1075 1018 1122 tradi,
1045 1074 1144 1126 quod
1161 1075 1347 1114 Nardinus
1363 1080 1385 1114 3
1409 1091 1447 1128 p.
1463 1081 1540 1118 190

85 1141 263 1178 affirmat:
294 1151 358 1177 con
378 1138 476 1186 doni,
503 1138 564 1176 che
587 1136 615 1175 il
639 1135 769 1185 popolo
787 1139 827 1174 ui
846 1141 965 1188 porto,
989 1137 1040 1186 9li
1064 1136 1109 1184 fu
1133 1135 1232 1183 fatto
1251 1138 1278 1176 il
1297 1140 1428 1189 tempio
1448 1153 1540 1190 pro-

85 1203 179 1251 prio.
233 1201 362 1245 Quare
388 1199 527 1244 dubito,
554 1204 675 1235 utrum
700 1199 870 1236 Metellus
899 1198 1027 1248 aliquis
1053 1197 1224 1235 duumuir
1249 1211 1332 1236 cum
1357 1201 1409 1238 M.
1436 1202 1540 1241 Iunio

85 1263 202 1299 Bruto
229 1261 356 1299 aedem
384 1272 481 1298 anno
504 1259 595 1309 563,
623 1271 668 1297 an
688 1267 772 1311 post
790 1258 1010 1309 incendium,
1031 1259 1077 1297 de
1096 1272 1170 1310 quo
1189 1259 1258 1296 Iul.
1272 1260 1413 1313 Obseq.
1435 1266 1458 1312 §
1471 1265 1540 1315 99,

85 1335 182 1360 anno
207 1324 281 1360 643
309 1322 545 1360 dedicauerit.
598 1324 752 1373 Augusti
787 1322 964 1361 restitutio
994 1321 1144 1373 quando
1169 1328 1301 1373 coepta
1327 1330 1365 1362 et
1391 1327 1540 1376 quando

85 1384 247 1422 nondum
279 1385 444 1435 perfecta
477 1383 611 1433 fuerit,
646 1397 759 1435 supra
783 1398 822 1436 p.
840 1396 930 1423 xnv
957 1396 1004 1422 ex
1027 1385 1154 1422 Dionis
1179 1385 1261 1423 loco
1285 1386 1352 1435 55,
1374 1391 1423 1424 12
1449 1402 1541 1427 con-

84 1447 258 1485 iecturam
285 1449 407 1497 posui,
435 1459 544 1497 quam
571 1446 724 1484 Sachsio
750 1446 905 1484 fortasse
933 1445 1063 1484 debeo.
1116 1448 1189 1484 Isto
1214 1447 1251 1484 in
1277 1448 1358 1486 loco
1384 1443 1430 1487 τὸ
1458 1463 1540 1488 πα-

85 1502 225 1545 λάτιον
251 1509 383 1546 montis
412 1508 697 1559 appellationem
723 1520 802 1546 esse
829 1522 914 1546 usus
940 1508 1113 1560 loquendi
1131 1509 1258 1547 Dionis
1285 1511 1436 1561 patitur,
1464 1513 1540 1552 uid.

86 1571 227 1618 53,16,
253 1570 318 1607 sed
344 1571 516 1621 imprimis
535 1572 598 1619 46,
614 1574 677 1618 33,
704 1571 767 1607 ubi
793 1566 838 1608 τὸ
860 1569 934 1620 τῆς
955 1566 1113 1621 μητρὸς
1136 1570 1215 1608 τῶν
1239 1571 1349 1610 θεῶν
1374 1568 1542 1625 ἄγαλμα

87 1627 132 1669 ‘cti
157 1628 200 1669 ἐν
227 1632 284 1685 τῷ
311 1629 497 1684 παλατίῳ
526 1627 584 1669 ὄν.
635 1632 774 1669 Sensus
801 1645 889 1669 num
923 1633 1108 1683 patiatur,
1141 1646 1214 1670 non
1250 1634 1401 1674 dixerim
1427 1638 1542 1676 confi-

88 1693 243 1731 dentius.
301 1695 439 1732 Verum
466 1699 505 1743 2,
532 1695 582 1731 59
617 1694 715 1744 apud
744 1694 916 1732 Ouidium
947 1696 1101 1733 Caetera
1133 1696 1318 1734 retulerim
1352 1698 1401 1736 ad
1431 1699 1543 1738 aedes

90 1767 212 1792 sacras
238 1756 464 1805 potissimum
491 1756 622 1793 montis
649 1755 803 1792 Palatini
831 1756 1039 1805 restitutas,
1077 1770 1167 1807 quas
1193 1758 1272 1808 ipse
1296 1760 1480 1810 Augustus
1505 1763 1543 1799 in

87 1829 188 1853 mon.
216 1817 348 1864 Ancyr.
376 1817 450 1853 tab.
471 1820 491 1852 1
529 1817 646 1855 dextr.
679 1818 863 1853 nominat:
901 1816 1544 1859 AEDEM‚1VVENTVTIS.AE-

87 1875 1164 1927 DEM.MATRlS.MAGNAE.IN.PALATIO.FEC1,
1191 1880 1330 1930 quippe
1354 1893 1450 1931 quae
1473 1895 1544 1919 nu-

88 1939 186 1976 mina
212 1951 249 1976 u.
273 1940 322 1976 66
348 1939 385 1976 in
411 1940 566 1976 statione
592 1943 678 1976 ante
703 1938 852 1975 domum
878 1939 954 1975 eius
983 1937 1111 1977 adesse
1137 1941 1342 1980 iubeantur.
1395 1943 1465 1981 Vel
1491 1945 1545 1981 sic

88 2001 198 2050 igitur
227 2000 337 2038 aedes
373 2013 528 2050 magnae
553 2000 682 2037 Matris
718 2012 827 2049 quam
861 2002 1022 2049 reposuit
1053 2001 1258 2052 Augustus,
1294 2016 1368 2040 non
1402 2004 1545 2054 longius

88 2075 110 2099 a
136 2063 274 2112 palatio
309 2062 443 2100 afuerit
469 2068 641 2113 oportet,
679 2073 789 2112 quam
826 2062 1005 2112 templum
1029 2063 1206 2114 Apollinis
1230 2063 1408 2114 Palatini,
1445 2066 1545 2116 quod

86 2127 221 2174 posuit.

187 2185 334 2223 Aedes
369 2186 620 2224 Fortunae
655 2184 870 2223 Publicae
906 2185 997 2223 duas
1030 2192 1220 2237 nuncupat
1254 2186 1410 2225 Ouidius
1442 2188 1543 2227 Non.

88 2248 202 2298 April.
234 2253 273 2285 et
298 2248 382 2286 Vm
406 2248 468 2285 ΚΡ
498 2250 575 2284 lun.
621 2248 823 2297 Vtramque
856 2249 892 2284 in
926 2248 1019 2286 colle
1052 2249 1232 2293 Quirinali
1266 2249 1377 2288 fuisse
1411 2250 1546 2288 docent

89 2308 258 2347 lemmata
301 2309 427 2346 iisdem
467 2309 596 2346 diebus
633 2309 668 2345 in
707 2309 887 2346 fastorum
923 2308 1136 2359 fragmentis
1171 2310 1319 2360 Praen.‚
1353 2312 1543 2359 Amitern„

89 2370 247 2422 Esquil.‚
275 2371 412 2408 Venus.
442 2371 613 2420 ascripta.
666 2370 747 2407 Nec
773 2369 975 2408 audiendus
1001 2378 1056 2408 est
1081 2372 1279 2422 Fogginius
1303 2387 1342 2424 p.
1360 2377 1454 2422 120,
1482 2375 1544 2424 qui

91 2431 184 2470 idem
210 2433 385 2483 templum
412 2432 521 2469 modo
546 2431 684 2476 ubtum,
711 2432 820 2469 modo
842 2432 1048 2470 dedicatum
1073 2434 1252 2483 intelligit.
1290 2435 1437 2472 Scilicet
1456 2441 1545 2473 uota

92 2493 139 2531 ad
164 2501 305 2532 ueteres
339 2494 479 2544 lapides
514 2506 587 2530 non.
614 2494 809 2543 pertinent.
861 2495 986 2532 Altera
1010 2497 1134 2544 itaque
1161 2501 1216 2532 est
1243 2508 1339 2545 quae
1361 2498 1544 2546 Primige-

93 2555 157 2591 nia
181 2568 312 2593 nomen
338 2555 479 2604 habuit,
506 2555 605 2605 quod
631 2567 763 2593 nomen
790 2568 872 2592 cum
898 2555 934 2592 in
960 2556 1081 2606 lapide
1102 2557 1290 2607 Esquilino
1315 2557 1458 2596 duabus
1481 2559 1544 2596 lit-

94 2615 179 2652 teris
203 2616 270 2653 PR
295 2629 504 2667 expressum
529 2617 696 2667 legatur,
732 2623 980 2667 exposuerunt
1004 2618 1222 2668 interpretes
1249 2619 1374 2657 Dionis
1401 2621 1466 2668 42,
1489 2613 1542 2656 '26

94 2675 227 2725 Populi
248 2679 420 2724 Romani,
445 2690 640 2730 perperam
664 2690 770 2727 sane,
794 2677 859 2716 sed
883 2690 956 2716 non
976 2679 1128 2718 multum
1147 2681 1265 2731 abest,
1293 2682 1381 2732 quin
1404 2682 1455 2719 ita
1479 2691 1541 2718 ac-

145 2748 206 2782 Οιι.
223 2749 316 2780 Fasti.
335 2751 454 2789 Proleg.
1193 2743 1209 2779 1
