1685 2954
116 89 171 131 28
675 109 991 140 rAsroavM

171 203 292 245 Vnde
320 210 458 257 petam
487 217 638 248 causas
665 207 803 251 horum
832 223 1063 265 moremque
1093 210 1330 254 sacrorum?
1469 215 1546 255 465

224 270 383 325 Dirigat
410 272 450 312 in
475 273 608 314 medio
638 276 729 328 quis
756 289 847 317 mea
875 279 968 319 uela
997 277 1131 321 freto?

168 340 264 391 Ipsa
291 351 424 392 mone,
455 354 560 394 quae
588 356 735 383 nomen
763 345 893 386 habes
923 359 947 386 a
976 348 1154 388 carmine
1185 348 1372 400 ductum,

221 405 517 462 Propositoque
546 410 651 463 saue,
681 424 732 450 ne
764 417 860 453 tuus
888 421 996 454 erret
1023 415 1160 455 honor.

170 470 268 512 Orta
296 474 401 526 prior
429 476 534 529 luna,
564 477 615 517 de
644 490 692 518 se
721 478 757 518 si
786 479 960 521 creditur
986 481 1077 534 ipsi,

222 540 262 579 A
290 553 439 595 magno
469 545 590 585 tellus
618 544 779 586 Arcade
809 558 954 587 nomen
983 548 1118 589 habet.
1470 551 1551 590 470

168 606 249 648 Hic
277 608 352 649 fuit
380 610 580 652 Euander.
619 611 688 665 qui
717 625 958 666 quamquam
988 616 1120 656 clarus
1140 621 1332 670 utroque,

223 674 407 717 Nobilior
437 690 581 719 sacrae
612 679 813 731 sanguine
843 681 984 721 matris
1013 688 1111 734 erat,

168 741 286 793 Quae
315 744 434 784 simul
464 745 682 785 aethereos
711 746 843 785 animo
872 755 1119 800 conceperat
1147 750 1280 803 ignes,

224 809 305 850 Ore
334 811 456 851 dabat
481 812 601 864 pleno
630 813 808 852 carmina
836 826 933 854 uera
962 815 1039 855 dei.

166 877 336 917 Dixerat
365 879 471 920 haec
498 886 594 920 nato
624 886 760 920 motus
789 881 940 923 instare
965 883 1138 936 sibique,
1471 884 1549 923 475

220 945 436 998 Multaque
463 952 686 999 praeterea.
728 953 909 1001 tempore
941 957 1066 991 nacta
1093 950 1226 990 fidem.

165 1011 274 1051 Nam
303 1012 462 1052 iuuenis
490 1014 653 1053 nimium
681 1027 779 1054 uera
808 1028 899 1056 cum
930 1023 1058 1058 matre
1088 1018 1257 1072 fugatus

219 1078 386 1119 Deserit
409 1080 626 1120 Arcadiam
655 1081 994 1137 Parrhasiumque
1020 1085 1157 1126 larem.

163 1146 242 1187 Cui
271 1147 448 1200 genitrix
477 1147 608 1200 flenti,
638 1148 798 1189 fortuna
827 1151 1010 1204 uiriliter,
1040 1152 1179 1205 inquit,

218 1213 331 1254 Siste
358 1227 501 1267 precor
528 1215 727 1269 lacrimas,
756 1218 836 1258 ista
866 1218 1033 1258 ferenda
1061 1218 1133 1258 tibi
1163 1223 1239 1257 cst.
1466 1220 1546 1257 480

163 1279 236 1322 Sic
265 1287 353 1321 erat
380 1282 421 1322 in
448 1283 554 1322 fatis.
593 1296 672 1325 nec
701 1290 743 1324 te
772 1290 843 1325 tua
874 1287 993 1338 culpa
1023 1286 1195 1340 fugauit,

219 1348 306 1389 Sed
330 1349 443 1389 deus.
472 1349 630 1390 offenso
659 1351 802 1403 pulsus
833 1365 880 1392 es
909 1352 1007 1392 urbe
1037 1352 1127 1392 deo.

158 1459 250 1499 465.
276 1466 407 1510 petunt
433 1471 529 1498 caus.
558 1463 606 1499 A.
656 1462 784 1500 horum
811 1475 1002 1513 moresque
1027 1464 1069 1499 Ν
1078 1465 1139 1511 09
1158 1474 1235 1499 sex.
1285 1473 1468 1498 sacrorum
1495 1469 1551 1499 est

110 1511 158 1548 G.
259 1511 346 1548 466.
373 1513 450 1559 Sic,
477 1512 631 1561 Dirigat‚
663 1511 800 1558 OE(sec.
813 1511 1030 1560 Matth.)11
1052 1520 1089 1550 et
1112 1517 1279 1561 quatuor.
1321 1513 1450 1561 Dirigit
1467 1515 1549 1550 DG

105 1559 147 1598 Γ
153 1559 206 1598 M
215 1559 260 1598 N
285 1559 413 1604 decem.
459 1562 598 1611 Derigit
622 1563 715 1600 AT.
767 1564 933 1612 Porriget
958 1566 994 1600 6.
1047 1564 1185 1612 Diriget
1220 1565 1279 1611 qui
1304 1567 1444 1599 restant
1470 1575 1550 1599 cum

106 1616 194 1651 vett.
214 1611 269 1648 ed.
371 1614 459 1649 467.
489 1613 570 1662 Ipsa
589 1626 697 1650 moue
722 1611 809 1649 ΦΣ
822 1613 896 1659 Tt'.
938 1626 1034 1662 quae
1055 1625 1198 1649 carmen
1222 1613 1332 1648 habes
1360 1624 1381 1648 a
1405 1613 1551 1649 nornine

106 1663 241 1698 dictum
275 1664 320 1699 G.
362 1664 519 1699 carmine
547 1663 682 1700 dictum
710 1665 783 1702 ΟΒ
801 1661 1235 1710 <DFKOH²Fbe9
1246 1663 1331 1710 lips
1354 1662 1550 1711 quindecim

106 1717 140 1749 et
163 1717 250 1749 uett.
270 1712 345 1758 σῶς
371 1716 421 1750 M
436 1725 519 1750 aar.
537 1725 607 1750 scr.
710 1716 797 1750 468.
826 1727 898 1763 que
923 1715 1010 1750 soue
1029 1712 1081 1750 A.
1121 1726 1193 1762 que
1219 1725 1307 1749 caue
1334 1725 1379 1748 ne
1400 1710 1447 1748 Γ.
1483 1713 1549 1750 ho-

105 1775 172 1799 nos
200 1760 283 1799 ΓΡ
301 1766 323 1799 3
347 1762 397 1799 br
424 1767 505 1799 tres.
617 1764 702 1800 469.
741 1763 832 1800 Orta
859 1765 958 1813 prius
985 1767 1045 1799 33.
1090 1775 1129 1799 se
1163 1764 1212 1798 sic
1239 1763 1336 1798 cred.
1363 1762 1466 1799 Kbh
1488 1767 1547 1801 11.

108 1813 138 1849 si
165 1812 341 1850 credimus
370 1814 399 1850 G
415 1817 494 1848 test.
519 1814 631 1850 Gron.
670 1815 699 1849 si
725 1814 900 1851 credimus
915 1811 1009 1863 ’ἷρεὶε
1037 1817 1069 1850 Β
1084 1814 1113 1850 G
1125 1814 1221 1858 (test.
1237 1814 1383 1858 Heius.)
1402 1826 1439 1849 m>
1457 1825 1550 1861 φια-

112 1867 207 1900 tuor.
259 1863 417 1899 creditur
442 1863 527 1912 ipsis
555 1863 624 1899 Db
650 1876 723 1901 war.
743 1876 799 1912 pr.
848 1864 1006 1900 creditur
1031 1864 1096 1900 ulli
1121 1863 1143 1900 h
1164 1867 1201 1900 2.
1242 1864 1398 1899 creditur
1422 1864 1472 1899 illi
1498 1866 1550 1908 P;

112 1925 133 1950 s
157 1925 239 1950 aar.
260 1925 331 1950 scr.
433 1915 520 1950 470.
554 1914 710 1951 archade
736 1914 885 1951 EGbr.
990 1916 1076 1950 471.
1110 1914 1202 1961 Hinc
1227 1916 1361 1950 DFM
1374 1911 1551 1950 ΟΡΠΛ

102 1963 295 2013 yhmprs
321 1963 460 2012 aliquot
479 1969 513 1999 et
532 1969 617 2000 uett.
639 1964 692 2001 ed.
734 1966 793 2014 qui
812 1964 994 2014 quondam
1013 1965 1099 2001 clar.
1110 1960 1152 2000 Ἰ».
1193 1966 1252 2013 qui
1274 1965 1436 2013 quamuis
1457 1967 1547 2001 EK.

161 2016 248 2050 473.
278 2015 376 2050 Haec
402 2014 506 2049 simul
528 2019 586 2051 ll.
628 2015 794 2051 ethereos
820 2016 984 2064 concepit
1009 2022 1130 2052 mente
1155 2014 1296 2050 furores
1327 2005 1366 2050 Φ
1384 2026 1546 2051 ιιιυκεοτ.

107 2064 227 2101 animo
263 2070 478 2114 perceperat
504 2062 550 2100 Γ.
603 2077 661 2100 an.
691 2066 887 2114 collegerat
916 2070 976 2102 ll.
1101 2066 1189 2101 474.
1225 2064 1302 2102 Ora
1336 2065 1423 2101 dab.
1449 2066 1546 2114 plen.

103 2115 262 2150 carmine
285 2127 321 2163 9.
362 2116 472 2150 dabat
502 2127 586 2150 uero
615 2117 771 2152 carmina
798 2116 905 2165 plena
927 2118 960 2152 B
976 2116 1048 2153 Gm
1066 2120 1151 2152 tres.
1253 2115 1339 2151 475.
1366 2115 1448 2151 Dix.
1475 2114 1544 2150 hoc

104 2168 139 2201 E
153 2177 226 2201 rna.
241 2177 297 2212 pr.
319 2166 370 2201 N.
411 2165 501 2200 haec
519 2172 620 2201 uates
643 2163 682 2201 <D
698 2178 772 2202 nia.
786 2178 854 2203 sec.
956 2168 1042 2202 476.
1071 2177 1140 2214 que
1162 2178 1230 2201 om.
1252 2168 1313 2200 21.
1353 2176 1422 2213 que
1441 2174 1544 2213 prae—

103 2217 210 2251 terito
234 2212 286 2250 H
305 2226 388 2251 παν.
408 2227 477 2251 scr.
519 2222 683 2263 tempora
710 2215 734 2261 f
752 2219 776 2252 8
802 2221 889 2254 tres.
1001 2218 1088 2252 477.
1126 2216 1264 2251 iuuenis
1291 2226 1376 2250 uera
1402 2213 1544 2249 nimium

112 2262 220 2312 ²1593.
323 2267 409 2303 478.
438 2265 590 2301 Deserat
622 2268 664 2302 Τ.
708 2266 892 2303 arcadium
921 2269 960 2303 K
984 2269 1043 2304 14.
1082 2266 1229 2302 archad.
1258 2260 1544 2301 DEGOEFbr.

103 2316 233 2363 parris.
262 2313 310 2352 Γ.
356 2327 495 2365 parras.
523 2318 647 2352 DEr.
689 2317 942 2364 parrasiosque
967 2317 1061 2353 lares
1087 2328 1106 2354 s
1131 2329 1204 2353 ma.
1222 2327 1288 2352 sec.
1328 2314 1544 2363 parrasinm-

102 2377 175 2414 que
203 2378 327 2402 nemus
357 2365 438 2412 ΦΓ.
541 2367 626 2401 479.
654 2368 817 2414 genetrix
849 2365 917 2402 (1222
957 2368 1104 2402 fortuna
1133 2366 1306 2402 tenaciter
1331 2366 1403 2411 inq.
1429 2363 1490 2400 A.

155 2416 241 2452 480.
270 2416 364 2452 Siste
383 2429 476 2465 puer
500 2416 664 2452 lacrimas
688 2419 723 2453 E
731 2416 755 2453 h
780 2421 853 2453 tres
871 2422 904 2452 et
922 2421 1006 2453 uolt.
1029 2416 1134 2460 edim
1158 2427 1181 2463 9
1197 2426 1279 2451 aar.
1294 2425 1366 2450 scr.
1391 2413 1541 2450 serenda

104 2471 166 2502 tua
193 2473 248 2501 est
276 2467 315 2501 G.
356 2473 410 2501 est
437 2465 510 2502 abi.
538 2468 580 2502 N
603 2466 685 2503 duo.
789 2470 876 2503 4⁸1.
905 2468 940 2503 in
967 2467 1070 2503 sactis
1095 2466 1144 2502 A.
1184 2465 1267 2500 satis
1293 2475 1363 2499 non
1393 2471 1428 2499 te
1453 2476 1543 2512 (μια-

105 2520 201 2553 tuor.
251 2515 312 2551 Sic
339 2515 426 2551 deus
453 2515 617 2564 offenso,
653 2529 720 2553 nec
747 2522 783 2553 te
809 2524 871 2553 tua
898 2518 1003 2565 culpa
1029 2516 1171 2563 fugarat
1197 2511 1243 2549 E.
1357 2515 1442 2549 482.
1481 2514 1544 2549 Sic

101 2571 179 2602 erat
210 2565 244 2602 in
277 2564 359 2601 fatis
387 2567 509 2614 pulsus
537 2564 583 2602 Σ.
634 2567 713 2603 Nec
749 2573 868 2603 tamen
907 2567 1044 2604 oss‘euso
1080 2570 1166 2607 tres;
1205 2576 1224 2599 s
1249 2575 1328 2600 «aar.
1349 2576 1419 2600 scr.
1467 2563 1543 2600 Sed

98 2622 218 2653 tamen
245 2614 383 2653 offenso
410 2620 492 2654 tres.
541 2617 629 2654 deus
665 2617 805 2655 insenso
834 2618 894 2655 15.
946 2629 984 2655 es
1013 2617 1100 2653 orbe
1131 2611 1279 2659 GA2‘3
1320 2617 1384 2663 Bp
1411 2618 1542 2663 septem

96 2677 178 2704 uar-
195 2677 265 2704 θῦν.
