1685 2954
141 73 224 117 282
640 42 644 48 ἱ
705 87 1001 119 ΡΛετοιινΜ

253 186 460 240 Conditur,
488 192 534 227 et
561 186 701 228 Tellus
729 188 948 242 Vestaque
974 202 1122 230 numen
1149 188 1270 231 idem.

196 256 313 295 Tunc
339 253 417 295 sibi
442 255 622 296 Callaico
649 256 799 296 Brutus
827 268 1054 309 cognomen
1080 258 1130 297 ab
1159 258 1279 298 hoste
1488 260 1567 300 455

250 321 389 374 Fecit,
419 326 462 361 et
489 322 713 375 Hispanam
741 322 942 377 sanguine
974 322 1094 364 tinxit
1121 325 1293 365 humum.

192 386 364 429 Scilicet
390 388 587 429 interdum
616 389 838 430 miscentur
866 391 996 431 tristia
1022 391 1154 444 laetis,

248 455 343 495 Nec
370 457 560 509 populum
588 462 675 497 toto
704 463 871 509 pectore
900 458 1008 499 festa
1035 458 1187 500 iuuant.

191 521 370 562 Crassus
398 523 450 565 ad
474 524 710 577 Euphraten
737 525 906 577 aquilas,
934 532 1168 579 natumque,
1194 538 1375 580 suosque

245 589 436 643 Perdidit,
465 597 508 631 et
535 591 617 632 leto
646 596 713 631 est
739 591 903 631 ultimus
931 592 1021 644 ipse
1049 593 1190 633 datus.
1488 593 1568 634 460

189 655 353 709 Partha,
381 656 475 710 quid
504 654 696 698 exultas?
724 656 828 696 dixit
854 657 945 697 dea.
983 657 1105 712 signa
1131 658 1327 712 remittes,

245 721 406 776 Quique
434 736 578 766 necem
607 723 749 765 Crassi
778 722 982 777 uendicet,
1011 726 1116 766 ultor
1141 726 1229 766 erit.

188 789 248 828 At
274 788 391 830 simul
421 791 562 831 auritis
589 790 723 831 uiolae
753 790 966 831 demuntur
993 792 1132 834 asellis

244 857 300 897 Et
328 857 490 898 Cereris
516 858 659 912 fruges
685 865 833 911 aspera
869 870 974 898 saxa
1009 865 1154 912 terunt,

188 924 341 966 Nauita
369 937 505 979 puppe
533 926 698 979 sedens,
729 925 921 978 delphina
948 925 1187 980 uidebimus,
1216 925 1358 981 inquit,
1488 929 1565 968 465

242 991 420 1033 Humida
446 1004 539 1034 cum
567 994 686 1047 pulso
714 1006 797 1035 nox
827 995 903 1035 erit
929 1000 1018 1036 orta
1046 992 1123 1035 die.

186 1127 269 1167 Iam
298 1125 437 1180 Phryx
465 1138 492 1167 a
517 1131 645 1180 nupta
673 1125 856 1181 quereris
886 1125 1063 1168 Tit-hone
1091 1125 1271 1181 relinqui,

237 1194 295 1235 Et
323 1194 422 1248 uigil
453 1192 544 1236 eois
571 1194 714 1237 lucifer
742 1193 830 1236 exit
857 1196 987 1249 aquis.

132 1334 178 1370 E.
225 1331 309 1381 quia
333 1344 427 1382 quae
452 1332 595 1369 uiolarit
620 1331 654 1368 in
686 1334 732 1369 G.
778 1333 863 1382 quia
895 1330 993 1381 quod
1021 1331 1176 1368 uiolarat
1201 1333 1235 1368 in
1261 1331 1322 1369 A.
1370 1333 1406 1369 in
1432 1332 1492 1369 illa
1517 1335 1566 1369 M

130 1380 169 1420 P
178 1380 263 1420 ²I¹A
275 1381 398 1431 Teyp
424 1381 540 1419 decem
564 1382 640 1428 scre
663 1387 696 1419 et
714 1388 800 1419 uett.
824 1382 876 1419 ed.
979 1383 1065 1418 454.
1092 1382 1209 1419 Cond.
1238 1390 1291 1420 est
1317 1383 1392 1419 tell.
1419 1380 1508 1419 PH
1515 1396 1563 1420 m.

129 1445 263 1470 numen
291 1432 374 1468 inde
400 1435 435 1469 D
450 1445 523 1470 mu.
540 1444 596 1481 pr.
637 1432 731 1470 idem
751 1440 813 1483 ‚est
837 1429 1167 1469 ΕΕΦΛΝΨΛ
1177 1430 1267 1480 ΣῘ9
1278 1437 1397 1482 mpst
1415 1433 1564 1482 ‹prinde-

129 1485 197 1520 cim
215 1483 291 1529 fere
305 1487 339 1518 et
354 1487 438 1519 neu.
460 1483 513 1519 ed.
615 1483 702 1519 455.
730 1481 828 1519 'suin
854 1483 918 1519 sibi
946 1485 977 1518 B
991 1480 1161 1519 GFOEA
1175 1481 1338 1531 ³PTmp
1357 1482 1473 1519 decem
1490 1483 1566 1529 fere

129 1537 264 1569 etitem.
282 1531 337 1568 ed.
377 1533 445 1568 sibi
471 1533 616 1569 collario
646 1535 691 1569 B.
731 1534 871 1569 collano
900 1536 1030 1569 Buar.
1045 1545 1116 1571 scr.
1162 1534 1310 1569 calliaco
1337 1534 1567 1579 Dma.pr.E

131 1580 821 1631 FOEma-.pr.111HETfmn1a.sec.;
847 1582 888 1619 A
897 1595 980 1619 ναν.
992 1595 1062 1620 scr.
1114 1583 1264 1632 galliaco
1290 1585 1325 1619 D
1342 1595 1417 1620 viia.
1437 1594 1505 1619 sec.
1525 1580 1565 1618 ‹1›

129 1631 418 1683 ma.sec.A9p.
458 1635 590 1669 celaico
617 1636 818 1670 Fuar.scr.
863 1634 1029 1669 canai-ico
1054 1635 1133 1670 P3.
1173 1632 1382 1669 callimacho
1406 1635 1564 1670 P3uwr.

126 1695 198 1720 scr.
240 1683 388 1720 callacio
412 1681 468 1728 Ψς
493 1685 536 1720 N
543 1695 627 1721 near.
638 1695 708 1721 scr.
748 1684 881 1720 celiaco
901 1681 981 1720 As.
1024 1683 1152 1719 ciriaco
1174 1682 1206 1720 b.
1244 1683 1394 1731 gallaico
1413 1694 1446 1719 r.
1486 1683 1564 1731 gal-

128 1734 230 1770 laeco
257 1737 294 1771 2.
344 1733 488 1770 collatio
514 1735 576 1769 44.
625 1734 774 1770 colliaco
800 1734 850 1769 44
866 1745 947 1770 nar.
963 1745 1033 1769 scr.
1080 1733 1217 1769 calleco
1242 1733 1328 1769 Ala.
1354 1735 1460 1782 print.
1508 1733 1560 1769 br.

127 1784 341 1833 cognomina
359 1785 404 1820 ab
423 1787 466 1821 E.
506 1796 611 1832 cogn.
634 1785 669 1819 in
689 1784 792 1820 hoste
812 1786 846 1820 Z
853 1782 876 1830 f
880 1781 898 1819 :2
907 1786 957 1818 20
970 1784 1054 1828 (sec.
1066 1782 1199 1831 selred„
1220 1786 1268 1819 33
1284 1788 1409 1821 anneot.
1424 1785 1562 1832 impr.)-

134 1834 256 1871 Gloss.
273 1837 323 1872 E:
349 1846 416 1884 per
441 1834 508 1870 hoc
535 1834 692 1871 ostendit
718 1846 789 1870 non
816 1846 894 1870 esse
919 1833 1015 1869 hunc
1040 1834 1133 1870 diem
1159 1840 1274 1870 totuin
1300 1835 1446 1870 fastum.
1479 1834 1563 1883 quia

127 1884 198 1921 hoc
223 1885 281 1922 die
309 1885 432 1921 brutus
454 1897 475 1920 a
494 1885 649 1921 collaicis
669 1885 811 1933 populis
830 1891 866 1921 et
886 1896 1025 1920 crassus
1046 1896 1067 1921 a
1085 1884 1221 1934 parthis
1244 1890 1297 1921 est
1313 1885 1560 1932 interemptus.

181 1935 268 1972 456.
295 1941 332 1971 et
358 1934 555 1984 hispaniam
586 1931 822 1972 CDEGEe.
862 1935 975 1971 tinxet
1000 1946 1032 1972 r.
1133 1936 1220 1972 458.
1248 1934 1306 1971 Ne
1330 1947 1417 1984 pop.
1443 1937 1561 1971 Ema.

127 1987 409 2036 pr.ml22022
430 1987 593 2034 quinque.
633 1998 721 2035 pop.
747 1984 842 2021 laeto
866 1996 975 2023 unus.
1013 1997 1100 2035 pop.
1127 1991 1206 2022 tuto
1232 1997 1338 2022 umes.
1378 1991 1455 2021 toto
1481 1997 1562 2020 cor-

129 2048 220 2085 pore
241 2035 274 2072 b.
313 2042 391 2072 toto
418 2042 580 2084 tempore
594 2047 630 2084 p.
671 2041 767 2085 pect.
788 2035 884 2071 fasta
899 2037 959 2072 29.
997 2035 1090 2072 festa
1114 2036 1215 2072 iuuat
1230 2038 1431 2073 Patanscr.
1467 2034 1562 2070 festa

49 2076 71 2101 ’ἱ
127 2088 252 2123 iuuent
276 2098 340 2122 ms
352 2089 397 2121 12
409 2088 516 2121 2022
541 2090 685 2136 septem.
787 2087 874 2121 459.
901 2085 1066 2134 eugraten
1093 2088 1173 2123 DE
1183 2088 1228 2123 G.
1265 2085 1477 2135 euphratem
1507 2082 1559 2120 Φ.

125 2147 212 2185 aqu.
235 2143 410 2186 natosque
428 2139 619 2185 Emmpr.
660 2148 745 2186 aqu.
767 2136 960 2186 nauimque
984 2149 1140 2186 suasque
1167 2136 1199 2172 b.
1301 2138 1388 2172 460.
1417 2136 1481 2172 ult.
1501 2135 1559 2170 ille

126 2187 176 2224 Λ
186 2199 239 2235 yr
254 2190 305 2223 20
330 2186 612 2235 quatuordecim
638 2199 759 2236 ptiar.
775 2198 845 2224 scr.
959 2189 1047 2223 461.
1082 2188 1208 2224 exsult.
1242 2186 1330 2234 fort.
1355 2185 1555 2223 Hetnstant.

124 2237 194 2273 dea
223 2238 294 2273 tela
321 2249 409 2273 rem.
442 2239 486 2274 Τ.
535 2237 685 2274 remittis
710 2250 758 2274 m.
860 2238 947 2273 462.
981 2238 1138 2288 Quaque
1163 2250 1243 2274 nec.
1268 2250 1316 2273 m.
1365 2235 1459 2273 uind.
1486 2235 1556 2279 (ita

71 2326 85 2340 x
124 2286 164 2323 ll.
186 2292 226 2324 ut
250 2287 409 2335 uidetur)
436 2288 527 2323 alter
552 2288 619 2323 erit
642 2290 736 2324 ΜΤ
753 2287 839 2333 dum
872 2285 1007 2325 Ψααν.
1023 2300 1092 2326 scr.
1193 2290 1280 2325 463.
1307 2287 1356 2323 Et
1379 2283 1479 2322 simul
1491 2282 1553 2319 A.

82 2341 89 2347 ⁴
116 2336 271 2385 ahauritis
298 2340 343 2376 Ε.
383 2339 516 2374 auratis
542 2335 646 2374 ΒΠ.
687 2350 766 2374 aur.
794 2339 912 2376 molae
938 2343 952 2375 t
977 2338 1056 2376 edd.
1081 2341 1157 2377 Vic.
1177 2341 1264 2376 Ven.
1304 2338 1490 2374 dementur
1514 2331 1556 2368 A

123 2399 402 2437 mmm-‚simus
417 2393 450 2425 ct
465 2387 556 2425 alter
572 2393 605 2426 et
619 2388 704 2426 ΑΜ.
747 2391 827 2426 rim.
927 2391 1015 2426 464.
1042 2389 1091 2426 Et
1116 2390 1238 2426 ciceris
1262 2388 1354 2435 frug.
1382 2386 1432 2421 D.
1467 2394 1555 2419 saxa

122 2442 241 2475 terent
269 2437 531 2476 BDEFOEN
539 2436 576 2476 P
586 2437 673 2477 ΨΑ
729 2439 779 2486 ef
785 2452 804 2476 s
824 2441 952 2488 uiginti
969 2439 1195 2490 Ald.prim.;
1220 2452 1243 2488 p
1260 2448 1341 2474 var.
1357 2446 1427 2472 scr.
1469 2445 1554 2469 saxa

122 2494 247 2526 tenent
270 2487 317 2525 A
337 2494 503 2537 quatuor.
543 2502 573 2526 s.
602 2496 739 2527 terrent
763 2490 842 2527 edd.
866 2493 941 2528 Vic.
966 2493 1053 2527 Ven.
1090 2505 1120 2528 s.
1149 2490 1288 2527 trahent
1313 2499 1337 2535 p
1354 2496 1435 2522 tear.
1453 2495 1524 2520 scr.

174 2540 261 2576 465.
290 2551 388 2588 pupe
415 2542 506 2576 DE.
546 2540 642 2576 Nau.
661 2541 797 2590 quippe
817 2541 893 2578 sed.
915 2543 960 2578 M
977 2553 1050 2578 mia.
1066 2554 1122 2590 pr.
1159 2538 1277 2587 delpli.
1307 2535 1470 2571 uide-bitis
1496 2533 1552 2580 fs.

121 2588 244 2638 inquid
275 2593 338 2626 Es
370 2593 386 2597 “
421 2592 507 2626 466.
543 2591 707 2637 ΗιιιηίιΙειι
731 2593 790 2628 ubi
816 2592 919 2641 pulso
946 2588 1003 2630 Π,
1051 2603 1129 2627 cum
1155 2589 1258 2638 pulsa
1282 2598 1346 2623 ‘nir
1371 2585 1453 2622 duo.

171 2642 257 2680 467.
283 2640 388 2690 phrix
406 2642 440 2676 D
459 2641 502 2677 G.
536 2642 610 2695 frix
628 2644 673 2680 E.
715 2642 828 2680 titone
854 2645 940 2680 DE.
979 2641 1127 2688 tythone
1152 2652 1182 2677 e.
1221 2651 1323 2690 quer.
1349 2643 1463 2687 nupta
1488 2634 1551 2671 rel.
