1685 2954
136 84 243 112 xvm
690 84 747 112 DE
778 85 1029 114 VETVSTATE

134 182 327 220 nouissima
348 187 486 220 tantum
513 187 551 219 et
575 181 740 233 proxime
763 195 898 222 annum
925 184 1112 224 definitum
1136 185 1392 226 antecedentia
1415 188 1573 230 indicare

131 243 274 282 sufficit.
337 244 464 293 Itaque
495 243 625 280 scimus
663 256 710 282 ex
743 245 866 283 tabula
903 246 1123 284 Amiternina
1157 246 1253 284 diem
1287 247 1339 285 IV
1369 248 1468 288 Non.
1502 251 1571 290 lul.

130 306 277 356 signari,
303 306 353 341 uti
380 303 480 341 uides
505 304 541 340 in
567 303 771 351 Maffeaua,
798 306 888 354 NP,
916 307 1010 356 quod
1035 320 1076 346 eo
1100 306 1157 345 die
1182 320 1250 346 ara
1276 310 1387 346 Pacis
1410 309 1508 358 Aug.
1534 313 1572 349 in

135 368 259 416 Gamp.
286 369 406 403 ert.
433 367 626 403 constituta
654 371 708 403 est
732 368 877 404 Nerone
900 372 935 404 et
964 370 1064 406 Vwro
1088 382 1180 407 coss.
1231 370 1396 408 Fuerunt
1429 371 1453 408 ii
1479 383 1572 410 coss.

129 441 226 464 anno
255 427 297 463 V.
325 427 371 465 C.
397 428 468 463 741
497 433 534 463 et
561 427 713 464 candem
739 439 816 465 rem
843 439 887 464 eo
920 440 1016 465 anno
1042 438 1298 469 commemorat
1322 431 1393 468 Dio
1419 433 1484 480 54,
1509 432 1572 471 25.

127 489 182 525 lta
208 487 439 538 Augustalia,
467 500 562 538 quae
588 489 725 538 magnis
752 488 878 525 litteris
903 489 997 525 inter
1022 492 1178 541 reliquas
1203 493 1312 529 ferias
1338 493 1446 530 indici
1471 493 1572 532 uide·

125 549 177 585 1V
203 548 257 586 ld.
286 548 383 594 Oct.,
409 550 470 587 uix
495 549 603 587 credo
630 550 829 600 perscripta
852 550 889 586 in
915 549 1052 599 fastos,
1081 559 1275 602 antequam
1301 565 1398 590 anno
1423 557 1499 591 743
1525 567 1571 592 ex

124 610 167 647 S.
193 610 238 647 C.
265 617 459 659 agerentur
493 616 585 647 teste
610 610 729 647 Dione
753 611 818 658 54,
845 611 905 647 34.
959 611 1054 649 Nam
1090 625 1185 662 quae
1215 613 1311 651 idem
1347 615 1433 652 ibid.
1461 628 1494 652 c.
1522 618 1572 652 10

124 678 270 720 narrat,
306 673 467 722 coepisse
498 671 559 707 illa
595 667 636 707 ἕν
663 673 752 716 ταῖς
779 667 1026 720 ἱερομηνίαις
1052 669 1325 722 ἀριθμεῖσθαι
1358 688 1454 713 anno
1480 676 1570 725 735,

123 733 159 770 id
185 734 349 783 priuatae
381 732 643 783 superstitionis
677 733 789 769 fuisse
822 734 997 783 suspicor.
1025 733 1199 771 Morcellii
1224 735 1260 772 in
1293 736 1361 773 bac
1398 749 1438 774 re
1470 739 1569 775 miri·

121 794 210 832 ficus
236 801 291 832 est
315 806 429 832 error.
482 793 600 831 Valde
626 794 672 831 ad
701 807 776 831 rem
803 793 975 843 pertinet,
1003 794 1100 842 quod
1128 794 1221 831 diem
1248 796 1296 832 lll
1322 796 1383 834 ΚΓ
1412 798 1521 835 Febr.
1546 811 1570 835 a

123 856 170 893 C.
200 856 359 893 Caesare
387 868 461 892 cos·
490 855 536 891 ΙΙΙ
562 857 675 892 mensi
701 855 881 892 adiectum
911 860 949 891 et
972 854 1104 892 fastum
1133 862 1296 893 notatum
1323 869 1401 895 esse
1424 859 1570 908 scimus,

120 917 235 954 Macr.
261 917 340 954 Sat.
370 920 406 964 1,
434 918 494 953 14.
548 917 596 953 At
631 929 720 953 uero
761 917 796 953 in
832 917 932 953 fastis
959 916 1150 953 Maffeanis
1187 924 1224 953 et
1245 916 1489 956 Praenestinis
1522 931 1568 957 ea

120 985 207 1015 nota
232 983 372 1014 mutata
399 984 475 1022 est,
501 978 651 1027 eiusque
677 979 728 1014 rei
755 989 864 1014 causa
890 989 970 1013 cum
997 977 1094 1027 apud
1122 977 1318 1026 Ouidium,
1346 986 1424 1016 tum
1449 980 1569 1030 expli-

119 1039 233 1075 catius
258 1039 292 1075 in
319 1039 443 1074 tabula
468 1037 703 1076 Praenestina
729 1039 915 1088 profertur
941 1050 1006 1075 ara
1031 1039 1134 1076 Pacis
1162 1040 1256 1089 Aug.
1277 1040 1396 1076 Druso
1422 1047 1460 1077 et
1485 1040 1567 1078 Cn·-

118 1101 223 1150 spino
249 1112 356 1144 coss„
392 1099 460 1136 hoc
486 1104 542 1136 est
566 1111 661 1136 anno
688 1101 775 1136 745.
827 1100 903 1137 Iam
929 1100 1141 1137 deuenimus
1168 1101 1215 1137 ad
1242 1112 1308 1148 ea,
1345 1112 1441 1150 quae
1465 1101 1566 1138 annis

117 1161 207 1209 745,
233 1162 308 1197 746
334 1167 370 1197 et
394 1159 549 1198 fortasse
583 1162 695 1212 paulo
730 1168 815 1199 ante
847 1168 979 1212 postue
1015 1163 1131 1212 ipsum
1160 1163 1358 1211 Augustum
1393 1162 1428 1197 in
1463 1161 1566 1199 fastis

117 1234 272 1260 nouasse
289 1221 627 1260 demonstrauimus.
667 1222 860 1260 Neminem
881 1223 1049 1273 equidem
1069 1223 1197 1272 sugere
1214 1229 1335 1272 potest
1352 1234 1410 1270 ea,
1435 1229 1565 1272 quate-

116 1296 184 1321 nus
210 1284 245 1322 in
271 1283 394 1321 tabula
419 1295 600 1333 apparere
618 1290 784 1334 possunt,
811 1284 846 1320 in
868 1291 991 1321 nostra
1017 1284 1281 1333 repraesentari
1307 1284 1448 1321 omnia:
1474 1283 1564 1323 illud

115 1345 163 1383 de
196 1345 467 1382 intercalatione
500 1352 599 1382 certe
632 1358 704 1384 non
740 1345 870 1396 potuit.
933 1345 1094 1382 Octauas
1119 1343 1308 1381 Kalendas
1344 1357 1415 1382 una
1448 1352 1562 1394 certe,

115 1418 212 1457 quae
235 1412 426 1457 superest,
453 1406 548 1443 linea
573 1405 799 1444 demonstrat
823 1408 1027 1458 appellatas
1054 1420 1126 1444 non
1152 1406 1324 1455 Sextiles,
1348 1406 1414 1444 sed
1439 1408 1562 1456 Augu-

114 1475 207 1506 stas:
234 1467 308 1506 ludi
334 1469 510 1506 circenses
536 1468 587 1505 lx
611 1468 674 1505 Kl’
703 1467 788 1506 Oct.
816 1468 876 1506 die
902 1470 1052 1518 Augusti
1078 1469 1188 1506 natali
1215 1474 1458 1505 annotantur:
1484 1467 1561 1504 dies

113 1530 252 1568 senatui
277 1529 444 1567 habendo
469 1529 656 1567 Kalendas
682 1542 807 1567 omnes
843 1537 881 1568 et
916 1531 1001 1567 ldus
1035 1537 1135 1567 recte
1167 1531 1375 1567 coniectura
1407 1529 1561 1566 assecuti

112 1603 236 1627 sumus
261 1589 372 1628 fuisse
396 1592 580 1642 insignitos
607 1591 643 1628 N
671 1591 730 1628 uel
756 1591 837 1638 NP,
864 1592 916 1628 ita
940 1592 1034 1629 enim
1061 1590 1403 1642 deprehenduntur:
1430 1590 1560 1628 Satur-

112 1651 208 1688 nalia
234 1659 271 1688 et
297 1650 430 1702 Opalia
461 1654 512 1690 ita
537 1654 647 1703 plane
681 1651 854 1702 disposita
880 1660 986 1700 sunt,
1027 1653 1076 1689 uti
1102 1652 1308 1688 Macrobius
1342 1652 1422 1688 loco
1448 1663 1561 1701 supra

111 1711 268 1749 indicato
303 1713 436 1751 tradit:
469 1720 652 1764 postremo
681 1714 710 1751 si
744 1715 947 1752 memineris
982 1713 1086 1751 ludos
1121 1713 1334 1750 honorarios
1369 1712 1481 1748 fnisse
1515 1722 1561 1748 ex

111 1774 316 1811 coniectura
342 1780 465 1811 nostra
492 1775 755 1825 Quinquatrus,
784 1775 994 1824 Megalesia,
1021 1774 1194 1820 Cerialia,
1222 1773 1392 1818 Floralia,
1423 1772 1559 1823 Apolli-

110 1848 237 1880 nares,
262 1836 472 1884 Romanos,
498 1835 679 1884 Plebeios,
707 1836 791 1873 uide
817 1837 903 1883 iam,
932 1841 1022 1886 quot
1049 1835 1125 1872 dies
1151 1835 1186 1871 in
1213 1835 1361 1883 singulis
1386 1833 1440 1871 his
1465 1832 1559 1871 ludis

110 1898 218 1935 rebus
244 1897 392 1947 agendis
417 1898 517 1947 apti,
553 1897 623 1934 hoc
656 1904 711 1935 est
736 1898 863 1935 litteris
890 1898 920 1934 F
949 1899 1008 1934 uel
1036 1897 1067 1934 C
1094 1897 1207 1933 notati
1233 1896 1326 1932 sint:
1362 1895 1558 1945 Quinqua-

110 1960 222 1996 tribus
248 1958 336 2008 duo,
363 1959 447 1996 XllI
468 1966 505 1996 et
525 1959 591 1995 ΧΠ
616 1959 679 1996 Kl’
704 1960 814 2009 Api-,3
839 1971 966 1996 mense
993 1959 1105 2008 Aprili
1131 1957 1455 2007 Megalesiacorum
1482 1957 1557 2006 pri-

108 2033 187 2057 mus
213 2027 251 2057 et
283 2020 438 2058 fortasse
471 2021 674 2068 secundus,
706 2021 900 2057 Cerialium
927 2019 1071 2066 nullus,
1107 2018 1305 2055 Floralium
1327 2017 1430 2072 ‘⁶⁰⁰3
1467 2018 1556 2055 lulio

107 2094 231 2119 mense
265 2082 360 2119 inter
397 2081 502 2119 ludos
538 2081 766 2132 Apollinares
801 2087 899 2127 tres3
938 2080 1029 2117 ludis
1064 2081 1238 2117 Romanis
1273 2078 1487 2123 duodecim,
1523 2079 1554 2115 si

107 2146 291 2193 Equorum
311 2142 564 2182 Probationem
589 2144 754 2190 omittas3
778 2154 903 2180 mense
924 2141 1123 2178 Nouembri
1150 2141 1211 2178 ubi
1237 2139 1314 2177 ludi
1337 2151 1555 2190 quocunque

106 2206 214 2242 modo
233 2205 474 2252 ascribuntur,
500 2203 650 2252 decem;
677 2203 788 2241 habes
811 2204 970 2252 triginta,
994 2202 1052 2239 uel
1076 2203 1221 2252 triginta
1248 2213 1371 2239 unum.
1415 2200 1554 2238 Verum

105 2268 236 2304 lacuna
260 2266 447 2303 marmoris
473 2264 701 2302 occultantur
737 2265 813 2301 dies
839 2264 1038 2300 Floralium
1066 2263 1195 2313 reliqui
1222 2269 1295 2300 tres
1321 2270 1358 2300 et
1383 2262 1552 2303 ludorum

104 2329 350 2373 Plebeiorum‚
375 2325 552 2375 siquidem
579 2326 749 2363 credibile
774 2333 829 2364 est
855 2338 917 2363 eos
944 2325 1157 2375 incoepisse,
1186 2323 1237 2360 uti
1261 2324 1489 2374 Apollinares
1513 2330 1552 2363 et

103 2390 310 2434 Romanos,
337 2399 359 2424 a
384 2387 477 2437 prid.
504 2387 620 2435 Non„
655 2388 760 2437 primi
795 2388 882 2425 duo.
933 2388 1070 2424 Eorum
1106 2385 1244 2423 dierum
1278 2393 1435 2435 quatuor
1466 2385 1551 2423 licet

103 2449 216 2485 fastos
244 2449 302 2485 uel
328 2448 522 2485 comitiales
545 2448 762 2496 existimare,
791 2450 841 2486 uti
863 2449 1014 2499 posthac
1034 2447 1233 2497 intelliges:
1261 2448 1322 2497 qui
1348 2446 1463 2484 additi
1487 2459 1549 2484 su·-

102 2510 302 2560 perioribus
329 2521 516 2546 numerum
542 2511 736 2547 conficiunt
771 2511 918 2560 triginta
951 2511 1111 2560 quinque
1139 2509 1196 2546 uel
1224 2514 1403 2558 quatuor,
1439 2519 1549 2558 quem

101 2571 317 2609 Suetonium
344 2571 530 2615 indicasse,
556 2571 714 2621 amplius
733 2574 882 2620 triginta
903 2585 982 2608 cuin
1007 2571 1105 2616 dixit,
1133 2570 1254 2608 credo.
1289 2570 1450 2614 Quartus
1471 2568 1548 2607 dies

101 2633 313 2680 Floralium,
340 2644 434 2681 quae
460 2639 544 2668 suut
563 2632 754 2671 Kalendae
775 2634 930 2683 Apriles,
955 2644 1101 2670 necesse
1121 2639 1175 2669 est
1195 2631 1261 2668 NP
1278 2631 1440 2680 signatus
1465 2629 1546 2668 fue·
