1685 2954
169 89 249 136 126
725 105 1045 136 FASTORVM

218 206 307 249 Sex
334 204 402 244 ubi
431 204 652 257 sustulerit,
681 205 851 247 totidem
880 207 1088 260 demiserit
1117 210 1235 249 orbes

275 275 528 325 Purpureum
556 271 695 324 rapido
724 275 791 326 qui
820 274 934 315 uehit
964 288 1044 315 axe
1074 276 1194 329 diem⁷

217 342 361 383 Altera
389 341 596 393 gramineo
625 339 836 393 spectabis
864 342 1028 395 Equiria
1057 357 1212 396 campo,

273 408 405 459 Quem
436 407 594 448 Tiberis
623 409 759 448 curuis
787 409 828 448 in
856 409 964 451 latus
995 418 1115 465 urget
1145 412 1272 465 aquis.
1528 418 1607 453 520

216 477 297 529 Qui
328 482 463 516 tamen
492 476 624 515 eiecta
656 474 692 516 si
720 477 824 516 forte
854 479 1056 519 tenebitur
1087 480 1208 532 unda,

273 543 441 586 Caelius
472 541 648 596 accipiet
676 544 983 596 puluerulentus
1014 559 1154 599 equos.

211 678 349 720 Idibus
380 684 445 718 est
470 678 617 717 Annae
647 677 799 716 festum
828 675 992 729 geniale
1021 678 1234 718 Perennae

267 745 389 787 Haud
418 745 556 798 procul
583 757 607 783 a
631 742 740 795 ripis,
771 741 932 794 aduena
960 743 1082 795 Tibri,
1113 744 1204 785 tuis.

210 816 336 857 Plebs
365 811 489 864 uenit,
520 825 570 851 ac
599 811 749 851 uirides
778 805 933 862 passim
964 811 1138 851 disiecta
1169 826 1240 864 per
1269 813 1418 854 herbas
1524 817 1602 853 525

265 883 410 933 Potat,
438 887 482 920 et
510 879 715 919 accumbit
743 874 835 918 curn
866 892 964 930 pare
995 879 1172 933 quisque
1201 893 1287 920 sua.

208 950 295 991 Sub
325 950 422 988 Ioue
451 961 544 1000 pars
574 947 702 986 durat.
741 946 861 998 pauci
892 947 1066 986 tentoria
1095 954 1269 999 ponunt:

262 1017 369 1057 Sunt
388 1014 545 1068 >quibus
574 1029 598 1054 e
630 1015 750 1054 ramis
779 1014 948 1072 frondea
978 1014 1090 1053 facta
1120 1027 1220 1055 casa
1249 1022 1334 1056 est:

206 1085 310 1126 Pars
339 1083 406 1123 ubi
436 1096 506 1135 pro
537 1082 678 1136 rigidis
707 1082 888 1122 calamos
916 1087 1099 1122 statuere
1129 1084 1341 1136 columnis,

200 1215 286 1249 517,
327 1212 386 1247 ubi
412 1211 634 1247 transtulerit
660 1209 690 1257 f.
740 1212 802 1246 Ita
828 1209 936 1259 plane
964 1213 1070 1245 1220
1097 1212 1260 1259 quinque.
1313 1210 1460 1247 totidem
1495 1211 1600 1248 dimi-

150 1265 236 1301 serit
266 1265 443 1300 GDZm.
487 1262 633 1297 totidem
663 1261 863 1296 dimerserit
892 1263 937 1296 Β.
981 1261 1129 1296 totidem
1159 1269 1247 1309 quot
1274 1263 1436 1297 merserit
1467 1265 1498 1297 Β
1519 1267 1552 1298 et
1576 1275 1600 1312 p

152 1325 319 1352 uatus-cr.
362 1312 584 1360 totidemque
613 1311 879 1346 remiseritl4.
925 1311 1075 1346 totidem
1101 1324 1245 1360 quoque
1271 1312 1441 1348 demserit
1468 1315 1504 1348 7.
1544 1320 1601 1349 to·

153 1366 263 1402 tidem
291 1376 382 1413 quos
409 1363 578 1398 demserit
597 1374 701 1397 uuus.
743 1361 892 1396 totidem
920 1361 1016 1409 quod
1045 1361 1176 1397 deserit
1195 1374 1299 1398 unus.
1339 1363 1486 1398 totidem
1512 1370 1602 1409 quot

151 1416 286 1452 deserit
316 1414 403 1459 ‹12103
434 1411 571 1449 (Duar.
585 1424 656 1449 scr.
696 1412 845 1448 totidem
874 1424 954 1446 cnm
984 1412 1116 1447 deserit
1134 1410 1601 1459 AEFGI'AHAEfr

150 1469 200 1503 10
212 1469 259 1501 33
271 1467 320 1501 43
348 1464 520 1500 undecim.
570 1462 721 1499 totidem
750 1475 829 1497 cum
857 1461 999 1498 deseret
1024 1464 1265 1511 MOPTyp
1283 1465 1398 1500 3936
1409 1466 1456 1499 37
1483 1463 1599 1499 trede-

151 1519 235 1562 (ἠως
267 1517 393 1553 Guar.
410 1526 479 1551 scr.
528 1513 676 1550 totidem
705 1521 781 1548 tum
808 1512 939 1548 deserit
964 1524 1069 1548 rinus.
1118 1513 1265 1548 totidem
1295 1526 1374 1548 cum
1405 1514 1599 1562 dempserit

151 1570 196 1605 N
220 1571 386 1615 quatuor.
428 1565 577 1601 totidem
606 1571 694 1613 quot
720 1563 916 1612 dempserit
943 1574 962 1598 s
981 1567 1070 1607 tres3
1097 1576 1119 1611 p
1137 1566 1216 1599 viar.
1235 1575 1303 1599 ser.
1353 1563 1501 1599 totidem
1530 1576 1598 1599 con

145 1618 318 1654 demserit
347 1614 400 1652 (D.
450 1615 598 1651 totidem
633 1623 669 1650 et
703 1613 905 1650 consederit
937 1610 987 1649 Ψ.
1043 1613 1191 1648 totidem
1227 1625 1372 1662 quoque
1407 1614 1550 1650 deseret
1575 1613 1600 1650 h

147 1669 198 1706 44
218 1672 304 1705 uett.
326 1667 381 1704 ed.
429 1665 654 1714 totidemque
681 1665 913 1713 resumpserit
940 1666 1000 1698 40.
1047 1664 1194 1698 totidem
1223 1676 1302 1698 cuin
1330 1664 1487 1700 emiserit
1513 1662 1595 1700 duo.

144 1726 200 1756 tot
224 1724 314 1768 quot
344 1717 545 1753 dimerserit
571 1728 678 1751 uitus.
724 1716 947 1762 totidemque
975 1713 1132 1749 emiserit
1164 1715 1225 1761 qui
1250 1718 1401 1750 restant.
1453 1714 1598 1751 deseret

142 1768 322 1818 (demps.)
340 1769 441 1816 ignes
463 1770 510 1813 33
543 1763 845 1801 fflNPum-.scr.
888 1765 1020 1799 deserit
1047 1763 1152 1800 horas
1169 1765 1286 1800 3348.
1388 1766 1474 1802 518.
1503 1765 1596 1801 Pur·-

140 1833 292 1870 puream
320 1830 426 1855 unus.
482 1817 674 1866 Purpureo
711 1815 876 1864 rapidum
904 1817 966 1850 20.
1019 1813 1210 1863 Purpureo
1244 1814 1344 1851 radio
1371 1817 1431 1852 26.
1481 1815 1594 1864 Purp.

141 1872 249 1907 niueo
275 1869 306 1917 f.
344 1869 458 1918 Purp.
487 1868 612 1917 tepido
638 1877 834 1914 μιαν-,36η
885 1864 1008 1901 rabido
1040 1866 1085 1901 G.
1126 1865 1201 1900 ueit
1225 1862 1274 1900 Γ.
1314 1866 1374 1914 qui
1399 1873 1522 1902 mouet
1547 1868 1598 1902 M

138 1933 304 1959 umnscr.
410 1921 496 1955 519.
524 1918 702 1967 spectabit
727 1915 758 1963 f.
800 1916 954 1965 equirria
981 1927 1013 1952 r.
1054 1916 1209 1965 equirrio
1240 1917 1285 1952 G.
1333 1917 1485 1965 equirtia
1511 1916 1542 1953 b.

189 1972 278 2008 520.
307 1971 412 2014 Quae
427 1967 483 2005 Π.
526 1969 658 2017 tyberis
680 1963 726 2003 Σ.
831 1970 917 2001 521.
947 1974 1065 2002 tamen
1087 1973 1212 2015 erepta
1235 1963 1365 2003 1141«
1388 1968 1526 2003 abiecta
1543 1964 1593 2004 Γ.

140 2023 271 2059 iniecta
297 2019 429 2058 suar.
444 2032 514 2056 scr.
556 2025 679 2062 egesta
701 2019 750 2053 44
773 2016 883 2064 yloss.
903 2014 963 2052 A.
1069 2018 1154 2052 522.
1186 2017 1328 2053 Celicus
1356 2014 1403 2053 Γ.
1441 2018 1618 2067 πάρ-Εἰς,
1657 2037 1662 2041 ·

137 2074 175 2110 A
187 2076 220 2110 B
234 2074 386 2110 GEFG
398 2068 481 2108 ΓΛ
492 2063 596 2106 MN
606 2066 689 2104 ΟΔ
701 2067 761 2103 bm
771 2080 793 2117 p
803 2079 821 2103 s
833 2070 882 2102 20
894 2070 940 2102 43
963 2065 1218 2114 duodeuiginti.
1321 2069 1406 2103 523.
1464 2067 1592 2109 erheu-

138 2136 209 2161 nae
235 2126 270 2160 D
283 2126 358 2160 Er.
462 2122 549 2156 524.
577 2121 677 2155 Haut
703 2121 753 2155 D.
797 2118 880 2153 Non
910 2130 1009 2165 proc.
1035 2118 1203 2154 AEFG
1216 2114 1392 2155 ΦΓΛΡ
1455 2114 1605 2154 ΨΔΊῖ’

137 2174 308 2224 byhprs
326 2174 455 2221 uiginti
472 2175 604 2219 septem
621 2175 654 2206 et
671 2173 757 2205 vett.
772 2168 843 2212 ecl.;
872 2179 1078 2204 nuum-scr.
1115 2168 1218 2216 tybre
1239 2165 1285 2205 Σ.
1387 2169 1474 2205 525.
1504 2165 1586 2204 uen'.

136 2226 183 2261 ad
211 2226 277 2270 uir.
303 2224 350 2260 A.
397 2235 478 2259 uen.
506 2230 542 2257 et
570 2223 636 2256 nir.
663 2216 870 2257 G³P2033
895 2230 971 2254 seoe.
1017 2219 1114 2254 uenit
1141 2225 1176 2254 et
1205 2219 1335 2268 passim
1365 2219 1493 2255 uirides
1516 2215 1585 2254 Fr.

134 2277 268 2324 passim
302 2276 456 2310 discecta
488 2273 608 2309 Gnar.
628 2282 699 2308 scr.
753 2282 851 2319 pass,
890 2268 1027 2304 deiecta
1055 2266 1094 2304 Γ
1097 2268 1146 2305 Λ
1157 2266 1205 2304 Π
1227 2269 1335 2306 alius.
1385 2280 1476 2318 pass.
1511 2262 1586 2303 dis-

138 2327 258 2362 iuncta
285 2329 347 2360 21.
392 2336 487 2373 pass.
517 2323 655 2369 digesta
675 2324 712 2357 7.
755 2332 849 2369 pass.
878 2320 1056 2367 indigesta
1081 2317 1131 2356 ⁴P.
1237 2323 1321 2357 526.
1349 2319 1452 2354 Pauit
1477 2329 1586 2353 rurus.

136 2377 280 2412 acumb.
307 2373 355 2414 Γ.
401 2386 488 2423 pare
517 2385 683 2422 quaeque
709 2371 757 2407 A
774 2373 832 2406 14.
879 2370 1032 2418 quisque
1058 2383 1122 2406 suo
1151 2369 1183 2405 b.
1294 2371 1378 2404 527.
1406 2380 1489 2417 pars
1517 2367 1585 2402 dn-

133 2433 215 2463 rant
241 2428 301 2462 34.
352 2437 435 2474 pars
464 2425 554 2460 trinit
582 2423 684 2472 pauci
714 2421 905 2468 temptoria
936 2418 982 2456 Γ.
1034 2427 1122 2456 tent.
1147 2421 1261 2468 ligunt
1288 2421 1344 2463 N;
1373 2421 1586 2454 Euamcr.

133 2482 222 2514 tent.
249 2475 401 2512 tendunt
429 2478 462 2510 D
479 2479 538 2510 ll.
643 2476 730 2510 523.
758 2485 802 2507 ex
829 2483 918 2506 ram.
953 2469 1005 2506 (D.
1049 2484 1137 2506 ram.
1165 2469 1326 2518 spondet·
1354 2470 1390 2504 4.
1433 2476 1484 2504 est
1512 2467 1582 2504 ιώὶ.

131 2540 179 2564 m.
281 2528 368 2563 529.
396 2529 472 2571 Itu,
502 2525 575 2570 ubi,
608 2525 641 2561 G
662 2526 693 2559 si
714 2527 804 2559 recle
825 2521 980 2558 collatus
1005 2526 1054 2557 es!
1075 2526 1107 2557 el«
1133 2518 1183 2563 (D,
1213 2524 1249 2554 ut
1269 2518 1397 2564 fertur,
1424 2517 1488 2554 sub
1508 2530 1583 2555 ναε.

131 2578 221 2614 Pars
247 2577 294 2613 ibi
323 2577 396 2612 BD
409 2573 540 2611 FAN
556 2572 589 2608 O
602 2571 733 2610 ΡΨΔ
745 2572 809 2620 Τ9
822 2585 892 2608 nur.
904 2584 973 2607 sec.
985 2571 1048 2607 hm
1061 2583 1106 2607 rs
1119 2574 1161 2605 12
1176 2572 1225 2604 20
1244 2581 1366 2605 norwm
1383 2574 1413 2605 el
1429 2573 1514 2605 neu.
1528 2567 1582 2604 ed.

135 2628 225 2665 Pars
250 2627 314 2664 sibi
339 2626 478 2673 reliqui.
523 2638 588 2673 pro
617 2626 735 2672 rigibis
763 2627 823 2659 27.
864 2623 990 2658 culam.
1020 2632 1172 2670 posuere
1194 2617 1322 2656 Ildh
1342 2624 1387 2656 12
1399 2623 1450 2655 20
1477 2621 1585 2668 quin-

138 2691 219 2727 que3
248 2679 406 2715 GEuar.
417 2687 485 2712 scr.
530 2681 614 2711 stat.
642 2675 777 2710 colonis
804 2685 852 2708 m.
