1685 2954
599 92 1016 121 LlB.sECVNDvs
1471 80 1527 122 69

138 194 199 233 Tc
228 197 450 233 memorant
479 192 723 245 fratremque
753 197 879 243 tuum,
909 205 1002 233 nam
1031 194 1172 234 iuncta
1199 192 1362 234 micatis

191 253 335 315 Signa,
364 259 467 300 duos
496 265 616 313 tergo
646 257 894 300 sustinuisse
924 260 1038 300 deos.

135 327 370 368 Terribilem
400 326 603 380 quondam
633 325 798 380 fugiens
828 327 1027 380 Typhona
1057 329 1188 369 Dione

189 397 304 435 'l'une
332 407 425 435 cum
454 408 525 448 pro
555 395 670 436 eaelo
699 394 880 446 Iuppiter
908 408 1020 435 arma
1050 397 1153 448 tulit,
1442 404 1521 436 460

131 461 258 504 Venit
286 462 337 502 ad
366 461 602 514 Euphraten
635 461 830 501 comitata
860 461 1063 514 Cupidine
1092 476 1218 515 paruo

180 532 307 582 Inque
336 530 599 570 Palaestinae
628 530 812 582 margine
840 527 949 568 sedit
977 541 1121 581 aquae.

124 598 306 649 Populus
337 601 379 636 et
409 608 567 637 cannae
598 596 771 648 riparum
801 608 962 636 summa
990 597 1212 655 tenebant,-

179 664 390 717 Spemque
420 664 570 704 dabant
600 665 751 705 salices
781 665 858 705 hos
887 677 1049 717 quoque
1078 677 1204 717 posse
1234 665 1333 719 tegi.

125 732 231 771 Dum
260 732 376 784 latet,
405 730 583 772 insonuit
612 737 737 772 uento
768 745 925 773 nemus.
962 732 1030 772 illa
1059 732 1200 773 timore
1436 735 1514 773 465

177 800 311 840 Pallet
340 806 382 839 et
410 799 584 840 hostiles
613 798 744 840 credit
771 800 923 840 adesse
953 812 1110 839 manus.

124 867 264 919 thue
293 867 384 907 sinu
414 869 544 908 tenuit
571 874 722 919 natum,
752 867 978 906 succurrite
1004 867 1209 919 nymphae

176 935 232 974 Et
259 933 322 974 dis
353 934 544 975 auxilium
573 936 678 975 ferte
707 933 878 984 duobus,
909 931 978 973 ait.

117 1000 213 1041 Nec
241 1013 364 1053 mora,
394 1002 587 1054 prosiluit.
625 1002 766 1054 pisces
794 1000 957 1040 subiere
986 999 1170 1054 gemelli:

172 1068 252 1107 Pro
291 1080 370 1120 quo
401 1081 508 1108 nunc
544 1069 654 1110 cerni
691 1068 827 1109 sidera
863 1079 1010 1108 munus
1045 1067 1208 1107 habent.
1433 1071 1513 1109 470

61 1170 65 1175 .
115 1134 215 1174 Inde
244 1135 360 1175 nefas
390 1134 543 1175 ducunt
571 1148 706 1188 genus
735 1136 816 1176 hoe
845 1136 1053 1188 imponere
1082 1136 1248 1187 mensis,

169 1203 265 1243 Neo
292 1203 445 1243 uiolant
474 1201 602 1244 timidi
630 1203 814 1256 piscibus
844 1215 914 1244 ora
943 1203 1048 1258 Syri.
1089 1202 1094 1203 ⁷

59 1342 214 1383 uidetur.
255 1354 456 1393 aequoreos
482 1345 533 1381 M
551 1355 626 1381 nia.
644 1355 700 1393 pr.
727 1347 818 1390 ινσες
845 1345 879 1381 F
895 1354 979 1383 παν.
993 1355 1062 1380 scr.
1105 1342 1202 1379 aeth.
1230 1343 1374 1393 suscipe
1401 1346 1448 1390 F,·
1475 1347 1513 1382 Ε

58 1406 140 1431 viar.
154 1405 224 1431 scr.
263 1395 389 1444 accipe
419 1391 471 1431 Φ.
575 1395 662 1432 457.
691 1395 812 1431 iuncta
838 1394 992 1431 duorum
1019 1397 1069 1430 D.
1107 1395 1229 1431 iuncta
1254 1395 1406 1431 manetis
1431 1407 1465 1432 r.

108 1446 196 1480 458.
231 1444 362 1481 S²dera
392 1445 495 1493 signa
521 1457 606 1482 suos
633 1452 720 1482 sust.
747 1457 778 1482 s.
828 1445 941 1494 Signa
972 1445 1059 1481 deos
1087 1451 1113 1481 t.
1139 1451 1231 1481 sust.
1256 1445 1347 1481 duos
1380 1443 1431 1482 Ψ.

107 1496 197 1533 459.
229 1496 338 1532 Terr.
366 1495 510 1544 quidam
534 1496 572 1533 G.
612 1495 690 1544 sug.
713 1495 802 1546 tiph.
824 1498 873 1532 D.
913 1495 1090 1544 thiplrona
1110 1493 1231 1532 EI'r.
1269 1496 1421 1545 phitona
1446 1492 1505 1532 H.

57 1545 205 1593 tiphoea
231 1547 274 1583 N
288 1545 395 1582 alius.
436 1545 594 1594 typhoea
618 1558 725 1583 unus.
765 1546 871 1583 diene
895 1545 927 1593 f.
971 1546 1102 1583 dionae
1122 1543 1174 1583 Φ.
1280 1548 1369 1588 460.
1395 1547 1430 1582 T
1434 1559 1503 1582 unc

9 1596 12 1598 ’
57 1607 141 1631 eum
172 1597 217 1631 G.
259 1596 357 1631 Tum
385 1593 564 1634 FHfftm
589 1601 756 1646 quatiwr.
796 1597 929 1646 iupiter
954 1594 1049 1635 ΕΓ.
1153 1598 1240 1633 461.
1268 1597 1447 1646 euiratem
1471 1599 1507 1637 E

57 1642 443 1693 FMNOHATy
454 1659 563 1696 mps.
604 1648 789 1683 comittata
813 1651 858 1684 E.
902 1647 1022 1683 cernit.
1050 1647 1199 1697 cuspide
1225 1660 1340 1696 paruo
1365 1650 1415 1684 D.

108 1697 194 1730 462.
222 1693 471 1744 IamqueFE'
494 1699 658 1746 quinque.
700 1699 874 1745 palistene
890 1695 937 1734 Γ.
1040 1700 1126 1733 463.
1155 1699 1302 1733 tenebat
1322 1700 1365 1734 Τ.
1404 1710 1502 1733 sum·-

57 1757 116 1781 ma
142 1747 312 1794 tegebant
335 1744 565 1783 DEGEhs
583 1759 655 1783 nia.
673 1759 729 1795 pr.
758 1746 805 1783 3?
829 1752 978 1796 septem3
1007 1745 1064 1784 M
1073 1746 1116 1784 Ψ
1136 1759 1218 1783 παν.
1237 1759 1307 1784 scr.
1411 1749 1500 1784 464.

59 1795 143 1831 dab.
169 1797 279 1832 facies
300 1796 363 1832 has
383 1809 529 1844 quoque
544 1809 592 1833 vn.
633 1797 695 1832 has
711 1800 744 1833 Z
760 1798 821 1833 44.
863 1798 932 1834 hoc
946 1801 1006 1833 33.
1048 1798 1112 1834 sal.
1140 1809 1180 1832 se
1206 1809 1352 1846 quoque
1376 1802 1499 1845 ytres.

108 1847 195 1882 465.
224 1846 319 1882 Dum
347 1847 439 1882 iacet
457 1859 493 1882 m
512 1849 561 1882 20
578 1851 668 1891 tres3
700 1848 727 1884 G
744 1859 825 1883 παν.
840 1859 911 1884 scr.
951 1848 1106 1883 intonuit
1134 1844 1286 1884 GHmr
1312 1851 1334 1883 3
1348 1851 1395 1883 10
1413 1848 1497 1885 duo.

106 1898 193 1933 466.
221 1895 329 1933 Pallit
353 1895 385 1943 f.
426 1896 522 1934 cred.
551 1896 685 1933 habere
711 1909 817 1934 tinus.
920 1899 1008 1934 467.
1034 1898 1114 1933 sinu
1140 1905 1263 1934 natum
1293 1899 1408 1934 tenuit
1434 1901 1499 1937 Ds

54 1952 138 1985 tres.
186 1948 302 1984 tenuit
332 1948 401 1983 ianr
439 1959 533 1983 nunc
563 1960 659 1984 succ.
689 1950 734 1983 Bt
792 1960 930 1984 sucurr.
959 1951 1004 1984 E.
1057 1959 1267 1984 succurrere
1300 1947 1320 1984 b
1346 1961 1419 1985 nia.
1438 1961 1495 1998 pr.

53 1997 190 2047 nimph.
219 2000 299 2034 DE
323 1997 401 2034 alii.
504 1999 590 2034 468.
621 1999 685 2034 diis
714 1995 932 2034 DEPHA
956 2002 1042 2037 uett.
1069 1998 1125 2035 ed.
1227 2000 1314 2041 469,
1346 2000 1497 2048 prosiliit

58 2046 127 2085 ³Ps
145 2050 309 2097 quinque.
348 2047 539 2097 prosiliunt
561 2045 685 2085 GEbt
701 2050 749 2084 44
768 2048 900 2094 decem
925 2061 1040 2085 suar.
1057 2061 1126 2085 scr.
1168 2050 1329 2098 gemellis
1345 2050 1393 2087 A.
1431 2062 1497 2098 ge-

50 2099 178 2135 mellos
203 2098 235 2135 b.
346 2100 432 2137 470.
469 2098 543 2134 Pro
578 2099 657 2148 quis
690 2111 785 2148 quae
819 2100 935 2136 cernis
966 2099 1084 2135 sidera
1111 2101 1146 2135 6.
1196 2099 1268 2135 Pro
1294 2100 1395 2136 facto
1420 2112 1493 2148 quo

53 2161 151 2188 nunc
177 2150 294 2185 sidera
321 2150 358 2186 7.
415 2148 487 2185 Pro
514 2162 586 2198 quo
621 2162 716 2199 quae
748 2151 862 2186 cernis
889 2150 1008 2187 sidera
1039 2147 1152 2197 4529
1182 2153 1228 2185 13
1254 2149 1323 2186 duo
1350 2155 1383 2186 et
1407 2154 1493 2188 imit.

52 2199 107 2240 ed.
155 2199 227 2235 Pro
255 2212 326 2248 quo
354 2211 448 2248 quae
475 2198 621 2248 dignuin
648 2199 766 2236 sidera
790 2200 826 2236 Ιι.
880 2213 976 2237 nunc
1001 2201 1146 2249 dignum
1173 2200 1289 2236 sidera
1319 2197 1494 2237 BGAm

51 2262 106 2300 ps
133 2253 178 2285 12
190 2253 241 2285 20
267 2249 444 2286 tredecim.
501 2263 598 2286 nunc
631 2251 745 2287 cernis
771 2250 888 2287 sidera
918 2251 1058 2300 reliqui.
1110 2248 1213 2287 Num
1238 2252 1380 2287 Heinsii
1405 2263 1492 2288 con-.

49 2302 222 2339 lecturam
246 2303 372 2350 recepi.
417 2303 494 2346 Ita,
522 2313 662 2345 munus,
692 2303 724 2337 B
740 2301 796 2338 (712
806 2314 839 2338 m
850 2313 870 2338 r
894 2303 918 2339 7
944 2306 1017 2338 tres
1026 2315 1035 2347 ;
1063 2304 1112 2337 M
1126 2313 1205 2337 uar.
1221 2313 1292 2337 scr.
1315 2300 1492 2347 fortassis

51 2352 157 2393 etiam
181 2350 319 2399 aliquot
342 2355 528 2400 praeterea
553 2351 603 2387 ad
627 2351 680 2387 ed.
701 2351 782 2388 Elz.
817 2353 915 2388 1629,
937 2351 1072 2388 collati.
1111 2363 1243 2387 numen
1261 2354 1310 2393 Μ
1322 2363 1488 2393 manser.

51 2411 180 2446 nomen
211 2401 359 2450 reliqui,
385 2399 1379 2450 ADEFGOEI'AMNOPHWAETbeyps
1404 2404 1487 2439 812

53 2452 99 2485 13
111 2452 272 2493 204041,
286 2454 336 2487 44
362 2450 629 2499 duodetriginta
654 2457 687 2488 et
715 2457 798 2488 uett.
827 2452 881 2489 ed.
931 2452 1040 2488 habet
1065 2453 1101 2488 A
1119 2464 1165 2489 m.
1284 2455 1371 2488 471.
1409 2452 1484 2488 nef.

51 2498 174 2538 dicunt
204 2499 481 2543 cfflFMOP
504 2515 648 2550 mrepr.
675 2500 822 2540 11²1OE
834 2502 899 2540 Th
925 2514 1133 2551 τηα.ρν.ηη
1160 2513 1234 2540 ma.
1257 2514 1314 2551 pr.
1342 2506 1387 2538 st
1413 2514 1487 2538 un-

52 2548 222 2598 deuiyinti
241 2556 274 2588 et
291 2552 372 2593 edd.
384 2564 477 2591 saec.
498 2565 573 2589 xv.
614 2553 681 2589 hoc
700 2553 871 2593 inducere
889 2566 1001 2592 mens.
1018 2565 1125 2589 murs.
1226 2553 1320 2593 472..
1339 2552 1388 2588 Ni
1410 2553 1486 2588 uio-

0 2638 1 2646 *
50 2600 128 2636 lent
153 2603 197 2636 E.
234 2601 317 2638 Neu
344 2602 428 2639 uiol.
464 2601 505 2640 Ψ
528 2615 697 2642 τιαικεον.
743 2604 801 2641 Ne
828 2604 963 2640 uiolent
994 2606 1026 2640 D
1042 2600 1490 2642 (DMNOPWAET

50 2661 71 2687 r
97 2652 145 2686 43
171 2651 366 2699 quindecim
390 2652 477 2699 fere.
517 2655 605 2704 pise.
632 2660 713 2695 orta
737 2667 773 2692 m
799 2666 871 2694 vna.
890 2666 945 2705 pr.
982 2655 1044 2695 siri
1069 2651 1104 2691 Ε
1111 2651 1149 2691 Γ
1153 2666 1185 2691 r.
1225 2654 1299 2691 sirii
1324 2652 1354 2701 f.
