1685 2954
111 94 274 126 ccxxv!
744 95 801 124 DE
829 95 926 125 Dms

109 195 188 234 ther
211 207 244 233 c.
263 194 325 243 16,
350 203 466 242 swpra
488 192 609 241 ipsum
635 192 771 231 eaelum
791 207 827 233 c.
839 199 911 234 28:
938 198 1034 235 Iuno
1058 209 1124 235 aer
1149 209 1182 237 c.
1198 197 1264 235 16:
1292 197 1412 236 anima
1429 199 1555 239 mundi

109 256 257 308 quamdo
286 258 326 293 in
350 259 487 291 terram
509 258 700 303 permanat
723 255 807 294 iacit
834 257 939 296 deam
964 258 1141 296 Tellurem
1168 272 1200 296 e.
1218 262 1287 296 23:
1315 259 1409 308 quod
1432 266 1553 299 autem

110 319 193 357 inde
217 320 408 368 permanat
431 317 468 353 in
493 327 596 352 mare
626 320 734 365 atque
761 330 942 365 oceanum,
969 320 1072 358 deum
1098 323 1307 370 Neptunum
1334 333 1366 358 c.
1387 324 1460 359 23:
1495 322 1556 360 di-

109 385 195 418 cunt
224 380 337 416 animi
363 377 539 414 mundani
563 382 703 427 partem
727 391 806 417 cum
828 386 989 429 permeat
1014 386 1134 419 terrae
1155 386 1294 431 partem
1318 385 1555 432 superiorem,

109 443 230 479 Ditem
254 445 396 491 patrem
422 438 547 486 facere
572 439 688 488 deum,
716 453 795 478 cum
812 454 899 480 uero
925 442 1144 490 inferiorem,
1172 446 1433 494 Proserpinam
1451 443 1555 482 deam

109 515 141 540 c.
160 505 231 551 23,
267 501 431 539 conferes
458 513 490 538 c.
512 503 574 538 28.
626 501 683 538 De
715 503 882 541 Vulcano
916 505 1048 541 haereo
1084 506 1286 554 paululum.
1348 503 1554 543 Varronem

107 575 190 600 cum
215 564 365 600 Zenone
391 562 509 611 ignem
541 563 665 600 mundi
701 565 856 600 animam
887 565 1016 602 secisse
1050 571 1204 602 testatur
1229 567 1479 604 Tertullianus
1505 567 1554 604 ad

107 631 185 663 nat.
212 629 287 673 2‚2
314 625 382 661 sub
408 624 471 661 fin.
525 625 688 662 Animam
715 625 841 661 mundi
868 637 934 674 per
958 627 1075 676 ipsum
1102 632 1278 676 tanquam
1303 628 1372 665 mel
1397 641 1461 678 per
1485 627 1554 675 fa-

109 698 178 724 uos
203 687 376 724 transisse
401 686 504 722 Zeno
516 685 638 743 flixit,
666 686 824 722 Tertull.
851 686 936 723 ibid.
965 691 1002 735 2,
1023 689 1072 735 4,
1099 689 1182 736 sed,
1210 695 1250 725 ut
1273 696 1383 739 puto,
1411 685 1469 726 δι’
1498 679 1554 726 ὧν

109 744 185 797 μὲν
209 747 387 797 μᾶλλον,
415 742 474 784 δι’
506 744 560 784 ὡν
587 744 632 784 δὲ
657 736 798 796 ἦττον,
824 753 866 783 ut
890 759 1000 797 supra
1027 749 1153 798 legisti.
1206 751 1317 794 Quod
1343 752 1554 788 testimoniis

105 810 264 860 probare
290 821 453 860 nequeo,
479 809 549 846 hoc
575 815 650 858 est,
679 809 794 859 ipsum
821 810 953 858 ignem,
981 809 1067 846 dum
1094 822 1175 847 sese
1199 811 1359 848 infundit
1385 817 1553 860 naturae,

106 870 185 908 fieri
219 883 265 908 ex
296 871 487 921 purissimo
523 872 695 921 pinguem
729 877 767 907 et
803 871 1022 918 uiolentam,
1061 872 1181 920 ignem
1214 872 1339 909 mundi
1364 873 1554 922 leniorem,

105 944 203 982 quae
227 937 282 969 est
299 931 426 980 Vesta,
452 932 545 981 Aug.
564 935 603 979 7,
625 933 684 976 16,
711 931 867 970 medium
888 943 967 968 esse
990 932 1086 968 inter
1104 932 1253 969 aethera
1273 939 1311 970 et
1329 932 1554 983 Vulcanum,

104 993 152 1030 de
185 1006 259 1044 quo
291 999 440 1043 praeter
467 995 558 1043 Aug.
585 996 625 1041 7,
647 996 693 1030 16
718 999 756 1030 et
779 995 829 1029 29
855 993 929 1028 uid.
958 994 1075 1030 Varro
1102 994 1149 1030 de
1174 996 1199 1031 l.
1227 994 1252 1031 l.
1280 995 1320 1042 5,
1341 997 1403 1032 70.
1455 996 1553 1033 Fieri

102 1060 248 1105 potest,
281 1061 323 1092 ut
357 1067 430 1092 uuo
455 1055 491 1091 in
518 1056 599 1091 loco
626 1055 676 1090 ita
703 1053 944 1105 disputauerit
970 1056 1112 1103 Varro,
1150 1056 1213 1105 qui
1246 1057 1281 1092 in
1311 1057 1380 1093 alio
1409 1058 1479 1093 alia
1504 1057 1554 1094 de

105 1117 226 1153 anima
252 1116 376 1153 mundi
403 1116 569 1153 docuisse
596 1114 753 1152 uidetur.
805 1115 900 1152 Nam
929 1118 1074 1153 remotis
1101 1117 1153 1153 his
1179 1118 1274 1162 deis,
1302 1119 1362 1167 qui
1389 1117 1433 1154 ad
1459 1130 1553 1168 par-

102 1182 157 1215 tes
177 1177 302 1215 mundi
326 1185 390 1215 aut
414 1178 586 1216 elementa
608 1177 873 1214 accommodari
895 1185 1080 1228 poterant,
1105 1184 1243 1215 restant
1259 1178 1414 1226 Genius,
1441 1180 1552 1217 Liber

100 1233 209 1291 Pater
235 1246 273 1277 et
298 1239 422 1277 Ceres.
475 1241 557 1277 Huc
589 1240 698 1289 igitur
722 1240 905 1289 pertinere
930 1245 1020 1289 puto
1053 1239 1171 1276 locum
1199 1240 1373 1277 Varronis
1402 1240 1449 1276 ab
1477 1243 1550 1277 Au-

100 1302 243 1351 gustino
264 1309 449 1338 seruatum
469 1303 507 1350 7,
525 1305 592 1339 23:
621 1304 671 1338 Et
697 1305 787 1338 certe
810 1300 904 1337 idem
935 1303 1056 1338 Varro
1081 1303 1120 1337 in
1146 1300 1267 1337 eodem
1293 1300 1386 1337 libro
1413 1301 1455 1337 de
1479 1301 1551 1338 diis

99 1362 238 1400 selectis
271 1368 346 1399 tres
377 1375 453 1400 esse
486 1361 655 1409 affirmat
681 1364 827 1400 animae
849 1362 990 1410 gradus
1024 1364 1061 1398 in
1089 1364 1187 1398 omni
1213 1363 1454 1411 uniuersaque
1477 1374 1551 1399 na-

98 1429 198 1462 tura.
242 1427 375 1472 Vnum,
403 1425 464 1473 qui
491 1435 612 1461 omnes
637 1428 762 1473 partes
787 1425 952 1472 corporis
983 1435 1074 1471 quae
1101 1424 1231 1459 uiuunt
1256 1425 1392 1460 transit
1416 1428 1452 1460 et
1474 1435 1551 1461 non

98 1485 206 1523 habet
229 1497 387 1530 sensum,
413 1484 477 1522 seol
503 1489 646 1521 lantum
672 1484 722 1521 acl
746 1484 941 1521 uiuendum
967 1483 1222 1521 ualetudinem.
1275 1487 1387 1521 Hanc
1410 1486 1486 1521 uim
1511 1487 1549 1521 in

96 1551 223 1584 nostro
250 1559 401 1596 corpore
424 1558 640 1597 permanare
665 1545 751 1583 dicit
776 1548 814 1583 in
841 1558 949 1593 ossa,
984 1557 1141 1594 unyues,
1180 1545 1354 1594 capillos,
1389 1547 1484 1583 simut
1509 1547 1550 1582 in

94 1608 230 1646 mundo
257 1608 405 1646 arbores
428 1610 506 1645 sine
530 1620 638 1645 sensa
666 1607 816 1645 aluntur
847 1612 881 1644 et
916 1611 1078 1644 crescunt
1102 1612 1137 1643 et
1161 1606 1270 1644 modo
1297 1606 1456 1656 quodam
1479 1619 1549 1644 suo

95 1671 239 1708 uiuunt.
293 1669 500 1708 Secundum
523 1669 678 1717 gradum
703 1671 848 1706 animae
879 1669 983 1715 dicit,
1009 1671 1049 1705 in
1076 1680 1146 1717 quo
1172 1679 1300 1704 sensus
1325 1672 1390 1705 est.
1442 1671 1551 1705 Hane

93 1734 170 1769 aim
193 1734 380 1782 pmtenire
405 1733 444 1768 in
470 1731 610 1778 oculos,
637 1743 757 1775 avares,
782 1743 905 1777 nares,
934 1742 987 1774 os,
1014 1734 1163 1767 tactum.
1206 1731 1367 1766 Tertium
1390 1729 1549 1778 gradum

93 1795 239 1831 animae
258 1806 336 1830 esse
352 1804 544 1837 summum,
572 1794 633 1841 qui
657 1796 810 1830 uocatur
829 1793 989 1838 animus,
1015 1792 1052 1827 in
1073 1803 1142 1840 quo
1168 1790 1404 1839 intelligentia
1418 1803 1549 1841 praee-

91 1857 223 1892 minet:
249 1855 314 1892 hoc
334 1860 480 1905 praeter
499 1854 678 1891 hominem
697 1866 821 1890 omnes
841 1865 963 1890 carere
986 1851 1181 1890 mortales:
1208 1854 1246 1889 in
1272 1865 1346 1902 qua
1373 1856 1549 1903 quoniam

91 1917 255 1954 homines
280 1916 344 1954 deo
371 1916 540 1953 uidentur
564 1927 641 1953 esse
666 1914 816 1963 similes,
848 1914 944 1952 lianc
970 1918 1111 1963 partem
1137 1916 1284 1951 animae
1308 1914 1436 1952 mundi
1460 1915 1548 1953 dicit

93 1977 219 2024 deum,
245 1980 284 2015 in
309 1978 413 2015 nobis
439 1983 562 2015 autem
583 1979 729 2026 genium
753 1978 894 2014 uocari.
946 1976 1009 2012 Sic
1033 1987 1117 2023 eryo
1144 1980 1178 2012 et
1205 1977 1245 2013 in
1271 1978 1397 2013 anima
1419 1976 1548 2015 m-umli

90 2044 165 2078 tres
196 2039 337 2089 gradus
369 2042 562 2078 instituens
593 2052 707 2077 unam
736 2043 880 2089 partem
904 2038 981 2074 eius
1007 2035 1146 2085 lapides
1172 2048 1249 2073 esse
1275 2038 1361 2087 dicit
1385 2042 1420 2075 et
1443 2038 1546 2088 ligna

89 2107 125 2139 et
149 2102 244 2140 hano
269 2106 431 2149 terram,
468 2114 580 2151 quam
606 2100 784 2147 uidemus,
811 2112 882 2148 quo
909 2110 984 2135 non
1009 2102 1201 2148 permanat
1226 2110 1366 2137 sensus.
1417 2099 1542 2136 Aliam

88 2175 175 2201 uero
202 2176 313 2213 quam
338 2175 484 2201 sensum
508 2167 621 2200 uocat
645 2164 722 2200 eius
755 2165 797 2198 nt
831 2160 991 2198 aethera.
1047 2161 1212 2196 Tertiam
1236 2173 1350 2210 porro
1377 2172 1484 2210 qaam
1506 2163 1542 2196 et

88 2227 253 2262 animam
278 2227 355 2262 eius
380 2229 590 2274 nuncupat,
618 2236 711 2273 qnae
735 2222 868 2260 scilicet
893 2223 1055 2272 peruenit
1080 2223 1119 2257 in
1146 2226 1272 2258 astra:
1297 2234 1379 2259 eam
1403 2232 1541 2270 quoque

86 2289 221 2324 asserit
244 2286 364 2333 facere
388 2285 475 2322 deos
493 2290 527 2322 et
544 2297 608 2335 per
628 2298 711 2323 eam
736 2283 883 2333 quando
906 2286 943 2321 in
965 2289 1103 2321 terram
1120 2288 1312 2331 permanat
1332 2283 1434 2320 deum
1453 2282 1541 2320 Tel-

87 2347 212 2384 larem.
261 2347 515 2384 conferendus
543 2354 597 2384 est
623 2347 772 2384 Seruius
800 2345 845 2382 ad
872 2348 962 2382 Aen.
979 2347 1017 2393 5,
1038 2348 1085 2381 81
1109 2351 1146 2381 et
1163 2348 1201 2392 8,
1215 2346 1302 2382 564.
1353 2345 1393 2381 Si
1420 2345 1540 2381 anima

86 2407 211 2445 mundi
242 2410 380 2446 Genius
407 2416 461 2446 est
487 2409 523 2445 in
553 2408 754 2445 hominibus
783 2413 821 2444 et
850 2407 973 2444 Tellus
999 2408 1034 2443 iu
1063 2414 1174 2453 terra,
1201 2405 1403 2455 putauerim
1426 2404 1539 2442 Libe-

84 2481 168 2507 ram
192 2473 353 2518 patrem,
389 2472 450 2519 qui
474 2471 668 2507 seminibus
697 2469 905 2506 animalium
933 2468 1107 2518 praefuit,
1135 2467 1179 2503 sr.
1202 2468 1261 2514 15,
1289 2473 1326 2503 et
1355 2466 1537 2511 Liberam,

85 2542 179 2580 quae
206 2531 310 2567 Ceres
334 2543 397 2567 seu
427 2534 548 2568 Venus
574 2535 626 2567 est
651 2530 810 2577 feminis,
838 2531 931 2579 Aug.
959 2532 998 2577 7,
1017 2532 1056 2576 3,
1084 2527 1347 2565 accommodari
1375 2528 1538 2577 potuisse

84 2591 130 2628 ad
159 2593 302 2629 tertiam
329 2592 452 2628 mundi
485 2599 646 2641 partem:
684 2597 881 2641 potuerant
909 2590 1000 2627 adeo
1038 2589 1084 2626 ad
1116 2589 1231 2638 duas,
1267 2601 1358 2639 quas
1384 2589 1536 2626 Seruius

82 2654 239 2705 reliquas
265 2654 365 2692 facit.
416 2653 493 2691 Sed
519 2652 610 2690 haec
635 2651 857 2701 philosophis
883 2652 1139 2700 relinquamus.
