1630 2921
82 141 126 170 vl
597 175 602 181 ,
655 142 750 171 DIES
780 143 975 171 LEGrrfflt

81 251 177 291 quae
195 239 243 278 de
265 241 416 278 Tiberio
442 241 513 277 Dio
539 240 650 278 tradit
675 242 740 290 58,
758 246 827 278 21:
857 238 1020 292 σφόδρα
1045 238 1122 292 γὰρ
1152 240 1334 292 ἐπιμελές
1358 243 1525 285 ἐποιεῖτο

82 298 145 340 ἀεὶ
172 303 281 353 σφᾶς
308 296 447 346 ὅσοίκις
483 297 534 338 ἂν
562 299 627 339 καὶ
655 298 821 354 καθήκῃ
848 301 1043 352 συνιέναι,
1076 302 1142 341 καὶ
1170 300 1267 353 μήτ’
1296 300 1560 357 ὄψιαίτερον”’

83 359 270 402 ἀπαντᾶν
296 364 367 400 τοῦ
394 362 648 413 τεταγμένου,
675 361 778 414 μήτε
806 365 1068 415 πρωϊαίτερον
1096 362 1444 412 ἀπαλλάττεσθαι.
1486 369 1528 407 ld

82 438 172 463 uero
200 433 342 474 tempus
378 437 399 462 a
433 426 549 475 primo
583 438 691 462 mane
723 426 833 464 fuisse
866 429 1009 465 uidetur
1042 428 1239 464 secundum
1265 429 1420 465 Dionem
1446 431 1525 467 eod.

80 488 143 525 lib.
173 500 205 524 c.
224 491 268 526 9:
296 484 364 523 καὶ
390 482 548 535 ἀναβὰς
576 483 661 534 ἅμα
689 489 739 539 τῇ
768 486 818 541 ἕῳ
845 487 887 533 ἐς
914 486 958 526 τὸ
987 484 1201 526 παλάτιον·
1230 489 1302 538 τῆς
1327 486 1402 539 γὰρ
1428 490 1530 537 βου-

82 548 156 597 λῆς
191 544 290 596 ἕδρα
326 544 368 585 ἐν
403 548 460 600 τῷ
484 544 770 602 Ἀπολλωνείῳ
798 547 1044 601 γενήσεσθαι
1074 545 1232 598 ἔμελλεν
1266 570 1317 577 --
1348 559 1385 588 et
1411 564 1442 588 c.
1463 556 1529 588 11:

83 604 129 647 ὃν
156 605 233 660 γὰρ
261 604 494 660 (πρότερον,
522 611 619 647 omni
645 613 822 660 superiori
849 614 1029 663 tempore)
1058 612 1107 663 τῇ
1136 607 1186 662 ἕῳ
1215 608 1360 656 πάντες
1386 606 1441 656 ὦς
1465 610 1531 649 καὶ

81 668 248 721 κρείττω
275 670 390 720 σφῶν
418 667 516 707 ὄντα
544 668 586 714 ἐς
611 668 656 707 τὰ
684 669 973 723 βουλευτήριον
1001 670 1271 723 παρέπεμψαν
1298 693 1360 710 -.
1397 673 1531 711 Moneo

82 732 153 770 hoc
186 733 234 770 de
266 732 500 781 intelligendo
537 733 664 784 καιρῷ
700 746 798 770 nunc
826 735 936 784 ipsius
962 735 1087 771 Dionis
1124 746 1256 783 causa,
1291 735 1390 786 apud
1424 747 1532 785 quem

82 795 247 844 proxime
282 801 367 830 ante
402 793 462 829 illa
488 796 552 840 58,
580 798 624 830 21
664 795 817 843 legitur.-
855 791 961 832 ἀλλὰ
987 794 1036 832 τά
1064 808 1104 832 τε
1131 791 1233 832 ἄλλα
1260 794 1325 833 καὶ
1352 790 1376 844 ἦ
1401 791 1533 845 βουλὴ

83 852 149 892 καὶ
178 851 268 893 τότε
295 851 359 891 καὶ
387 848 579 903 συνήχθη
606 853 674 892 καὶ
701 853 895 904 ἐδίκασεν,
923 856 1020 906 quod
1048 856 1094 891 de
1119 857 1276 904 legitimo
1302 867 1429 895 senatu
1455 869 1534 895 esse

83 915 355 964 intelligendum
382 916 461 965 ipsa
490 918 565 964 illa,
594 931 688 968 quae
718 926 935 969 sequuntur,
962 918 1109 954 docent.
1154 917 1264 960 Quod
1290 918 1398 965 igitur
1423 931 1534 968 supe-

83 977 167 1013 riori
192 976 255 1014 illo
292 976 371 1013 loco
399 978 465 1025 55,
494 982 516 1014 3
547 979 616 1015 Dio
644 980 774 1017 dixisse
800 980 966 1027 uidetur,
999 979 1069 1015 hoc
1095 985 1168 1023 est,
1196 978 1404 1027 Augustum
1429 990 1535 1016 sena-

83 1044 160 1074 tum
188 1038 385 1075 conuenire
414 1040 570 1077 uoluisse
594 1042 634 1078 iis
661 1041 810 1089 diebus,
836 1041 1025 1078 dierumue
1050 1040 1163 1088 horis,
1190 1041 1321 1090 quibus
1345 1039 1475 1076 iudicia
1497 1041 1535 1077 in

83 1098 165 1135 foro
192 1099 292 1136 nulla
318 1107 438 1137 essent
463 1102 644 1139 obeunda.
698 1103 803 1140 Aliud
838 1116 934 1140 nunc
968 1105 1172 1150 mittamus,
1210 1108 1330 1138 utrum
1365 1113 1428 1138 eos
1460 1101 1537 1139 dies

84 1160 134 1197 ita
162 1171 390 1210 comparatos
419 1163 622 1214 inuenerit,
652 1177 719 1213 an,
747 1164 847 1215 quod
871 1165 941 1200 Dio
967 1163 1127 1200 indicare
1151 1163 1310 1211 uidetur,
1338 1163 1428 1200 tales
1453 1163 1537 1200 red-

84 1220 238 1258 diderit:
273 1224 360 1260 illud
389 1233 514 1261 notum
544 1234 612 1275 est,
642 1227 752 1276 diem,
780 1227 842 1276 qui
869 1225 999 1262 iudicia
1026 1238 1097 1262 non
1125 1225 1304 1272 admittat,
1330 1236 1409 1261 esse
1434 1223 1536 1262 nefa-

82 1289 199 1331 stum,
238 1292 276 1321 et
308 1286 369 1335 qui
404 1299 511 1325 mane
547 1294 688 1325 tantum
727 1302 798 1326 non
825 1289 991 1325 admittat
1017 1287 1063 1324 de
1089 1299 1133 1323 eo
1159 1298 1293 1336 genere
1319 1298 1411 1334 esse,
1438 1285 1537 1336 quod

84 1343 242 1382 Ouidius
271 1350 306 1394 l,
326 1349 378 1383 50
403 1348 652 1398 demonstrat3
679 1351 838 1387 nefastos
866 1350 1005 1399 priores
1025 1349 1122 1385 docti
1155 1348 1398 1398 appellarunt.
1439 1348 1538 1385 Fue-

85 1413 172 1443 runt
197 1407 305 1457 igitur
331 1409 366 1445 in
394 1410 543 1458 Augusti
568 1410 669 1448 fastis
689 1412 882 1449 Kalendae
908 1418 945 1448 et
971 1410 1053 1447 ldus
1080 1411 1238 1446 omnium
1265 1410 1440 1446 mensium
1461 1409 1538 1447 dies

44 1499 46 1501 .
87 1475 151 1505 aut
175 1468 328 1518 nefasti,
365 1478 429 1507 aut
462 1471 592 1507 nefasti
626 1474 778 1522 priores.
832 1475 912 1510 Hoc
939 1486 1011 1509 non
1047 1478 1102 1508 est
1137 1472 1284 1521 insuper
1309 1471 1537 1508 habendum:

87 1537 272 1568 caeterum
296 1532 421 1569 inutile
447 1541 502 1569 est
529 1545 715 1582 quaerere,
744 1547 830 1571 num
860 1536 919 1572 uni
946 1535 1058 1571 cuiuis
1086 1546 1130 1569 ex
1156 1534 1223 1570 illis
1251 1533 1376 1569 diebus
1402 1534 1538 1583 ascrip-

86 1599 164 1630 tum
190 1592 300 1630 fuerit
327 1594 438 1631 SEN.
468 1595 603 1642 LEG.‚
640 1596 698 1632 uel
735 1597 849 1634 simile
876 1597 983 1647 quid3
1020 1597 1154 1632 otiosus
1187 1596 1315 1644 aliquis
1342 1594 1539 1643 quadrata-

86 1655 184 1702 rius,
220 1656 279 1691 uel
316 1657 476 1692 caelator
510 1659 736 1706 appinxerit,
772 1658 836 1695 sed
871 1667 1057 1695 senatores
1083 1658 1338 1705 meminerint,
1374 1656 1420 1692 ad
1448 1668 1540 1705 quos

88 1717 173 1766 quia
198 1718 293 1753 solos
320 1719 494 1767 pertinuit
522 1718 676 1756 Ouidius.
704 1722 875 1769 neglexit.
929 1719 1070 1757 Verum
1099 1720 1193 1755 enim
1221 1730 1309 1754 uero
1336 1723 1442 1770 sunt,
1479 1717 1541 1766 qui

89 1779 194 1815 aliter
219 1779 399 1816 iudicent:
435 1781 651 1816 Suetonium
678 1795 758 1817 cum
786 1782 903 1818 Dione
932 1794 1050 1829 neque
1076 1793 1182 1830 posse
1208 1779 1397 1827 componi,
1422 1790 1542 1828 neque

88 1846 282 1889 oportere3
310 1848 520 1889 corruptum
550 1854 628 1876 esse
655 1842 754 1877 illum
783 1855 848 1889 per
875 1842 1050 1885 librarios,
1078 1842 1139 1890 qui
1167 1841 1277 1876 uerba
1304 1839 1484 1877 Kalendis
1507 1844 1541 1876 et

87 1899 214 1939 Idibus
239 1900 464 1948 addiderint,
501 1902 577 1937 eius
613 1903 663 1937 rei
691 1910 906 1950 argumento
934 1915 1012 1940 esse
1039 1901 1136 1952 quod
1164 1903 1199 1938 in
1226 1902 1366 1951 scriptis
1391 1901 1540 1950 quibus-

88 1962 174 1999 dam
199 1963 296 1999 lihris
324 1961 468 2012 legatur
493 1962 624 2000 scilicet
650 1963 832 2000 Kalendis
857 1969 890 2000 et
916 1964 992 2009 1‹1.;
1022 1964 1103 2000 ldus
1131 1975 1201 1999 non
1230 1963 1389 2011 potuisse
1416 1974 1541 1999 omnes

89 2025 229 2061 senatui
257 2023 399 2073 agendo
426 2031 531 2073 aptos
560 2037 659 2072 esse,
688 2025 772 2074 quia
798 2026 876 2074 ipse
903 2027 986 2061 olim
1015 2026 1108 2061 inter
1133 2024 1340 2060 triumuiros
1368 2023 1541 2060 Octauia-

89 2099 160 2124 nus
185 2085 335 2123 edixerit
362 2093 534 2122 narrante
558 2086 677 2122 Dione
703 2088 767 2133 47,
796 2088 867 2134 19,
896 2095 934 2122 ut
962 2087 1045 2123 [dus
1068 2086 1245 2134 Martiae,
1261 2087 1402 2135 'quibus
1429 2097 1543 2135 usque

89 2159 135 2186 eo
161 2154 330 2184 senatum
357 2147 482 2184 haberi
508 2147 660 2184 solenne
689 2147 840 2195 suisset,
876 2149 969 2183 inter
997 2154 1094 2182 atros
1120 2146 1196 2183 dies
1223 2154 1363 2195 essent3
1399 2147 1542 2184 Kalen-

90 2208 179 2256 das,
214 2210 301 2259 quia
328 2210 492 2246 nefastae
518 2210 716 2258 pleraeque
742 2216 917 2246 notentur
951 2209 987 2244 iu
1023 2208 1223 2256 fastorum,
1259 2221 1355 2258 quae
1389 2215 1541 2258 restant,

89 2270 313 2320 fragmentis,
340 2271 489 2308 idoneas
517 2283 588 2306 nou
615 2270 749 2317 fuisse,
778 2271 894 2317 binos,
922 2270 987 2306 sed
1014 2282 1084 2306 non
1113 2277 1224 2306 statos
1244 2272 1417 2321 cuiusque
1438 2282 1542 2308 men·

90 2332 139 2369 sis
165 2330 244 2368 dies
271 2334 470 2380 Augustum
499 2333 641 2370 senatui
668 2332 835 2368 habendo
863 2331 1064 2369 destinasse
1092 2344 1226 2382 eosque
1253 2341 1290 2369 et
1314 2333 1480 2370 debuisse
1504 2333 1542 2370 in
1592 2323 1594 2326 Α

90 2391 193 2429 fastis
228 2393 425 2443 perscribi,
461 2402 498 2431 et
536 2395 755 2443 perscriptos
786 2402 911 2430 extare
945 2394 981 2429 in
1017 2393 1118 2430 fastis
1153 2394 1430 2442 Herwartianis,
1464 2396 1543 2432 siue

91 2453 364 2502 Lambecianis,
401 2457 607 2505 compositis
644 2456 856 2493 Constantio
894 2455 1118 2504 Imperatore
1153 2457 1298 2493 saeculo
1332 2463 1415 2506 post
1450 2456 1539 2493 Chr.

92 2522 238 2566 quarto.
306 2516 361 2552 lta
402 2516 600 2566 disputauit
638 2517 708 2554 lac.
744 2517 963 2554 Vaassenius
1011 2516 1204 2555 Animadu.
1250 2519 1285 2555 in
1327 2518 1411 2554 fast.
1446 2529 1542 2556 sacr.

92 2590 131 2627 p.
145 2579 391 2626 237—244,
427 2581 483 2616 cui
520 2580 712 2616 assentitur
738 2579 904 2616 Sturzius
940 2578 986 2614 ad
1012 2578 1119 2615 Dion.
1148 2580 1218 2616 loc.
1243 2578 1316 2616 ind.
1367 2579 1438 2616 Vix
1464 2580 1542 2617 ueri

91 2639 250 2688 speciem
276 2639 311 2675 in
338 2651 381 2675 ea
408 2641 578 2690 opinione
604 2652 774 2690 agnosco.
829 2641 967 2677 Vocula
993 2640 1126 2678 scilicet
1149 2643 1178 2678 si
1203 2642 1240 2678 in
1266 2641 1452 2687 omnibus,
1489 2641 1542 2678 uti
1599 2673 1601 2681 Α

93 2699 257 2751 reliqua,
280 2700 377 2738 libris
400 2710 516 2750 esset,
547 2703 625 2752 ipse
651 2703 846 2741 Suetonius
875 2704 924 2740 uti
951 2710 1117 2754 poterat,
1145 2716 1228 2741 usus
1253 2704 1347 2742 mim
1373 2711 1428 2742 est
1453 2701 1540 2742 Oct.
