1685 2954
720 134 894 166 ovmxvs
1466 137 1527 166 vci
1549 117 1551 120 ⁴

78 233 258 286 mythogr.
284 235 400 274 Vane.
428 246 466 285 p.
488 235 536 271 16
561 233 648 271 Mai.
699 232 834 271 Sedem
860 246 968 272 sicam
992 232 1169 286 significat
1195 235 1379 285 propriam
1405 235 1525 274 cuius-

78 309 163 346 que,
190 310 235 334 ex
261 297 429 346 singulari
456 309 524 333 usu
551 294 723 345 loquendi
751 294 959 344 Ouidiano,
988 296 1074 334 uide
1097 295 1182 334 fast.
1199 296 1355 342 .4,459:
1396 299 1444 333 Vt
1467 299 1523 334 ui-

77 358 153 396 tulo
177 360 290 407 metuit
323 370 389 395 sua
423 362 541 395 mater
576 356 622 395 ab
653 356 758 394 ubere
789 361 920 406 rapto,
953 356 1046 393 trist.
1072 361 1110 406 3,
1135 362 1172 406 1,
1196 359 1267 396 66:
1306 359 1405 405 Quos
1436 370 1523 395 suus

75 425 218 469 optaret
241 431 314 457 non
345 409 512 468 genuisse
541 430 697 467 parens:
731 417 864 455 deinde
897 417 1072 468 significat
1106 419 1204 469 quod
1238 424 1449 457 consuetum
1484 424 1523 457 et

72 481 292 518 conueniens
317 488 385 529 est,
412 481 495 517 last.
522 483 560 527 2,
576 480 672 516 789:
698 484 850 529 poscunt
875 491 942 516 sua
967 484 1131 529 tempora
1155 483 1352 529 somnum.)

253 545 370 580 Terra
394 542 492 593 pilae
515 541 658 586 sinnilis,
686 539 786 577 nullo
811 539 997 586 fulcimine
1023 543 1115 579 nixa

330 603 425 641 Ae're
449 602 604 641 subiecto
631 608 708 639 tum
730 613 844 651 graue
870 600 997 651 pendet
1023 615 1128 642 ontcs.

247 667 338 713 Ipsa
363 664 572 701 uolubili-tas
596 664 766 702 libratum
791 665 943 701 sustinet
967 663 1086 702 orbem
1112 685 1159 696 -
1178 685 1229 694 --

67 739 104 765 u.
124 728 216 764 281:
249 728 330 764 Par
358 725 475 773 facies
500 725 636 776 templi.

65 787 196 825 Festus
222 801 260 838 p.
277 789 366 834 262,
383 789 432 824 26
459 787 577 825 dext.:
613 787 826 826 Rotundum
853 786 975 826 aedem
1005 789 1137 826 Vestae
1162 790 1289 826 Numa
1314 787 1518 838 Pompilius

63 861 131 887 rea·
157 852 407 887 Romanorum
433 862 657 889 consecrasse
670 850 842 896 addetur,
867 849 962 899 quod
986 848 1138 887 eandem
1163 861 1239 887 esse
1265 853 1418 894 terram,
1442 862 1516 899 qua

63 913 144 948 uita
167 911 351 948 ltoininum
376 916 654 959 sustentaretur,
680 910 888 949 crediderit:
915 922 1061 960 eantque
1084 909 1183 960 pilae
1207 909 1334 957 formu«
1359 923 1450 959 esse,
1474 917 1518 949 ut

62 975 122 1010 sui
146 973 258 1010 simili
285 974 413 1023 templo
441 973 509 1011 deav
536 973 720 1011 coleretur.
774 973 909 1010 Verum
937 972 1028 1010 haec
1053 972 1130 1020 ipsa
1156 972 1291 1020 placita
1319 984 1397 1010 esse
1420 973 1512 1011 Ver-

61 1035 116 1071 rio
143 1035 276 1072 Flacco
303 1036 505 1085 antiquiora
537 1034 636 1071 nullo
672 1033 818 1082 negotio
845 1034 1023 1070 euincitur
1053 1031 1107 1068 his
1133 1031 1296 1082 Dionysii
1319 1035 1403 1072 Hal.
1430 1047 1515 1073 uer-

62 1096 115 1132 bis
140 1100 178 1143 2,
201 1097 272 1132 66:
313 1089 422 1148 Ἑςίᾳ
458 1092 502 1133 δὲ
535 1090 778 1132 ἀνακεῖσθαι
815 1092 860 1132 τὸ
896 1094 974 1145 πῦρ
1013 1091 1243 1143 νομίζουσιν
1279 1090 1343 1132 ὅτι
1378 1094 1430 1145 γῆ
1470 1108 1514 1134 τε

59 1147 164 1193 οὖσα
190 1149 216 1204 ἡ
243 1153 343 1201 θεὸς
379 1154 446 1195 καὶ
476 1152 547 1194 τὸν
572 1152 696 1205 μέσον
722 1151 949 1205 κατέχουσα
986 1156 1058 1193 τοῦ
1084 1150 1240 1203 κόσμου
1268 1151 1392 1193 τόπον
1418 1164 1511 1195 caet.

57 1218 225 1256 Verrium
254 1231 356 1255 usum
385 1231 464 1256 esse.
489 1219 588 1256 libris
614 1218 792 1267 Dionysii,
820 1229 927 1268 quem
955 1217 1114 1266 allegare
1140 1217 1287 1254 uidetur
1310 1230 1351 1268 p.
1371 1220 1458 1264 270,
1487 1223 1509 1256 1

55 1280 138 1326 sin„
163 1280 383 1317 Niebuhrius
410 1280 582 1317 iudicauit
607 1280 689 1318 hist.
717 1280 789 1317 Ro.
819 1284 856 1328 1,
884 1292 921 1329 p.
940 1280 1015 1316 237
1043 1290 1150 1326 ann.;
1185 1290 1298 1328 quare
1324 1291 1398 1316 nou
1424 1291 1510 1329 per·

54 1342 191 1392 spicio,
228 1355 293 1379 cur
317 1342 515 1379 Muellerus
541 1354 578 1380 u.
607 1342 652 1380 cl.
682 1342 742 1378 ubi
770 1340 819 1378 de
844 1339 942 1377 edito
968 1352 991 1377 a
1017 1340 1145 1377 Verrio
1185 1352 1298 1390 opere
1332 1340 1511 1392 disputat,

53 1403 254 1441 substiterit
280 1404 316 1440 in
343 1415 440 1440 anno
467 1403 514 1441 V.
537 1402 583 1443 C.
603 1403 692 1451 735,
720 1416 802 1440 cum
828 1402 1022 1451 Dionysius
1048 1414 1155 1439 suum
1181 1401 1335 1440 ediderit
1360 1415 1395 1440 a.
1415 1404 1506 1441 747.

53 1466 249 1503 Caeterum
285 1466 469 1517 peculiare
494 1472 550 1503 est
576 1464 734 1513 Ouidio,
772 1464 872 1514 quod
898 1465 990 1502 ratio
1017 1463 1182 1502 redditur
1217 1477 1281 1502 uu.
1305 1466 1507 1502 273—76

51 1539 119 1564 cur
142 1534 241 1564 terra
266 1528 312 1564 sit
338 1527 426 1578 pila,
457 1539 538 1563 cum
566 1526 693 1564 mundi
719 1526 840 1563 media
860 1528 917 1563 sit.
970 1525 1011 1563 Id
1037 1532 1290 1576 argumentum
1316 1527 1508 1564 uerbosius

51 1590 282 1639 persequitur
305 1589 516 1625 Lactantius
537 1592 576 1637 3,
593 1590 657 1637 24,
683 1600 803 1638 neque
829 1594 967 1637 tamen,
993 1595 1032 1625 ut
1057 1594 1163 1638 puto,
1187 1600 1232 1625 ex
1257 1588 1335 1625 solo
1356 1587 1504 1633 Ouidio,

52 1651 218 1699 quamuis
242 1649 505 1687 volubilitatem
539 1651 648 1687 etiam
677 1651 850 1701 appellet.
903 1648 1127 1686 Crediderim
1154 1649 1225 1685 hoc
1251 1661 1398 1699 quoque
1422 1660 1504 1686 esse

51 1710 240 1759 Varronis,
268 1712 329 1761 qui
355 1712 464 1748 etlam
491 1711 537 1749 de
562 1714 587 1749 l.
616 1713 641 1750 1.
667 1714 707 1760 7,
735 1714 784 1748 17
810 1718 847 1748 et
872 1711 1002 1761 pilam,
1029 1716 1065 1748 et
1090 1710 1216 1747 mundi
1240 1710 1396 1748 mediam
1420 1716 1500 1747 ter-

50 1782 128 1808 ram
155 1779 354 1821 nuncupat.
381 1794 431 1799 —
457 1772 618 1810 Alterum
646 1786 719 1809 non
746 1774 850 1823 parui
876 1773 1050 1810 momenti
1076 1778 1131 1810 est
1160 1771 1258 1821 quod
1285 1771 1383 1822 apud
1409 1770 1501 1808 Oui-

49 1832 148 1869 dium
175 1836 213 1881 1,
241 1835 313 1869 103
340 1833 446 1869 Ianus
474 1833 520 1869 de
545 1846 584 1870 se
611 1833 768 1870 effatur:

228 1897 296 1931 Ille-
325 1893 446 1930 Chaos
471 1895 623 1943 ant-iqui,
648 1906 736 1931 mim
761 1906 840 1931 sum
865 1906 923 1931 res
947 1895 1086 1943 prisca,
1109 1894 1303 1932 uocabant.

46 1955 182 1994 Paulus
208 1969 245 2006 p.
267 1956 330 2003 52,
357 1959 425 1991 11:
464 1955 587 1993 Chaos
616 1956 776 2005 appellat
801 1955 983 1993 Hesiodus
1016 1955 1206 2002 confusam
1233 1954 1416 2005 quandum
1447 1954 1497 1992 ab

45 2019 154 2056 initio·
173 2020 362 2062 unitatem,
388 2017 547 2055 hiantem
571 2022 817 2066 patentemque
842 2019 878 2054 in
904 2016 1137 2067 profundum.
1165 2029 1210 2054 ex
1236 2030 1305 2067 quo
1330 2021 1363 2053 et
1383 2009 1495 2064 χάσ-
1514 2032 1523 2037 ,

45 2091 127 2117 κειν
154 2077 318 2126 (καίνειν
345 2091 376 2115 c.
404 2078 471 2123 B.)
502 2080 635 2116 Graeci
659 2084 693 2116 et
715 2092 785 2128 geos
817 2079 918 2116 hiare
944 2079 1104 2116 dicimus.
1160 2078 1260 2116 Vnde
1285 2082 1403 2116 Ianus
1427 2076 1492 2114 ‹le-

45 2145 166 2178 tracta
186 2142 410 2190 aspiratione
428 2141 635 2179 nominatur
661 2141 738 2178 ideo
765 2142 1000 2186 (nominatur,
1027 2141 1171 2188 lacuna,
1198 2153 1238 2177 eo
1260 2153 1291 2177 c.
1306 2139 1373 2185 B.)
1397 2137 1491 2188 quod

43 2201 156 2249 fuerit
179 2205 340 2240 omnium
363 2204 522 2252 primus:
548 2204 606 2239 cui
632 2204 748 2252 primo
767 2204 857 2248 (om.
882 2216 912 2240 c.
933 2202 996 2246 B.)
1023 2201 1275 2251 supplicabant
1299 2201 1398 2237 uelut
1421 2212 1490 2250 pa-

43 2265 136 2301 renti
169 2269 203 2301 et
237 2277 261 2301 a
287 2277 356 2313 quo
388 2276 508 2302 rerum
534 2266 692 2301 onmium
717 2264 860 2311 factum
884 2263 1061 2314 putabunt
1088 2265 1240 2299 initium.
1292 2262 1490 2300 Annotauit

43 2324 262 2363 Muellerus:
300 2329 401 2364 Haec
434 2325 476 2363 de
500 2329 595 2364 Iano
622 2326 788 2364 doctrina
819 2328 944 2363 Verrio
976 2324 1168 2375 peculiaris
1190 2323 1306 2370 fuisse
1329 2324 1488 2373 uidetur,

45 2385 114 2424 hoc
138 2395 208 2436 est,
236 2394 275 2424 ut
301 2400 369 2437 ego
395 2388 630 2437 interpretor,
658 2387 831 2425 Ouidium
858 2400 959 2424 usum
987 2398 1064 2423 esse
1084 2385 1224 2422 Verrio.
1264 2385 1349 2423 Non
1372 2385 1486 2422 aude-

45 2459 120 2486 rem
146 2456 248 2487 tanto
274 2451 354 2487 uiro
381 2445 582 2499 refragari,
621 2449 718 2499 quod
752 2450 836 2486 mihi
870 2450 970 2485 uisus
1002 2448 1066 2483 sim
1101 2447 1185 2483 talia
1212 2447 1360 2484 artificia
1386 2446 1485 2497 apud

46 2507 216 2547 Ouidium
242 2513 469 2561 pernoussse,
493 2512 576 2548 uide
602 2511 649 2548 de
672 2514 792 2556 Lara,
821 2511 921 2549 Lala
941 2514 980 2556 2,
998 2510 1087 2556 599,
1113 2508 1159 2545 de
1187 2508 1352 2546 Gliloride
1372 2509 1484 2546 Flora

45 2570 83 2614 5,
110 2573 196 2620 195,
221 2572 270 2610 de
300 2573 424 2610 (ἴω-κα
454 2573 594 2610 (Irenae
618 2577 655 2619 6,
683 2575 768 2608 107.
830 2573 952 2609 Testis
980 2578 1098 2607 tamen
1126 2576 1180 2606 est
1204 2570 1261 2607 Io.
1285 2570 1410 2619 Lydus
1436 2569 1484 2605 de

45 2632 222 2670 mensibus
246 2647 284 2684 p.
308 2635 356 2671 ’75
383 2634 528 2672 Schow.
556 2635 643 2672 illud
670 2634 716 2671 de
742 2636 829 2673 Iano
864 2636 1050 2671 inuentum
1086 2643 1165 2669 esse
1191 2631 1337 2670 Ouidii:
1372 2643 1482 2681 quem

46 2692 226 2732 homiuem
252 2697 487 2738 uetustiorum
507 2696 820 2747 grammaticorum
842 2698 878 2734 in
903 2697 1015 2734 bonos
1041 2695 1233 2744 scriptores
1258 2698 1481 2731 commenta-
