1685 2954
91 77 285 110 ccnxvm
625 77 837 107 EXCESSVS
866 77 1002 110 ovum

93 190 175 216 rum
201 177 381 229 prioribus
407 180 493 214 octo
517 181 580 214 aut
611 178 800 228 postremis
825 183 983 229 quatuor
1014 177 1219 216 mensibus:
1252 176 1405 228 deinde,
1438 193 1525 219 num

91 238 245 278 eandem
271 239 387 288 legem
411 242 555 276 secutus
579 237 689 277 fuerit
710 240 950 288 Hieronymus
976 239 1011 276 in
1038 239 1243 277 adliciendis
1271 241 1379 278 titulis
1405 242 1525 279 erudi-

93 300 151 338 tis.
197 301 250 337 Io.
267 299 458 337 Massonus
486 300 707 350 potissimum
735 301 771 338 in
797 301 878 338 uitis
904 302 1043 338 Horatii
1068 307 1106 339 et
1131 301 1252 339 Ouidii
1278 302 1415 352 aliquot
1439 303 1527 341 locis

91 359 277 400 contendit
301 373 415 398 annos
439 360 660 399 Eusebianos
690 362 769 400 siue
794 362 961 400 Abrahae
988 369 1095 413 parte
1118 375 1184 400 sua
1210 363 1345 401 maiore
1369 362 1529 403 incidere

90 421 128 459 in
154 434 217 459 eos
242 423 304 473 qui
333 423 536 460 consulibus
567 422 825 473 designantur,
858 424 922 462 sed
948 424 1113 463 desinere
1146 425 1182 461 in
1215 437 1338 463 eorum
1364 436 1527 463 mensem

90 483 303 533 Augustum.
346 483 435 521 Mihi
461 497 548 522 uero
568 484 713 523 uidetur
730 486 970 534 Hieronymus
996 493 1093 523 certe
1119 487 1155 523 in
1181 486 1409 536 excerpendo
1431 486 1528 524 Sue-

90 545 189 583 tonio
209 546 389 583 contrario
410 546 518 583 modo
536 558 612 584 rem
638 547 844 583 instituisse.
887 546 983 583 Nam
1008 546 1090 584 fasti
1115 548 1321 585 consulares
1347 549 1377 585 si
1402 547 1528 586 conse-

89 612 220 644 rantur
237 620 318 644 cum
338 608 496 645 numeris
513 608 722 656 Hieronymi
747 608 801 655 iis,
827 607 956 656 quibus
981 619 1039 644 res
1063 609 1185 659 aliqua
1207 610 1395 647 ascribitur
1419 621 1528 647 accu-

89 669 204 706 ratius
225 681 246 706 a
266 668 441 706 Suetonio
467 668 669 719 designata,
694 668 783 705 mira
809 667 998 705 diuersitas
1022 661 1306 720 deprehenditur
1329 683 1413 707 cum
1439 670 1528 721 quid

88 729 207 768 altero
233 736 330 777 utro,
355 730 454 780 quod
480 729 649 778 indicaui,
674 729 791 779 spatio
817 733 959 778 gestum
985 735 1052 767 est.
1102 730 1284 768 Numerus
1299 742 1530 768 mmxxxnr

87 791 120 829 si
145 796 201 829 est
225 792 412 829 consulum
438 803 579 839 eorum,
604 803 696 840 quos
721 789 808 839 dixi,
834 802 923 840 ergo
949 803 985 828 n.
1005 803 1233 829 mnccccnn
1259 797 1314 829 est
1339 791 1383 828 L.
1405 791 1528 829 Aurel.

88 852 237 902 Cottae,
262 852 308 890 L.
321 852 450 890 Manlii
468 852 664 903 Torquati,
690 864 727 890 n.
741 862 1030 889 mcccccxnvu
1058 853 1128 890 Cn.
1143 851 1322 903 Pompeii,
1347 851 1400 889 M.
1413 851 1528 893 Licin.

88 914 234 962 Crassi,
267 926 305 951 n.
322 925 612 952 mnceccxcvu
644 906 760 952 Sentii
792 913 998 959 Saturnini,
1031 913 1191 952 Lucretii
1214 913 1456 964 vespillonis,
1488 925 1528 952 n.

89 985 190 1013 mur.
216 975 319 1013 Fabii
343 974 500 1024 Persici,
536 976 583 1014 L.
609 975 767 1024 Vitellii,
802 987 840 1013 n.
858 987 1081 1012 mmnxxnr
1106 974 1234 1013 Rubrii
1259 974 1386 1024 Marii,
1419 975 1531 1014 Asinii

90 1037 192 1075 Galli
223 1036 454 1085 consulatus,
488 1037 620 1087 quibus
653 1035 809 1073 numeris
842 1043 880 1074 et
913 1037 1119 1074 consulibus
1144 1034 1244 1086 apud
1268 1037 1531 1087 Hieronymum

89 1105 130 1137 et
153 1098 368 1136 Suetonium
403 1104 510 1136 natus
535 1097 730 1146 Horatius,
762 1098 836 1134 nati
869 1104 933 1136 aut
966 1098 1099 1135 mortui
1124 1097 1292 1147 Virgilius
1323 1103 1361 1136 et
1383 1098 1530 1137 Persius

88 1166 224 1212 poetae
248 1158 478 1210 produntur,
502 1158 567 1197 sed
593 1160 644 1197 V1
668 1159 723 1197 ld.
750 1158 858 1207 Dec.,
884 1159 937 1197 Id.
964 1158 1064 1207 Oct„
1089 1158 1151 1196 ΚΡ
1177 1158 1281 1208 Oct„
1307 1158 1403 1209 prid.
1428 1158 1530 1199 Non.

89 1220 198 1271 Dec.,
222 1221 307 1260 VIII
321 1219 387 1258 KP
403 1220 493 1257 Dec.
544 1219 699 1258 Possent
723 1232 769 1258 ex
796 1221 876 1257 uitis
901 1220 1065 1258 Suetonii
1090 1217 1243 1270 plurima
1267 1220 1339 1257 alia
1363 1221 1530 1272 exempla

87 1284 191 1335 poni.
234 1284 337 1321 Haec
360 1282 471 1332 igitur
494 1281 526 1319 si
551 1287 651 1319 recte
677 1293 718 1319 se
742 1280 892 1330 habent,
920 1293 1008 1319 casu
1032 1281 1169 1319 sactum
1195 1293 1276 1319 esse
1296 1293 1369 1318 non
1395 1287 1530 1332 potest,

90 1345 192 1396 quod
209 1344 361 1394 Augusti
385 1344 516 1389 obitus,
543 1343 682 1380 Tiberii
707 1355 819 1390 mors,
845 1343 1035 1392 Caligulae
1055 1355 1140 1391 nex,
1167 1343 1380 1392 Vespasiani
1403 1354 1531 1383 exces-

89 1419 172 1456 sus,
198 1418 293 1457 quae
317 1405 439 1443 omnia
463 1411 548 1442 sunt
571 1405 740 1450 Ianuarii,
767 1404 902 1452 Martii,
928 1404 1029 1453 Maii,
1056 1403 1209 1453 Augusti
1234 1404 1432 1453 mensium,
1453 1415 1530 1443 non

91 1474 314 1507 annotantur
337 1467 378 1505 iis
403 1466 580 1515 numeris,
613 1467 675 1517 qui
702 1465 924 1517 respondent
950 1465 1155 1502 consulibus
1179 1464 1429 1512 Suetonianis,
1461 1463 1531 1504 sed

92 1531 259 1582 proxime
283 1528 597 1580 praecedentibus,
624 1528 732 1565 ualde
757 1527 966 1577 indignante
990 1527 1205 1576 plerumque
1226 1526 1425 1577 Scaligero.
1463 1527 1532 1565 Vi-

91 1591 174 1640 des,
200 1590 286 1642 quid
310 1596 500 1641 sequatur:
527 1602 677 1627 numero
696 1601 924 1627 mmxxxru
945 1588 1155 1637 Hieronymi
1181 1587 1357 1625 contineri
1379 1588 1464 1625 anni
1480 1587 1531 1626 V.

93 1652 141 1692 C.
155 1654 232 1690 770
249 1658 450 1703 postremos
475 1658 513 1689 et
537 1652 622 1689 anni
640 1653 712 1689 771
730 1652 871 1702 priores
888 1662 1041 1688 menses.
1084 1649 1156 1686 Cui
1180 1661 1263 1686 cum
1284 1647 1409 1687 Ouidii
1431 1661 1532 1688 mors

92 1715 297 1763 ascribitur,
323 1726 397 1752 non
422 1720 477 1752 est
501 1724 648 1751 necesse
673 1719 803 1763 optare
827 1723 1005 1761 mensem,
1030 1724 1104 1761 quo
1129 1709 1342 1760 contigerit:
1367 1709 1531 1749 semestri

91 1783 215 1815 tamen
240 1775 357 1826 spatio
383 1788 475 1826 opus
499 1774 588 1821 fuit,
625 1781 665 1812 ut
690 1774 738 1812 de
763 1779 910 1812 senatus
936 1773 1125 1818 consulto,
1159 1784 1234 1822 quo
1260 1770 1359 1820 dixi,
1397 1771 1531 1810 certior

91 1843 205 1889 poeta
220 1837 344 1886 fieret3
371 1837 446 1875 uid.
463 1837 571 1875 Pont.
588 1838 625 1883 4,
641 1841 703 1886 11,
720 1836 767 1875 15
785 1849 841 1887 sq.
867 1842 905 1874 et
922 1836 971 1873 ib.
986 1836 1026 1883 9,
1038 1838 1076 1884 3,
1103 1845 1198 1885 quae
1222 1833 1373 1884 epistola
1395 1834 1533 1885 scripta

93 1906 149 1938 est
173 1898 221 1937 ad
247 1899 467 1937 Graecinum
492 1899 676 1937 consulem
701 1899 929 1948 designatum
956 1898 1042 1935 anni
1066 1897 1160 1941 769,
1190 1893 1256 1932 sed
1278 1893 1531 1934 sufficiendum

92 1960 179 1999 inde
203 1972 226 1998 a
245 1960 332 1998 Kal.
347 1960 434 1999 Mai.
459 1959 628 2009 fortasse,
653 1959 807 1998 docente
831 1958 953 2009 lapide
978 1957 1077 2008 apud
1107 1957 1274 1994 Fabrett.
1301 1961 1397 2006 synt.
1421 1957 1532 1997 inser.

92 2035 131 2062 n.
149 2024 241 2071 224,
276 2021 375 2073 quod
406 2023 497 2060 scire
531 2034 604 2061 non
630 2022 747 2071 potuit
772 2019 926 2059 Ouidius
951 2019 1018 2056 nisi
1050 2024 1135 2070 post
1160 2018 1304 2055 comitia
1327 2014 1414 2055 anni
1438 2019 1531 2066 768,

92 2086 224 2124 mensis
245 2084 406 2122 fortassis
430 2084 604 2132 eiusdem,
629 2082 704 2120 uid.
731 2094 842 2133 supra
867 2093 1048 2132 p.xl.111.
1088 2079 1198 2124 Quod
1226 2078 1326 2130 apud
1351 2080 1530 2128 Hierony·

92 2159 191 2185 mum
212 2146 340 2184 eodem
359 2158 507 2184 numero
526 2146 679 2183 alterum
698 2144 829 2182 lemma
855 2150 928 2181 estt
957 2143 1194 2181 ammaim
1217 2142 1353 2180 Caesar
1371 2140 1414 2178 de
1427 2143 1529 2178 Par-

94 2209 167 2246 this
192 2208 451 2258 triumphauit,
487 2220 560 2245 non
585 2208 757 2246 continuo
783 2205 971 2254 Scaligero
996 2204 1234 2242 concesserim
1262 2200 1528 2246 emendandum

93 2281 191 2309 esse:
227 2270 269 2307 de
303 2271 431 2308 Cattis.
483 2270 707 2321 Triumphus
733 2269 780 2308 de
807 2268 1022 2315 Cheruscis,
1052 2266 1191 2314 Cattis,
1218 2263 1435 2313 Angriuariis
1459 2262 1530 2300 du·

94 2340 173 2370 ctus
207 2339 262 2369 est
297 2344 420 2369 mense
444 2332 542 2369 Maio
574 2332 659 2368 anni
685 2333 786 2380 770,
821 2328 1054 2367 ascribendus
1088 2329 1194 2378 igitur
1223 2326 1348 2363 fuisset
1377 2337 1529 2363 numero

93 2404 324 2432 mexxu:
361 2406 442 2431 cum
468 2392 684 2431 Parthorum
720 2404 808 2442 rege
833 2392 1016 2430 Artabano
1048 2389 1177 2427 foedus
1211 2393 1309 2425 certe
1341 2385 1530 2436 splendide

94 2461 311 2494 renouatum
338 2450 398 2492 estv
417 2468 440 2493 a
466 2455 684 2494 Germanico
711 2466 807 2491 anno
832 2455 922 2501 771,
949 2453 1042 2491 Tac.
1063 2463 1147 2488 ann.
1166 2453 1206 2498 2,
1223 2449 1285 2487 58.
1337 2449 1439 2486 Haec
1463 2447 1531 2486 ha-

97 2517 245 2565 bebam,
268 2517 397 2566 quibus
418 2518 612 2567 probarem
631 2516 805 2556 Ouidium
825 2514 1036 2566 refingendo
1054 2512 1196 2563 corpori
1214 2510 1405 2559 fastorum,
1430 2508 1531 2560 quod

99 2579 272 2617 missurus
298 2577 344 2614 ad
372 2578 650 2628 Germanicum,
681 2579 712 2616 si
737 2579 774 2616 in
801 2578 920 2615 Asiam
947 2576 1121 2624 uenisset,
1146 2574 1276 2622 fuerit,
1301 2574 1531 2610 immortuum

97 2653 177 2680 esse
197 2640 364 2680 absoluto
386 2639 504 2692 primo
531 2641 637 2681 libro.
676 2639 787 2683 Vnde
811 2639 948 2679 factum
972 2639 1030 2688 sit,
1056 2644 1096 2676 ut
1120 2649 1192 2676 non
1216 2635 1399 2674 absolutos
1423 2634 1529 2687 quin-
