1685 2954
69 87 290 120 cccxxviii
631 83 813 116 comens
841 86 884 125 ιν,
915 85 954 125 a,

70 187 187 234 meua,
215 187 384 231 coniunx,
408 185 543 222 scilicet
564 197 663 236 quae
676 199 748 225 non
770 186 878 224 modo
904 187 940 223 in
966 185 1224 236 superioribus,
1250 184 1313 223 sed
1340 185 1376 222 in
1395 186 1510 224 omni-

72 251 139 287 bns
165 249 263 286 libris
291 247 472 284 ueteribus
498 247 748 284 obseruantur.
804 249 895 285 Cum
923 247 1256 294 Mallersdorfiano‚
1293 259 1511 297 quamquam

70 324 144 352 non
169 322 337 361 semper,
363 309 540 346 consentit
564 309 601 346 in
628 308 831 347 discrimine
855 313 1072 359 amporam,
1099 320 1195 358 quae
1221 308 1290 345 sint
1317 309 1351 344 in
1378 309 1512 358 capite,

71 379 111 411 et
134 377 356 421 temporum,
393 373 430 418 1,
447 371 543 418 4123
570 373 609 418 2,
628 373 697 419 263
724 375 763 419 2,
782 374 876 420 110,
911 371 1009 421 quod
1041 371 1126 407 item
1160 376 1300 407 constat
1333 376 1514 407 uetustum

72 445 152 472 esse
177 430 405 470 librariorum
431 424 495 467 aut
520 433 831 481 grammaticorum
860 438 1116 469 commentum.

170 495 208 531 7.
260 492 399 530 Littera
424 494 459 529 F
479 493 618 543 signaui
652 493 803 531 codicem
829 493 1056 531 bibliothecae
1081 492 1361 531 Pembrocianae
1388 493 1518 530 Can-

74 554 385 604 tabri-‹fiensis
411 558 494 591 ante
519 556 728 604 quinyentos
753 566 869 591 annos
893 557 930 591 in
957 557 1089 592 minori
1112 555 1237 602 forma
1261 557 1435 604 scriptum
1460 561 1518 591 te-

72 616 239 654 stimonio
263 615 422 661 Heinsii,
449 616 510 665 qui
537 616 687 651 contulit
711 616 819 662 satis,
847 622 885 651 ut
913 617 1075 663 uidetur,
1102 623 1283 666 accurate.
1336 616 1376 652 ln
1403 628 1518 652 anno-

73 678 211 715 tatione
236 676 332 714 edita
358 676 405 713 ad
434 681 470 725 1,
492 679 565 714 393
592 682 630 712 et
654 676 690 711 in
717 675 856 712 schedis
882 677 1024 713 ineditis
1054 677 1242 725 aliquoties
1268 688 1351 713 eum
1378 689 1519 713 nuncu-

73 740 176 790 pauit
193 738 453 786 Oxoniensem,
479 738 599 774 nescio
623 748 694 785 quo
720 736 812 773 iure.
852 736 985 786 Neque
1010 738 1103 773 enim
1129 737 1175 773 de
1202 737 1271 773 hoc
1297 737 1387 773 libro
1412 739 1520 787 plura

74 801 275 851 comperire
301 801 414 850 potui.
454 799 628 835 Familiae
647 803 702 834 est
717 797 954 845 Petauianae‚
982 798 1190 834 Monacensi
1215 798 1376 834 secundo
1397 804 1520 835 ernen-v

73 861 214 910 datior,
247 872 358 909 saepe
385 860 545 896 utilitatis
581 859 774 912 egregiae,
806 871 878 895 non
914 872 996 896 raro
1034 860 1084 896 ita
1117 865 1156 895 ut
1181 862 1220 907 2,
1248 859 1321 896 595
1349 867 1522 910 receptae

73 923 274 972 scripturae
302 921 426 958 unicus
453 927 592 957 auctor.

174 986 211 1020 8.
234 981 237 984 ⁴
264 981 375 1019 Liber
404 982 742 1029 Gottinyensis
767 981 889 1018 littera
919 982 953 1018 G
979 980 1156 1018 indicatus
1184 982 1269 1019 olim
1297 981 1366 1019 suit
1390 981 1521 1018 Erfur-

75 1051 194 1082 tanus.
245 1042 415 1080 Indicium
443 1042 519 1079 eius
545 1040 660 1079 debeo
687 1042 962 1079 Selmeidewino
989 1044 1057 1080 uir.
1085 1043 1157 1080 dss.
1185 1044 1220 1080 in
1253 1046 1352 1081 Gon.
1370 1045 1520 1092 9.Anz.

78 1107 177 1143 1838
196 1118 232 1142 n.
247 1107 334 1153 100,
363 1104 424 1141 ubi
451 1103 665 1143 describitur
690 1104 783 1140 liber
797 1111 834 1140 et
852 1105 997 1141 saeculo
1017 1105 1232 1142 duodecimo
1252 1118 1322 1142 non
1342 1106 1522 1142 recentior

76 1167 300 1217 appellatur:
330 1163 495 1202 Heinsius
515 1165 550 1201 in
569 1177 628 1215 ep.
646 1164 692 1202 ad
711 1166 828 1202 Gron.
850 1178 887 1216 p.
902 1167 976 1201 377
1002 1179 1036 1203 a.
1057 1166 1153 1202 1653
1182 1169 1430 1204 sexcentorum
1450 1179 1522 1204 un-

75 1239 203 1266 norum
221 1240 285 1265 nec
305 1231 426 1263 tamen
444 1238 598 1276 magnae
622 1229 675 1264 rei
696 1232 870 1276 quamtum
895 1229 1012 1276 prima
1031 1227 1152 1274 fronte
1171 1231 1350 1276 apparea-t
1365 1227 1521 1275 scripsit.

77 1289 175 1326 Inest
193 1287 322 1326 lacuna
342 1300 364 1325 a
382 1288 442 1324 lib.
459 1292 496 1336 1,
512 1290 583 1325 511
611 1288 659 1325 ad
686 1289 762 1326 init.
788 1289 849 1326 lib.
865 1293 902 1325 2.
941 1289 1122 1338 Pleraque
1143 1301 1230 1325 sane
1250 1288 1358 1323 habet
1377 1286 1524 1324 aliunde

77 1361 123 1387 ex
150 1350 330 1387 codicibus
356 1349 578 1387 Petauianae
603 1351 746 1400 originis
772 1352 844 1387 iam
873 1356 976 1387 nota:
1016 1350 1127 1387 semel
1154 1357 1218 1386 aut
1245 1350 1297 1386 bis
1321 1349 1523 1385 luculentas

77 1411 194 1448 solum
219 1410 413 1460 scripturas
439 1423 587 1448 seruare
614 1413 772 1448 memini.
818 1412 902 1448 Non
932 1418 1050 1448 tamen
1080 1411 1240 1461 poenitet
1266 1411 1433 1446 collatum
1461 1421 1523 1446 ac-

77 1478 202 1509 curate
227 1470 394 1509 habuisse
420 1484 441 1509 a
458 1472 517 1510 W.
539 1473 718 1510 Muellero
747 1479 784 1510 et
807 1474 940 1524 partim
958 1473 1114 1510 Ernesto
1135 1473 1179 1508 ab
1198 1471 1355 1508 Leutsch
1383 1484 1418 1507 u.
1433 1471 1521 1520 dss.,

77 1533 206 1585 quibus
242 1545 309 1581 pro
345 1533 463 1570 officio
501 1540 539 1571 et
574 1535 729 1571 amicitia
761 1536 892 1585 gratias
918 1536 1089 1571 maximas
1115 1545 1196 1582 ago,
1249 1532 1395 1581 Aliquot
1423 1531 1459 1570 h.
1486 1545 1522 1570 e.

77 1594 220 1632 duobus
247 1594 304 1630 uel
332 1594 444 1630 tribus
472 1595 558 1631 locis
586 1595 662 1631 uisa
687 1602 772 1632 sunt
799 1596 868 1631 tria
890 1596 936 1632 de
954 1596 1023 1632 hoc
1050 1597 1140 1632 libro
1168 1595 1369 1631 testimonia
1389 1593 1524 1632 discre-

77 1668 181 1706 pare,
208 1662 272 1692 aut
296 1654 343 1691 de
368 1655 548 1705 scriptura
568 1656 728 1706 alioquin
751 1655 925 1694 dubitaui.
974 1657 1072 1694 Satis
1101 1656 1208 1693 habui
1235 1655 1325 1691 haec
1350 1656 1522 1702 indicare,

78 1723 190 1769 prout
219 1717 327 1753 etiam
352 1715 423 1753 feci
452 1729 525 1753 non
553 1730 738 1767 nunquam
766 1718 802 1754 in
831 1719 930 1754 libris
957 1730 978 1754 a
1005 1731 1063 1755 me
1091 1720 1170 1768 ipso
1199 1717 1349 1754 collatis.
1403 1717 1523 1757 Causa

77 1779 178 1816 nulla
203 1785 281 1816 erat
315 1776 351 1814 id
387 1777 632 1816 dissimulandi
666 1780 725 1815 ubi
756 1792 823 1829 pro
861 1780 951 1816 uirili
988 1784 1093 1829 parte
1119 1790 1267 1828 operam
1295 1777 1418 1816 datam
1444 1792 1525 1818 esse

78 1840 249 1879 maleuoli
274 1839 474 1877 irridebunt
499 1840 669 1889 sortasse,
696 1841 760 1878 sed
790 1853 860 1878 non
889 1842 1088 1890 negabunt.

177 1904 214 1940 9.
267 1901 382 1938 Venio
409 1914 505 1939 nunc
533 1901 580 1939 ad
607 1902 716 1939 libros
742 1903 877 1939 saeculi
915 1903 1009 1940 tertii
1042 1901 1171 1938 decimi
1205 1901 1240 1936 in
1268 1901 1396 1951 quibus
1422 1904 1524 1953 quic*

78 1962 164 2014 quid
198 1962 366 2001 diuersae
392 1963 537 2013 originis
572 1965 752 2014 explorari
784 1965 903 2014 potuit
935 1964 982 2002 de
1007 1963 1277 2013 superioribus,
1305 1965 1398 2002 adeo
1425 1979 1525 2004 com·

78 2026 222 2064 mistum
249 2031 287 2062 et
313 2026 567 2062 conturbatum
595 2032 676 2074 est,
711 2026 867 2076 suspicio
900 2025 946 2063 de
981 2025 1260 2076 interpolatione
1294 2015 1386 2063 adeo
1412 2040 1524 2078 saepe

79 2086 284 2130 inualescit,
318 2093 359 2123 ut
385 2086 432 2124 de
461 2088 662 2137 unoquouis
698 2095 837 2124 certum
869 2087 1039 2124 iudicium
1067 2088 1153 2124 ferri
1180 2099 1287 2137 posse
1314 2089 1372 2124 uix
1399 2090 1523 2126 existi-

78 2159 186 2185 mem.
247 2147 318 2184 Vix
350 2149 493 2187 memini
527 2150 630 2185 ullius
666 2149 743 2186 solo
777 2150 980 2186 testimonio
1016 2151 1114 2186 locos
1150 2149 1314 2186 difficiles
1347 2149 1521 2200 expediri,

79 2221 298 2259 quamquam
324 2209 360 2246 id
391 2210 469 2247 fieri
495 2210 658 2260 potuisse
683 2217 746 2247 aut
771 2211 848 2247 fieri
875 2224 982 2260 posse
1009 2224 1075 2260 per
1102 2212 1325 2247 coniecturas
1353 2210 1521 2259 probabi-

77 2271 130 2307 les
157 2271 299 2307 minime
327 2273 546 2321 negauerim.
599 2272 814 2311 Leuioribus
844 2273 880 2308 in
913 2273 1174 2309 discriminibus
1207 2272 1413 2322 saepissime
1438 2271 1521 2309 ido-

79 2343 183 2370 neam
210 2333 424 2381 scripturam
459 2334 494 2370 in
523 2332 763 2370 mediocribus
801 2335 899 2370 libris
927 2341 1051 2372 extare
1076 2346 1221 2371 necesse
1250 2339 1347 2379 erat,
1383 2344 1464 2368 cum
1491 2333 1521 2370 si

80 2405 172 2429 unus
198 2393 288 2429 liber
314 2395 556 2443 praestantior
581 2394 793 2444 delinquere
821 2397 959 2444 potuit,
993 2397 1180 2446 potuerint
1215 2405 1337 2430 omnes
1370 2395 1430 2443 qni
1463 2407 1522 2431 re·

77 2459 189 2501 stant,
218 2467 287 2490 non
314 2451 507 2493 debuerint
533 2468 656 2493 omnes
684 2457 744 2506 qni
771 2456 1042 2494 interciderunt.
1083 2458 1165 2494 Non
1186 2462 1269 2492 sunt
1289 2462 1440 2504 propter
1467 2456 1522 2491 ni-

79 2516 130 2553 les
157 2515 376 2552 ratiunculas
403 2517 592 2555 deserendi
617 2518 696 2554 libri
724 2520 965 2568 antiquiores,
993 2519 1055 2556 sed
1084 2529 1201 2567 neque
1230 2529 1318 2566 prae
1345 2517 1523 2566 despera-

79 2578 178 2615 tione
213 2584 276 2614 aut
308 2577 452 2614 fastidio
487 2580 684 2628 spernendi
720 2580 939 2627 deteriores,
977 2587 1074 2617 certe
1107 2580 1141 2614 in
1170 2577 1317 2615 Ouidio,
1372 2579 1410 2617 ln
1446 2579 1523 2615 aliis

81 2640 196 2691 poetis
223 2645 284 2677 ant
311 2639 543 2692 scriptoribus
574 2640 692 2678 fateor
719 2641 898 2679 interdum
926 2648 1090 2678 constare
1119 2652 1190 2677 nno
1220 2640 1320 2678 fonto
1349 2641 1524 2691 pleraque
