1685 2954
602 83 707 113 mn.
738 81 1020 112 sacvnnvs
1475 59 1532 102 45

153 189 287 242 Ipsam
316 199 396 241 ego
426 184 665 226 flaminicam
692 188 931 236 poscentem
960 180 1099 221 februa
1125 177 1228 220 uidi:

207 256 368 308 Februa
394 248 582 306 poscenti
610 252 731 303 pinea
759 250 875 302 uirga
902 248 998 288 data
1027 253 1103 288 est.

152 323 339 375 Denique
368 318 649 373 quodcumque
677 323 756 369 est,
786 329 865 370 quo
895 327 1062 369 corpora
1090 319 1229 354 nostra
1257 311 1428 366 piantur,

208 391 300 430 Hoc
331 386 436 440 apud
464 386 650 427 intonsos
677 397 823 426 nomen
851 383 1031 424 habebat
1059 393 1172 421 auos.
1479 381 1532 416 30

152 454 311 497 Mensis
339 454 390 494 ab
418 454 482 493 his
510 453 659 504 dietus,
689 457 808 492 secta
836 451 930 504 quia
958 451 1065 503 pelle
1095 448 1250 500 luperci

207 523 335 563 Omne
364 522 492 562 solum
523 522 715 572 lustrant,
753 520 874 572 idque
913 518 1074 571 piamen
1107 516 1278 555 habent:

152 592 237 630 Aut
259 590 352 643 quia
380 589 553 642 placatis
582 594 680 628 sunt
707 593 890 640 tempora
917 598 1018 639 pura
1044 583 1245 637 sepulcris

207 657 323 697 Tunc
352 668 444 696 cum
473 655 620 696 ferales
647 653 893 708 praeteriere
922 653 1023 694 dies.

152 723 282 764 Omne
309 724 427 764 nefas
456 736 698 776 omnemque
726 724 820 764 mali
845 721 1084 776 purgamina
1113 730 1280 762 causam
1481 717 1532 753 35

208 790 445 832 Credebant
471 791 599 831 nostri
628 792 770 831 tollere
799 803 923 843 posse
954 801 1090 829 senes.

152 857 330 900 Graecia
354 859 591 912 principium
620 858 743 898 moris
771 856 891 897 dedit.
931 857 999 895 illa
1027 859 1227 895 nocentes

206 927 333 980 Impia
361 927 554 967 lustratos
581 938 733 979 ponere
759 925 871 964 facta
898 927 1027 975 putat.

152 993 377 1034 Actoriden
404 995 568 1045 Peleus,
597 994 726 1045 ipsum
754 1003 916 1044 quoque
945 989 1072 1030 Pelea
1099 986 1229 1029 Phoci

210 1060 352 1104 Caede
387 1073 460 1113 per
485 1059 736 1100 Haemonias
770 1059 894 1098 soluit
921 1058 1105 1098 Acastus
1133 1068 1274 1109 aquas.
1483 1056 1535 1094 4'0

151 1127 329 1168 Vectam
357 1127 526 1167 frenatis
553 1139 626 1179 per
655 1126 775 1166 inane
807 1125 1050 1166 draconibus
1077 1125 1252 1179 Aegeus

206 1194 409 1235 Credulus
439 1193 636 1233 immerita
664 1193 844 1233 Phasida
873 1194 975 1232 fouit
1003 1205 1094 1246 ope.

155 1261 466 1316 Amphiaraides
492 1262 737 1316 Naupactoo
765 1260 965 1312 Acheloo,

147 1387 211 1423 27.
236 1388 312 1430 Ita,
339 1385 471 1435 lpsam,
498 1385 579 1423 ΑΕ
602 1385 668 1422 sub
685 1398 761 1423 ras.
787 1382 917 1422 AAb
943 1388 1038 1430 octo3
1064 1384 1108 1421 N
1121 1394 1202 1421 nar.
1222 1394 1293 1420 scr.
1342 1381 1426 1432 Ipse
1449 1381 1537 1419 reli-

96 1437 169 1486 qui.
195 1438 274 1484 Ita,
300 1435 529 1484 flaminicam,
556 1438 639 1473 DF
644 1448 667 1484 9
686 1449 759 1473 ma.
779 1449 846 1473 sec.
868 1439 892 1472 8
916 1434 1090 1472 undecim.
1129 1433 1367 1470 flammificam
1387 1446 1435 1469 m.
1470 1433 1537 1468 fla-

95 1487 241 1524 mineim
264 1485 327 1524 A.
375 1487 615 1523 flammineam
651 1484 726 1526 Σν.
772 1487 974 1523 flamineam
1000 1481 1335 1522 ABGEQJMN
1351 1479 1538 1520 OPHA

100 1536 167 1573 Tb
177 1536 228 1586 1⁰9
252 1549 325 1574 ma.
343 1549 400 1586 pr.
428 1550 479 1587 ps
504 1539 666 1585 triginta.
720 1537 912 1573 flaminiam
944 1538 1004 1586 qui
1038 1540 1178 1572 restant
1203 1540 1237 1571 et
1263 1539 1348 1571 uett.
1375 1533 1428 1570 ed.

149 1590 211 1624 28.
238 1600 339 1636 pose.
365 1588 490 1637 spinea
511 1589 573 1625 40.
611 1600 712 1637 posc.
740 1589 864 1624 laurea
880 1590 917 1624 7.
1022 1588 1084 1622 29.
1110 1586 1205 1622 Den.
1226 1585 1396 1636 quicquid
1421 1583 1457 1621 id
1485 1590 1539 1621 est

98 1640 163 1675 23.
203 1649 275 1686 quo
301 1645 449 1686 pectora
476 1639 596 1675 BGm
618 1641 676 1675 58
697 1643 842 1688 septem.
883 1650 955 1688 quo
981 1643 1147 1687 tempora
1167 1636 1249 1673 duo.
1291 1638 1437 1685 pientur
1466 1635 1538 1672 Gm

99 1688 124 1725 5
151 1689 314 1736 quinque.
355 1688 504 1736 piabant
528 1700 564 1736 9.
602 1689 745 1737 piamur
771 1692 819 1724 10
830 1690 889 1725 27.
930 1689 1049 1738 pietur
1075 1690 1111 1724 8.
1153 1687 1396 1736 quodcunque
1423 1688 1475 1722 D.

151 1740 212 1773 30.
240 1743 329 1786 aput
354 1740 402 1773 D.
443 1739 540 1786 apud
566 1740 731 1787 antiquos
758 1738 792 1775 b.
835 1738 981 1774 habebit
1006 1740 1050 1774 E.
1151 1741 1211 1774 31.
1237 1737 1352 1772 dictus
1378 1735 1472 1772 festa
1500 1732 1540 1771 Φ

100 1791 182 1825 test.
208 1789 336 1824 Heius.
383 1793 501 1824 sectus
526 1800 562 1824 m
585 1800 660 1824 nia.
683 1800 740 1837 pr.
787 1795 958 1836 sectaque
983 1788 1079 1837 pelle
1105 1789 1141 1824 Ε
1165 1799 1239 1824 ma.
1258 1798 1314 1835 pr.
1353 1792 1451 1822 secta
1477 1785 1539 1834 qui

103 1841 155 1876 D.
196 1837 294 1887 quod
318 1837 342 1874 h
360 1837 442 1881 duo,
469 1841 554 1874 uett.
575 1837 630 1873 ed.
668 1850 739 1886 quo
757 1841 816 1873 33.
857 1850 928 1886 qua
948 1841 1009 1873 11.
1048 1849 1195 1886 quoque
1221 1836 1304 1873 duo.
1342 1836 1439 1885 pelle
1463 1835 1541 1872 leo-

101 1889 157 1926 nis
182 1889 219 1925 A
237 1899 310 1924 ma.
331 1900 389 1937 pr.
416 1890 479 1926 41.
590 1890 652 1923 32.
680 1888 790 1937 piam.
820 1886 928 1924 habet
953 1887 988 1924 h.
1100 1890 1162 1924 33.
1187 1886 1374 1936 placandis
1399 1885 1433 1925 b.
1473 1897 1541 1936 pa-

103 1939 192 1976 catis
217 1934 311 1975 AA
336 1942 480 1987 septem.
520 1938 677 1988 paccatis
707 1935 760 1974 Φ.
805 1944 917 1987 temp.
944 1938 1050 1987 plura
1078 1936 1140 1974 Tb
1164 1949 1237 1973 ma.
1253 1948 1310 1986 pr.
1335 1949 1384 1974 m.
1426 1942 1539 1986 temp.

102 1988 256 2040 pulchra
281 1991 340 2025 M.
451 1989 511 2025 34.
553 1989 650 2024 Tum
677 2000 757 2024 cum
788 1989 817 2025 G
831 1990 927 2034 (test.
950 1989 1081 2034 Gron.)
1098 1986 1187 2024 Am
1212 1990 1375 2036 quinque.
1478 1988 1541 2026 35.

103 2043 179 2084 Ita,
205 2039 432 2089 purgamina,
458 2039 580 2075 AGE
600 2051 675 2075 ma.
692 2051 748 2087 pr.
781 2036 982 2075 ‹DAMm
1000 2041 1023 2074 8
1049 2038 1177 2075 decem.
1216 2039 1429 2088 purgamine
1454 2037 1542 2075 reli-

104 2092 178 2139 qui.
229 2090 330 2126 nefas
357 2101 575 2138 causamque
599 2089 685 2125 mali
716 2090 928 2138 purgamine
953 2096 1066 2126 totam
1091 2087 1124 2125 b.
1251 2091 1310 2125 37.
1346 2100 1465 2125 mores
1491 2100 1541 2124 m.

102 2139 211 2177 moris
236 2139 305 2175 fuit
333 2135 374 2175 Φ
390 2141 440 2175 47
464 2144 542 2176 octo
568 2141 693 2176 Heius.
721 2139 868 2176 totidem
897 2138 990 2186 Giof.
1019 2143 1052 2176 et
1076 2143 1163 2176 uett.
1187 2138 1242 2175 ed.
1346 2142 1407 2176 38.
1441 2139 1542 2174 Tur·

102 2191 166 2241 pia
190 2186 248 2226 Π.
285 2190 378 2239 Imp.
407 2196 581 2239 purgatos
606 2188 640 2225 b.
679 2189 778 2226 facta
804 2196 935 2239 putant
958 2202 995 2226 'm
1017 2192 1135 2226 1033.
1237 2190 1298 2226 39.
1325 2188 1544 2226 Auctor-iden

101 2240 133 2288 f.
173 2241 406 2277 Auctor-idem
436 2238 474 2276 E
480 2236 676 2277 MPHA
683 2237 721 2275 Σ
729 2239 762 2278 b.
805 2242 939 2276 Auctor
963 2240 1057 2276 idem
1076 2240 1160 2284 Ar;
1184 2252 1208 2288 p
1228 2251 1309 2276 aar.
1327 2251 1399 2276 scr.
1433 2241 1543 2276 Acto-

103 2290 217 2328 ridem
243 2293 280 2327 D
296 2293 331 2327 Τ
338 2302 361 2339 9
371 2303 408 2339 p.
445 2292 555 2327 Actor
579 2290 675 2327 idem
701 2292 743 2327 N
753 2294 786 2327 et
805 2291 836 2327 0
862 2302 944 2327 ναν.
959 2302 1029 2328 scr.
1068 2293 1203 2326 Auctor
1227 2291 1320 2326 inest
1345 2290 1470 2339 peleus
1488 2287 1542 2326 (D.

104 2341 210 2391 pelea
234 2341 355 2377 fratris
376 2342 439 2378 29.
481 2338 558 2378 foci
580 2343 658 2377 Dr.
761 2343 822 2378 40.
860 2340 1093 2377 haemonidas
1119 2343 1164 2378 Z.
1202 2339 1368 2377 haemon.
1391 2340 1480 2377 lauit
1503 2340 1541 2377 h.

106 2402 200 2440 aqua
230 2390 326 2428 ΟΛ.
443 2393 506 2429 42.
542 2391 708 2440 inmerita
731 2394 777 2429 E.
826 2391 1038 2428 immeritam
1063 2387 1124 2427 A.
1167 2390 1270 2440 phas.
1294 2391 1384 2427 iuuit
1413 2391 1443 2427 G
1458 2388 1542 2428 ³1⁸8
1603 2392 1613 2400 Χ

107 2445 204 2487 octo;
235 2439 300 2479 OEt
323 2453 405 2479 utar.
424 2453 494 2479 scr.
533 2433 636 2478 u‘ouit
662 2444 709 2478 B.
746 2442 853 2478 soluit
878 2441 960 2479 duo.
1001 2442 1079 2477 fou.
1106 2452 1200 2490 aqua
1224 2452 1246 2478 r
1268 2452 1350 2477 aar.
1368 2452 1439 2478 scr.

159 2493 219 2528 43.
245 2492 507 2542 Anphioraides
530 2494 580 2540 D.
615 2491 888 2541 Amphioraides
913 2495 950 2529 3.
989 2490 1258 2540 Amphiariades
1284 2489 1354 2539 (119
1377 2493 1540 2540 quinque.

111 2540 386 2589 Amphiareades
410 2554 458 2580 m.
503 2541 776 2591 Amphiaritides
808 2542 846 2578 G.
884 2541 1178 2591 Amphiaraiades
1202 2539 1343 2579 BAN
1356 2539 1541 2590 ΨΤῘρε.

111 2591 362 2630 Amfiaraiades
387 2605 420 2631 r.
457 2592 781 2642 Amphitrianiades
802 2589 849 2629 Σ.
893 2591 1188 2642 Amphitiraiades
1213 2591 1235 2628 b
1257 2603 1333 2629 ma.
1353 2603 1409 2642 pr.
1454 2594 1543 2627 Am·

112 2639 332 2689 phiararides
356 2642 378 2679 b
402 2654 478 2681 nm.
494 2655 563 2681 sec.
599 2642 883 2693 ,Amphiaraidas
907 2644 943 2680 in
968 2648 1172 2693 naopactoo
1195 2641 1234 2683 ἢ.
1285 2647 1470 2693 naupatoo
1502 2641 1541 2680 G.
