1685 2954
148 201 200 230 ω,
640 199 696 228 nn
726 199 845 229 Locrs
877 201 1108 232 RELIGIOSIS

150 297 306 350 posthae
331 299 468 336 sactum
495 304 573 347 est,
610 304 650 336 ut
685 298 830 349 quidam
865 302 992 338 mirum
1020 308 1194 352 quantum
1228 314 1338 352 supra
1363 301 1597 342 Niebuhrium

146 362 216 399 sibi
245 373 375 411 sapere
402 360 613 398 uiderentur
639 361 694 406 (in
712 361 910 400 Petersenii
932 365 1054 400 nescio
1074 377 1146 414 quo
1172 362 1294 401 libello
1319 365 1438 401 statim
1461 365 1507 402 ab
1532 366 1598 403 ini-

150 423 201 460 tio
229 423 263 459 id
291 422 381 471 legi)
410 423 550 472 sibique
575 422 621 459 de
646 435 713 459 suo
738 422 931 461 Reiskiauo
959 426 1157 476 exemplari
1188 426 1476 476 gratularentur3
1511 426 1599 464 Nie-

149 483 320 520 buhrium
346 484 479 520 etenim
515 485 607 521 miro
642 496 768 522 errore
793 486 906 522 uerba
932 486 1096 524 Fabiana
1121 488 1219 537 apud
1246 488 1432 525 Reiskium
1458 501 1497 538 p.
1510 489 1600 536 205,

149 546 211 582 lin.
236 548 260 580 2
288 544 456 582 habuisse
481 558 549 595 pro
575 546 802 594 Dionysianis
829 545 913 582 hist.
940 547 1012 584 Ro.
1042 553 1077 596 1,
1105 561 1143 598 p.
1162 551 1235 585 283
1267 561 1353 586 ann.
1374 551 1461 587 679.
1514 550 1600 587 Non

152 606 298 642 memini
316 607 514 643 cuiusmodi
542 606 679 656 reliqua
700 607 824 643 sintin
849 620 892 643 eo
915 608 1055 646 libello:
1082 610 1172 647 istoc
1198 611 1383 648 exordium
1410 611 1600 656 ludicrum,

149 666 248 717 quod
276 669 420 704 memini
449 667 598 717 probari
625 680 647 704 a
672 668 903 717 quibusdam,
932 669 1048 706 obiter
1072 671 1129 707 hic
1151 671 1342 722 redarguo.
1386 674 1508 710 Verba
1532 674 1601 710 ista

150 727 330 774 παλαιᾶς
356 725 546 778 ἐργασίας
581 730 650 766 iam
687 742 759 766 non
793 736 878 765 sunt
903 730 1009 766 Fabii
1034 731 1205 769 Pictoris:
1244 746 1326 770 nam
1362 734 1508 783 uiginti,
1542 734 1601 771 uel

151 803 331 828 summum
366 791 512 840 triginta
547 792 649 827 annis
676 796 761 826 ante
787 789 884 825 hunc
911 797 1035 828 natum
1060 794 1288 830 simulacrum
1315 794 1402 831 illud
1429 795 1539 844 lupae
1564 801 1602 831 et

151 852 375 901 geminorum
402 853 561 902 positum
587 859 642 888 est
670 851 716 888 ad
742 850 850 887 ficum
876 851 1107 890 Ruminalem
1133 861 1226 892 teste
1250 856 1356 892 Liuio
1383 858 1445 903 10,
1467 859 1516 892 23
1536 856 1600 894 fin.

151 912 230 950 Nisi
257 914 336 963 quis
362 913 459 951 sorte
476 914 653 951 Bunsenii
677 914 892 950 auctoritate
919 915 1113 951 contendet
1138 915 1244 953 ficum
1263 917 1492 953 Ruminalem
1518 929 1602 954 nus-

150 987 259 1025 quam
297 976 365 1011 nisi
399 977 435 1012 in
466 975 548 1012 foro
584 975 716 1012 fuisse:
756 975 847 1012 haec
883 976 977 1011 enim
1012 977 1126 1013 uerba
1152 978 1229 1014 eius
1256 978 1325 1013 uiri
1350 978 1401 1014 ill.
1430 979 1604 1027 leguntur

150 1048 235 1072 ann.
262 1038 302 1084 8,
331 1049 367 1086 p.
386 1037 479 1073 249:
508 1040 532 1074 ὰ
558 1039 633 1074 cote
659 1036 701 1074 ‹le
729 1049 765 1074 ce
790 1035 919 1085 fiytzier
944 1042 977 1073 et
1003 1049 1053 1074 au
1077 1036 1202 1084 forum
1230 1050 1363 1076 comme
1388 1037 1419 1076 le
1444 1038 1496 1077 dit
1521 1051 1604 1077 ea·-

148 1099 428 1147 pressement
463 1100 543 1135 Tite
575 1100 687 1143 Live,
729 1098 780 1135 les
813 1098 931 1145 freres
959 1098 1105 1147 O9ulnli
1139 1100 1323 1149 placerent
1356 1100 1394 1137 la
1430 1100 1532 1138 louve
1562 1100 1605 1138 cle

153 1157 298 1196 bronze.
353 1159 420 1195 Hic
445 1172 613 1210 quoque,
652 1167 691 1196 ut
723 1173 835 1210 supra
860 1173 898 1210 p.
916 1172 1024 1205 cxx,
1059 1161 1241 1210 suspendo
1268 1162 1458 1199 iudicium:
1495 1162 1604 1199 credo

152 1221 268 1269 magis
293 1220 389 1257 Liuii
415 1221 557 1258 codices
587 1222 687 1258 innui
722 1223 919 1271 exemplari
952 1235 1032 1258 meo
1067 1223 1259 1260 auctiores.
1310 1223 1385 1260 Sed
1421 1230 1541 1259 tamen
1568 1224 1604 1259 in

151 1284 275 1319 monte
301 1282 470 1319 Palatino
492 1282 610 1319 Varro
637 1296 784 1333 quoque
810 1283 857 1320 de
879 1284 903 1320 l.
922 1284 946 1320 l.
978 1283 1016 1330 5,
1040 1284 1090 1318 54
1114 1283 1222 1321 ficum
1249 1285 1479 1321 Ruminalem
1516 1285 1604 1321 scri-

152 1343 247 1394 psit:
274 1344 372 1394 quod
401 1345 642 1381 testimonium
669 1346 698 1382 si
724 1345 819 1382 sorte
838 1345 1041 1381 Bunsenius
1061 1357 1106 1380 ex
1126 1358 1190 1381 sua
1214 1347 1345 1382 comitii
1365 1346 1606 1395 descriptione

153 1405 464 1455 interpretabitur,
492 1419 563 1443 non
591 1414 646 1443 est
671 1407 776 1443 huius
802 1407 872 1443 loci
893 1407 1109 1442 sententiam
1129 1406 1250 1443 dicere
1269 1407 1315 1443 de
1336 1418 1395 1453 eo,
1425 1418 1511 1441 num
1531 1406 1606 1442 Ca-

152 1466 326 1517 pitolino,
360 1479 407 1504 an
434 1467 600 1505 Palatino
634 1469 747 1505 monti
784 1469 934 1519 propius
974 1468 1009 1504 id
1043 1468 1155 1504 fuisse
1187 1474 1325 1517 putem.
1378 1467 1514 1504 Verum
1541 1467 1607 1504 ali-

155 1535 294 1579 quanto
319 1530 485 1567 disertius
513 1530 666 1567 Seruius
693 1530 738 1567 ad
768 1533 856 1567 Aen.
885 1532 924 1577 8,
951 1531 1021 1566 90:
1056 1527 1146 1576 ficus
1172 1529 1398 1577 Ruminalis,
1425 1529 1474 1566 ad
1499 1541 1608 1578 quam

155 1593 253 1629 eiecti
278 1597 364 1628 suut
389 1595 528 1629 Remus
552 1597 586 1629 et
612 1592 810 1637 Romulus,
838 1603 931 1641 quae
955 1590 1050 1639 fuit,
1078 1591 1139 1628 ubi
1164 1603 1260 1629 nunc
1285 1596 1338 1628 est
1361 1591 1546 1641 Lupercal
1569 1593 1609 1628 in

161 1652 278 1690 Girco.
330 1654 438 1690 Hunc
464 1660 587 1691 tamen
615 1661 801 1691 auctorem
829 1666 900 1690 non
927 1653 1086 1703 probare
1120 1653 1280 1703 intelligo
1307 1655 1526 1690 recentiores
1551 1659 1609 1690 to-

156 1714 379 1765 pographos.
433 1716 533 1766 Ergo
559 1717 637 1766 ipse
663 1716 799 1753 Plinius
825 1727 863 1752 n.
889 1713 926 1751 h.
954 1715 1016 1762 15,
1038 1716 1098 1758 18,
1125 1716 1148 1761 ς
1171 1716 1241 1763 77,
1276 1716 1338 1765 qui
1369 1727 1451 1751 cum
1477 1714 1610 1751 Tacito

155 1786 243 1811 ann.
264 1779 310 1812 13
338 1783 432 1817 extr.
458 1791 587 1828 reapse
619 1783 775 1815 testatur
811 1777 848 1813 in
875 1777 1019 1812 comitio
1048 1776 1191 1812 etiam
1217 1776 1327 1813 fuisse
1351 1776 1460 1812 ficum
1482 1775 1610 1813 Rumi-

156 1836 292 1885 nalem,
318 1843 439 1875 tamen
465 1840 514 1875 ita
541 1840 596 1876 ob
623 1839 892 1875 memoriam
920 1837 1067 1873 alterius
1095 1837 1300 1873 uetustioris
1326 1837 1547 1886 appellatam
1573 1843 1611 1874 et

156 1898 393 1936 transisse
418 1902 540 1949 putari
567 1900 673 1948 dicit,
700 1900 809 1948 igitur
835 1896 995 1945 aliunde,
1024 1897 1088 1933 nisi
1114 1896 1239 1943 fallor,
1266 1910 1287 1934 e
1313 1897 1528 1948 Lupercali:
1563 1899 1611 1935 ibi

157 1962 188 1997 si
214 1961 323 1997 arbor
350 1961 449 1997 nulla
474 1962 542 1998 fuit
566 1961 729 2010 Dionysii
756 1966 900 2007 aetate,
933 1959 1018 1996 inde
1043 1959 1216 1996 docemur
1241 1960 1334 1996 Liuii
1359 1960 1472 1996 uerba
1501 1963 1538 2008 l,
1564 1962 1610 1997 4:

159 2022 221 2059 ubi
244 2035 340 2060 oeuaenc
365 2021 457 2070 ficus
476 2022 689 2060 Ruminalis
714 2028 767 2060 est
792 2029 830 2059 et
848 2021 972 2059 Ouidii
995 2033 1031 2056 u·
1047 2022 1143 2057 411:
1170 2025 1356 2058 remanent
1379 2022 1534 2070 uestigia
1557 2022 1613 2058 in-

160 2085 358 2134 telligenda
393 2097 472 2122 esse
506 2084 553 2121 de
580 2086 659 2134 ipso
687 2085 830 2122 nomine
856 2084 926 2120 loci
953 2083 1109 2130 religiosi
1137 2083 1330 2119 simulacro
1354 2083 1429 2121 sillo
1455 2083 1612 2131 indicati,

161 2147 259 2197 quod
294 2146 412 2183 adhuc
449 2158 642 2196 superesse
675 2146 871 2183 affirmauit
897 2143 1118 2180 Niebuhrius
1144 2144 1180 2180 h.
1210 2145 1257 2181 R.
1287 2148 1324 2191 1,
1350 2146 1438 2180 232.
1491 2144 1613 2181 Facile

162 2209 416 2257 cognoscitur,
453 2221 519 2244 cur
544 2208 644 2244 Festi
678 2209 797 2245 locum
823 2218 934 2257 supra
961 2218 1027 2255 pro
1054 2204 1101 2241 fr.
1129 2209 1152 2240 2
1179 2207 1338 2255 positum
1365 2205 1435 2241 alio
1462 2205 1612 2255 supple-

164 2277 288 2306 mento
315 2271 393 2307 iure
418 2281 500 2306 meo
526 2269 768 2316 instruxerim,
795 2275 905 2319 atque
931 2267 1029 2318 quod
1057 2267 1102 2303 ab
1126 2266 1256 2301 Vrsiuo
1283 2266 1524 2315 excogitatum
1550 2278 1613 2303 ex-

164 2331 321 2381 plicatur
340 2344 361 2367 a
383 2344 419 2368 u.
443 2333 489 2368 cl.
512 2332 702 2369 Muellero.
748 2331 855 2367 Ficus
874 2330 1074 2367 Ruminalis
1101 2327 1318 2365 mentionem
1347 2328 1454 2364 etiam
1479 2326 1612 2364 factam

165 2404 188 2429 a
223 2393 391 2430 Varrone
425 2394 461 2429 in
495 2394 717 2430 scenicarum
754 2393 931 2441 originum
968 2392 1059 2428 libro
1095 2391 1210 2440 primo
1245 2395 1398 2426 testatur
1430 2388 1613 2426 Charisius

166 2466 206 2504 p.
224 2456 294 2489 103
314 2453 354 2490 P.
408 2455 520 2492 Cuius
546 2453 607 2491 illa
635 2455 680 2491 sit
705 2455 780 2491 eius
809 2454 960 2490 nominis
985 2452 1258 2502 interpretatio,
1285 2463 1357 2501 qua
1383 2451 1508 2487 Liuius
1534 2451 1613 2488 loco

165 2514 242 2553 ind.
271 2520 308 2551 et
336 2514 489 2553 Ouidius
516 2517 571 2553 usi
607 2522 713 2563 sunt,
751 2528 823 2552 non
859 2515 1017 2552 inuenio.
1072 2514 1234 2563 Expulsa
1270 2519 1324 2549 est
1358 2524 1402 2549 ex
1436 2525 1479 2549 eo
1508 2524 1615 2549 uersu

170 2576 348 2626 scriptura
375 2576 537 2614 codicum
565 2585 813 2628 suspectorum
835 2577 1036 2625 eademque
1061 2577 1266 2613 coniectura
1283 2574 1473 2623 Scaligeri,
1499 2574 1617 2611 forma

170 2638 340 2685 nominis,
366 2649 475 2687 quam
502 2645 649 2688 praeter
675 2640 806 2676 aetatis
833 2650 935 2686 suae,
961 2638 1070 2673 immo
1095 2638 1268 2673 sermonis
1296 2637 1394 2673 latini
1421 2648 1523 2672 usum
1549 2647 1616 2672 no-

170 2710 261 2736 uare
286 2698 356 2735 hoc
382 2699 418 2734 in
444 2699 525 2736 loco
551 2713 624 2737 non
646 2701 778 2737 licebat
803 2707 935 2751 poetae
959 2711 1041 2736 meo
1068 2697 1209 2734 iudicio.
1253 2698 1310 2734 De
1337 2709 1379 2734 ec
1403 2709 1536 2748 genere
1560 2697 1617 2734 lo-

172 2759 322 2812 quendi,
348 2760 447 2811 quod
472 2761 612 2810 reduxi,
642 2763 726 2799 olim
752 2767 963 2799 annotatum
995 2766 1050 2798 est
1075 2759 1122 2797 ad
1147 2759 1224 2797 Ibin
1251 2773 1286 2798 u.
1300 2761 1364 2797 48.
