1685 2954
694 110 881 142 ”ARTIVS
1228 116 1232 117 ⁷
1435 110 1508 141 xm

61 211 284 252 discessuram
311 211 474 251 omina
497 214 627 249 nostra
652 211 764 259 πάσσε,
788 211 813 248 l.
835 223 870 250 e.
897 211 1157 250 uicissitudines
1180 209 1334 263 spondei
1358 209 1418 248 uel
1442 209 1511 248 da-

63 275 148 325 ctyli
173 275 286 325 pedis,
311 272 428 325 (quod
453 273 631 323 glossema
654 274 849 323 ascriptum
875 273 974 321 fuit,)
1001 284 1090 325 quas
1117 273 1292 311 distichon
1317 272 1448 320 sexies,
1471 277 1511 310 et

63 338 225 387 syllabae
250 335 378 386 longae
403 335 585 383 breuisue,
612 346 702 385 quas
726 342 917 384 praeterea
944 336 996 372 bis
1022 337 1190 373 admittit.
1231 333 1428 373 Octiduum
1454 339 1511 371 est

64 411 87 436 a
112 399 297 437 Feralibus
331 396 378 434 ad
408 396 596 434 Kalendas
630 397 667 434 in
702 396 828 433 tabula
854 395 1054 435 Maffeana.
1114 399 1216 435 Fasti
1241 409 1263 434 a
1287 396 1440 435 librariis
1464 407 1510 434 ex

65 459 198 499 Ouidio
221 458 381 508 excerpti
406 460 657 496 auctoritatem
684 471 756 495 non
783 457 929 494 liabent.

162 522 220 559 De
244 520 330 558 Kal.
353 520 566 558 Martiarum
590 520 689 558 feriis
714 519 784 556 alio
811 520 892 557 loco
918 519 1110 557 dicendum
1137 521 1217 558 erit.
1271 520 1418 557 Interim
1444 531 1512 570 ap-

63 596 162 635 pono
187 583 264 621 Cic.
291 582 339 619 ad
365 582 454 619 sam.
476 584 513 627 9,
533 586 604 620 22:
632 582 695 620 sed
718 582 888 620 honorem
913 581 1093 620 Kalendis
1118 583 1285 627 Martiis,
1310 581 1347 618 h.
1370 594 1404 619 e.
1430 582 1513 619 Ma-

64 645 284 693 tronalibus,
322 656 418 695 quae
450 644 550 694 apud
585 644 785 682 Varronem
819 643 1082 682 desiderantur.
1143 644 1242 681 Prid.
1278 643 1375 680 Non.
1402 643 1515 682 Mart.

62 708 192 744 mirum
219 713 293 755 est,
329 705 428 756 quod
455 706 664 743 Moreellius
692 713 729 743 et
754 707 973 743 Vaassenius
1000 718 1037 755 p.
1055 705 1130 742 285
1156 706 1299 743 titulum
1326 706 1362 742 in
1388 706 1515 743 tabula

63 767 247 806 Maffeana
273 769 468 819 ascriptum
504 769 551 806 de
576 772 740 818 Augusto
774 769 975 818 intelligere
999 767 1234 815 dubitarunt,
1268 780 1350 804 cum
1384 767 1515 805 eadem

64 842 124 867 res
158 830 287 867 eodem
323 830 404 867 loco
438 831 538 881 apud
566 830 739 868 Ouidium
774 837 812 867 et
844 830 880 866 in
914 830 1038 866 tabula
1063 828 1298 865 Praenestina
1336 829 1514 868 tradatur.

63 890 162 928 Nam
195 891 303 942 quod'
328 893 377 930 illi
412 899 449 930 et
475 893 672 943 Fogginius
697 906 735 943 p.
760 895 784 929 6
810 897 946 940 negant
967 892 1175 939 Auyustum
1210 902 1411 941 cognomen
1445 903 1516 928 un-

64 965 175 1004 quam
201 954 330 1002 omitti,
355 961 550 1006 postquam
577 956 747 992 collatum
773 954 809 991 in
836 965 919 990 eum
948 959 1004 990 est
1028 964 1152 990 mense
1177 952 1344 990 Ianuario
1369 954 1516 1003 septimi

64 1015 141 1053 eius
168 1017 399 1065 consulatus,
433 1018 609 1054 omittitur
632 1018 668 1054 in
694 1029 757 1063 re,
791 1027 886 1065 quae
917 1022 1018 1064 gesta
1044 1021 1100 1051 est
1127 1027 1251 1052 mense
1277 1016 1388 1066 Aprili
1415 1016 1516 1054 eius-

66 1077 150 1114 dem
176 1079 284 1125 anni,
309 1078 394 1116 fast.
422 1079 554 1116 Praen.
582 1078 664 1115 Vll!
691 1078 752 1115 ΚΡ
782 1077 869 1114 Mai.
923 1077 1118 1113 Caeterum
1144 1077 1214 1114 hoc
1240 1077 1325 1114 nihil
1350 1079 1514 1127 interest,

66 1146 187 1176 utrum
215 1139 301 1190 quid
328 1147 428 1188 ante,
454 1153 500 1177 an
528 1147 612 1191 post
636 1152 720 1177 eum
747 1151 882 1176 annum
908 1138 1044 1175 sactum
1071 1139 1139 1187 sit,
1165 1139 1230 1176 sed
1256 1140 1402 1189 quando
1429 1153 1516 1191 per-

64 1202 256 1250 scribatur,
285 1202 380 1248 uiuo,
407 1204 466 1240 uel
494 1209 638 1239 mortuo
664 1203 839 1250 Augusto.
892 1201 1039 1237 Mortuo
1067 1202 1180 1238 errori
1207 1203 1318 1251 magis
1345 1209 1424 1239 erat
1449 1203 1516 1239 ob-

65 1264 234 1312 noxium,
269 1265 298 1301 si
323 1265 459 1301 Caesar
485 1265 744 1314 appellaretur.
796 1264 950 1300 Factum
976 1263 1012 1300 id
1048 1270 1170 1300 tamen
1202 1270 1281 1311 est,
1316 1263 1346 1300 si
1371 1263 1407 1300 in
1434 1264 1516 1300 loco

64 1325 148 1364 fast.
176 1326 311 1365 Praen.
338 1326 496 1363 indicato
523 1326 682 1376 argutari
709 1325 829 1363 nescio
855 1324 942 1374 quid
969 1324 1107 1373 lubeat,
1134 1326 1170 1362 in
1196 1325 1297 1363 fastis
1322 1325 1518 1363 Amiterni-

65 1389 120 1426 nis
144 1388 231 1426 Kal.
258 1391 351 1439 Aug.
377 1409 429 1417 --
465 1388 582 1426 Nonis
607 1388 746 1425 Martiis
772 1388 948 1437 templum
975 1387 1148 1423 Vediouis
1175 1387 1379 1424 dedicatum
1406 1388 1516 1426 tradit

66 1450 220 1488 Ouidius
246 1457 282 1488 et
308 1451 456 1488 dubium
493 1452 553 1488 uix
587 1458 665 1499 est,
703 1451 788 1501 quin
815 1450 1014 1499 Fogginius
1047 1449 1159 1486 fastos
1185 1450 1316 1488 Praen.
1343 1450 1516 1488 seriarum

66 1514 250 1551 mentione
279 1520 380 1551 recte
404 1514 643 1564 suppleuerit.
696 1513 833 1551 Verum
860 1513 896 1548 in
932 1511 1056 1548 tabula
1081 1511 1267 1549 Maffeana
1292 1513 1433 1550 adiecta
1461 1521 1518 1552 est

67 1577 185 1614 littera
203 1575 251 1624 F,
279 1589 351 1614 non
377 1583 419 1614 ut
445 1578 532 1613 alias
554 1577 590 1613 in
610 1576 710 1613 feriis
736 1575 828 1612 solet
847 1574 934 1611 NP:
965 1586 1031 1611 nec
1053 1573 1099 1611 de
1125 1575 1338 1624 corrigenda
1363 1587 1408 1612 ea
1428 1583 1517 1614 nota

67 1638 174 1675 uelim
200 1639 367 1689 cuiquam
393 1639 428 1675 in
455 1646 613 1677 mentem
639 1637 787 1685 uenire,
823 1637 1036 1687 praesertim
1063 1649 1143 1673 cum
1172 1635 1348 1685 Ouidius,
1384 1644 1423 1674 ut
1448 1651 1518 1689 ego

67 1700 244 1749 intelligo,
270 1712 346 1737 rem
373 1701 562 1737 confirmet
587 1700 732 1738 dicens:
764 1702 847 1737 Vna
871 1705 960 1737 nota
986 1703 1039 1735 est
1063 1697 1187 1735 Marti
1213 1700 1347 1736 Nonis.
1400 1701 1518 1738 Valde

69 1763 164 1800 enim
196 1762 305 1811 friget
340 1761 427 1798 illud
453 1762 500 1797 de
525 1774 600 1799 una
626 1766 735 1810 nota,
773 1763 838 1798 nisi
872 1762 922 1799 ita
956 1761 1090 1797 dietum
1119 1767 1249 1810 putes,
1288 1768 1328 1797 ut
1354 1762 1393 1809 5,
1419 1764 1517 1800 727:

73 1825 240 1871 Quutuor
263 1822 345 1861 'inde
378 1825 474 1861 notis
500 1822 598 1860 lomes
623 1828 694 1869 est5
731 1825 770 1867 6,
796 1824 894 1859 649:
930 1822 1048 1858 Nulla
1070 1827 1160 1859 nota
1185 1827 1239 1858 est
1262 1824 1424 1860 ueniente
1447 1823 1518 1874 dia,

70 1886 132 1922 ubi
168 1892 288 1924 tamen
316 1884 455 1921 adiicit:
492 1897 601 1934 quam
627 1884 760 1922 discere
784 1885 915 1934 possis.
968 1884 1125 1921 Causam
1158 1896 1271 1933 uero,
1309 1897 1375 1922 cur
1404 1886 1519 1925 feriae

70 1946 244 1984 Vediouis
271 1959 344 1983 una
371 1954 458 1984 nota
483 1946 536 1995 F,
574 1959 646 1984 non
682 1945 848 1994 duabus,
881 1946 949 1983 NP
976 1946 1186 1995 signentur,
1223 1946 1377 1984 eandem
1411 1955 1519 1998 puto,

70 2016 182 2059 atque
211 2008 413 2045 Feralibus.
465 2008 561 2045 Nam
587 2008 750 2045 sacrificii
777 2014 932 2058 utroque
957 2007 1016 2045 die
1039 2007 1125 2044 sacti
1147 2007 1330 2057 quandam
1356 2010 1520 2047 similitu-

67 2071 190 2108 dinem
218 2070 346 2107 uideor
370 2070 456 2107 mihi
482 2069 758 2119 deprehendere
784 2082 829 2106 ex
855 2069 964 2106 Gellii
992 2070 1123 2114 uerbis,
1150 2069 1198 2107 N.
1225 2074 1267 2107 A.
1294 2071 1331 2118 5,
1363 2075 1426 2120 12,
1451 2084 1520 2110 sa-

69 2132 227 2181 crificati
255 2131 407 2170 Vediouz
428 2134 504 2169 ritu
529 2132 688 2170 humano
721 2144 883 2181 capram.
935 2132 1044 2181 Atqui
1078 2131 1275 2169 lmmanum
1300 2132 1520 2181 sacrificinm

68 2195 205 2233 Paulus
229 2194 333 2231 Diae.
361 2207 401 2245 p.
417 2196 489 2230 103
516 2194 642 2231 Muell.
669 2194 755 2231 dicit
780 2205 876 2242 esse,
903 2193 1000 2243 quod
1028 2193 1159 2229 mortui
1185 2205 1293 2230 causa
1319 2194 1441 2232 fiebat.
1469 2216 1521 2228 -2

69 2258 156 2296 idus
179 2258 290 2295 Mart.
317 2269 399 2293 cum
425 2256 496 2293 Dio
521 2257 586 2305 47,
612 2257 660 2292 18
693 2248 846 2305 ἡμέραν
874 2250 1097 2306 ἀποφράδα
1131 2268 1176 2292 ex
1210 2255 1329 2292 edicto
1355 2257 1521 2294 triumui-

12 2346 14 2348 ·
70 2333 194 2358 rorum
219 2320 335 2356 factas
361 2325 509 2367 narrat,
537 2318 652 2357 uoluit
678 2317 827 2367 intelligi
851 2313 1028 2367 μιαράν,
1054 2318 1259 2367 religiosum
1281 2318 1359 2354 siue
1385 2325 1519 2366 atrum,

16 2385 19 2389 “
70 2391 111 2420 ut
136 2383 311 2422 existimo.
363 2381 404 2418 In
431 2381 556 2418 tabula
574 2378 684 2417 Mafi‘.
712 2380 800 2417 nihil
826 2387 881 2417 est
908 2380 1080 2417 eiusmodi
1107 2385 1344 2427 annotatum,
1380 2380 1439 2417 uel
1466 2381 1520 2416 iu÷

71 2444 252 2489 dicatum,
279 2454 370 2490 nec,
396 2443 425 2479 si
450 2442 599 2491 suisset,
628 2441 762 2480 Ouidio
789 2443 942 2480 liberum
970 2450 1049 2480 erat
1075 2442 1295 2492 praeterire,
1323 2454 1368 2478 an
1395 2443 1521 2478 memi-

71 2507 179 2554 nisse,
206 2511 316 2555 prout
340 2504 530 2554 significat.
581 2504 743 2542 Litterae
765 2505 831 2541 NP
852 2506 961 2555 igitur
987 2506 1169 2554 pertinent
1195 2503 1242 2540 ad
1267 2504 1376 2540 serias
1393 2505 1521 2540 Annae

72 2566 263 2604 Perennae
296 2567 356 2604 uia
389 2567 568 2608 Flaminia
602 2567 649 2603 ad
686 2566 844 2617 lapidem
878 2567 1060 2616 primum,
1096 2566 1148 2603 uti
1184 2573 1239 2603 est
1272 2566 1308 2602 in
1344 2566 1520 2602 Vaticano

73 2628 289 2677 fragmento.
341 2631 542 2679 Argeorum
569 2642 717 2680 quoque
752 2627 867 2677 sacri,
902 2627 1001 2678 quod
1037 2628 1201 2678 proxime
1232 2627 1396 2677 sequitur
1422 2625 1522 2677 apud

75 2689 271 2740 Ouidium,
299 2697 336 2732 et
361 2691 543 2734 Saliorum
571 2692 809 2740 cerimoniae,
836 2703 944 2742 quam
972 2689 1161 2740 quinquies
1186 2689 1257 2728 hoc
1281 2700 1404 2728 mense
1430 2699 1521 2724 con÷
