1685 2954
34 104 41 154 i
81 152 83 155 .

29 530 36 554 „—
27 347 38 499 moa-..v
30 327 34 339 -ἡ

696 58 761 85 ΛΡ.
793 56 977 87 ΟνΙΠῙνΜ
1465 55 1572 85 LXIII

129 161 333 199 Cremeram
354 157 458 197 Fabii
482 158 590 200 caesi,
618 168 688 204 quo
713 155 839 192 deinde
864 155 915 192 ad
932 156 1073 193 Alliam
1099 167 1179 194 cnm
1204 155 1314 193 exitio
1339 153 1445 191 Vrbis
1469 155 1572 202 foede

122 227 347 272 puynatmn,
373 233 399 258 a
422 219 616 268 posteriore
643 216 745 254 clade
768 217 963 254 Alliensem
990 218 1234 267 appellarunt.
1284 217 1468 254 Plutarch.
1495 219 1573 256 Ca-

123 282 211 320 mill.
238 295 269 318 c.
296 285 361 319 19:
395 274 569 329 Ἐγένετο
609 275 652 315 δὲ
684 272 710 327 ἡ
737 275 849 327 μάχη
884 275 970 329 περὶ
1003 275 1157 328 τροπὰς
1184 275 1351 328 θερινὰς
1383 275 1472 327 περὶ
1499 275 1573 328 τὴν

125 339 388 392 πανσέληνον,
414 330 440 391 ᾖ
467 337 534 376 καὶ
562 334 757 389 πρότερον
784 333 916 391 ἡμέρᾳ
940 334 1042 388 μέγα
1070 335 1207 383 πάθος
1234 336 1382 389 συνέβη
1409 337 1454 378 τὸ
1483 339 1574 391 περὶ

125 401 219 449 τούς
250 400 442 452 Φαβίους.
488 403 618 439 Tacit.
647 403 728 439 hist.
763 406 802 449 2,
829 403 901 437 913
927 400 1020 438 diem
1047 413 1083 437 α.
1111 400 1145 436 d.
1173 404 1251 437 XV
1274 402 1365 439 Kal.
1391 404 1486 452 Any.
1513 406 1574 441 in-

125 466 293 514 faustam
322 466 540 502 Cremerensi
570 464 791 512 Alliensique
822 461 998 499 cladibus.
1060 463 1161 498 Haec
1196 463 1339 501 fluxisse
1373 476 1419 501 ex
1453 477 1577 503 errore

126 529 220 566 Liuii
245 529 279 564 in
308 527 427 563 uerbis
455 526 568 563 Cassii
596 526 792 572 Heminae,
820 536 914 574 quae
941 524 1074 573 allegat
1099 524 1213 563 Macr.
1242 529 1278 573 l,
1307 527 1372 562 163
1415 528 1458 572 Q.
1486 527 1578 564 Sul-

125 593 256 640 picium
282 588 364 626 trib.
393 586 468 624 mil.
496 586 546 624 ad
571 587 712 624 Alliam
738 585 917 623 aduersus
946 585 1077 623 Gallos
1101 591 1349 634 puynatnrum
1372 600 1448 624 rem
1474 589 1579 626 dini-

124 663 213 689 nam
238 649 436 687 dimicandi
460 650 585 698 gratia
611 648 739 696 fecisse
764 647 917 697 posti-id.
943 647 1001 684 Id.
1035 649 1174 694 Quint„
1202 651 1284 685 item
1309 649 1409 697 apud
1435 651 1580 688 Creme-

124 724 208 750 ram
232 712 423 760 mentitisque
449 711 535 748 aliis
560 710 779 760 temporibus
812 715 846 746 et
882 710 970 747 locis
1004 714 1086 758 post
1109 709 1330 757 sacrificium
1355 710 1412 747 die
1435 717 1579 761 postero

126 773 342 812 celebratum
365 773 461 810 male
487 775 634 810 cessisse
661 771 878 820 conflictum,
904 771 941 808 id
971 771 1101 807 durum
1126 779 1180 808 est
1206 772 1355 809 credere
1378 774 1578 812 Vaassenio

125 849 164 886 p.
179 836 255 874 204
273 835 480 873 affirmanti.
517 835 715 884 Vulgarem
735 835 939 884 opinionem
959 835 1163 882 putauerim
1182 834 1295 882 illam,
1324 846 1433 883 quam
1457 844 1579 874 tamen

126 898 240 934 multo
269 899 385 934 minus
404 898 592 947 probabile
611 903 665 933 est
688 896 859 933 Ouidium
885 895 1054 944 ignorare
1075 897 1247 944 potuisse,
1275 908 1369 946 quac
1388 897 1581 936 Niebuhrii

127 966 183 997 est
218 960 398 997 sententia
435 959 516 997 hist.
543 959 614 995 Ro.
642 962 681 1004 2,
706 971 745 1007 p.
758 961 857 1004 222,
895 969 974 992 cum
1003 958 1207 1007 suspicatur
1233 970 1305 994 non
1334 959 1508 997 discretos
1533 962 1582 997 ab

129 1033 173 1059 eo
199 1021 275 1058 dies
301 1023 416 1058 exitus
435 1027 471 1057 et
496 1021 663 1057 interitus
687 1019 896 1056 Fabiorum.
938 1019 1066 1062 Quare
1090 1020 1140 1055 ita
1166 1021 1297 1067 sentio,
1325 1027 1389 1058 aut
1415 1021 1584 1060 babuisse

129 1083 304 1120 Ouidium
330 1095 437 1133 quem
463 1088 680 1131 sequeretur
702 1083 738 1117 in
764 1093 831 1118 sua
851 1080 1030 1117 sententia
1056 1079 1226 1117 idoneum
1255 1082 1411 1131 aliquem
1438 1090 1583 1133 testem,

129 1151 167 1181 et
190 1145 359 1182 maluisse
384 1145 481 1182 hanc
507 1143 646 1180 cladem
674 1143 744 1179 hoc
770 1143 875 1190 loco,
903 1154 1012 1191 quam
1041 1148 1233 1191 utramque
1260 1144 1434 1186 Quinctili
1459 1158 1585 1185 mense

128 1218 301 1255 narrare,
338 1213 402 1243 aut
435 1217 566 1243 reuera
592 1217 664 1241 non
700 1204 746 1241 de
782 1203 842 1240 die
877 1216 949 1253 quo
975 1204 1173 1253 perierint,
1208 1204 1273 1240 sed
1311 1218 1384 1254 quo
1416 1210 1584 1258 exierint,

127 1269 324 1318 scripsisse.
376 1268 469 1304 Vtut
502 1274 581 1315 est,
619 1265 729 1303 credo
766 1265 812 1301 de
847 1265 916 1302 hac
944 1265 1176 1315 expeditione
1203 1265 1251 1309 Q.
1279 1266 1434 1304 Fabium
1461 1270 1584 1308 Picto-

129 1344 204 1368 rem
230 1332 268 1368 in
295 1330 484 1367 annalibus
512 1329 741 1379 exposuisse,
769 1327 843 1364 uid.
872 1327 981 1364 Nieb.
1002 1331 1042 1375 2,
1069 1340 1106 1377 p.
1128 1329 1167 1374 9,
1204 1334 1242 1364 et
1268 1340 1350 1365 cum
1377 1329 1512 1381 duplex
1538 1334 1586 1371 de

130 1404 175 1430 ea
199 1393 373 1429 memoria
400 1391 533 1428 tradita
558 1391 692 1438 suerit,
725 1391 833 1426 Dion.
864 1390 946 1427 Hal.
975 1392 1012 1435 9,
1030 1392 1109 1436 Ἰ8,
1147 1389 1250 1425 Fabii
1285 1394 1522 1440 copiosiorem
1548 1404 1588 1434 et

130 1454 377 1504 gloriosiorem
412 1453 657 1490 narrationem
692 1452 826 1499 fuisse,
865 1464 945 1488 eam
979 1451 1084 1497 dico,
1121 1464 1232 1501 quam
1257 1452 1450 1501 Dionysius
1477 1469 1507 1496 c,
1536 1461 1584 1494 21

130 1523 225 1553 extr.
252 1510 466 1564 πιςοτέραν
504 1514 694 1564 perbibet,
733 1525 901 1563 quaeque
936 1527 1017 1550 cum
1046 1512 1228 1551 Ouidiana
1264 1518 1459 1565 conspirat.
1510 1519 1588 1556 Iam

130 1590 220 1615 uero
249 1578 342 1614 illius
369 1577 545 1613 ubertatis
572 1577 608 1612 in
636 1588 675 1612 re
694 1576 873 1625 gentilicia
899 1583 978 1612 erat
1005 1576 1100 1612 diem
1124 1578 1243 1625 ipsum
1269 1583 1307 1613 et
1332 1590 1492 1616 mensem
1520 1594 1588 1618 no-

131 1640 224 1688 tari,
258 1639 356 1689 quod
390 1645 427 1675 et
461 1639 547 1674 alias
574 1638 729 1674 Fabium
755 1637 937 1674 Pictorem
974 1637 1102 1674 secisse
1136 1638 1268 1674 scimus
1302 1651 1347 1676 ex
1372 1641 1588 1690 Plutarcho,

131 1701 240 1737 Rom.
267 1701 316 1735 14
342 1700 419 1737 init.
466 1700 592 1736 Fuerit
627 1701 734 1749 igitur
772 1699 842 1735 hoc
874 1711 1016 1735 sacrum
1055 1700 1101 1735 ab
1139 1698 1274 1737 Ouidio
1311 1714 1355 1738 ex
1391 1703 1588 1741 annalibus

132 1763 264 1810 priscis
288 1768 446 1798 erutum.
497 1760 554 1796 Ad
581 1761 856 1797 Cremerensem
884 1761 1023 1797 cladem
1051 1768 1196 1808 tamen,
1229 1775 1302 1799 non
1329 1764 1374 1799 ad
1403 1777 1588 1813 egressum

133 1822 332 1859 Fabiorum
350 1821 485 1868 refero,
507 1834 579 1858 non
601 1834 673 1871 quo
693 1822 864 1858 historiae
885 1823 1016 1858 rectius
1038 1823 1261 1870 consulatur,
1281 1825 1589 1873 quemadmodum

133 1884 353 1921 Vaassenius
380 1883 564 1933 disputat,
600 1884 684 1933 quia
712 1884 872 1932 quinque
898 1885 1076 1920 mensium
1109 1885 1268 1933 spatium
1297 1887 1404 1922 rebus
1431 1890 1539 1937 gestis
1565 1902 1588 1926 a

133 1943 308 1993 Dionysio
343 1945 483 1982 traditis
520 1945 646 1980 melius
682 1946 898 1993 conueniat,
935 1958 1045 1995 quam
1082 1946 1286 1995 quindecim
1324 1947 1482 1998 dierum3
1520 1952 1590 1989 ista

135 2006 231 2042 enim
264 2005 376 2043 multo
413 2006 594 2043 dexterius
629 2006 799 2056 expedita
832 2013 917 2043 sunt
947 2019 1014 2056 per
1039 2007 1302 2046 Niebuhrium:
1341 2011 1404 2047 sed
1432 2013 1517 2061 quia
1545 2026 1590 2050 ex

135 2068 282 2117 copiosa
309 2066 432 2105 Ouidii
459 2068 665 2104 narratione
692 2068 827 2118 aliquid
854 2075 953 2105 certe
978 2080 1103 2105 mense
1130 2070 1314 2116 Quinctili,
1342 2085 1450 2122 quem
1477 2082 1591 2123 certe,

135 2141 216 2166 cum
243 2129 335 2167 haec
359 2131 558 2178 scriberet,
595 2130 861 2179 compositurus
889 2136 991 2178 erat,
1029 2131 1082 2167 uti
1109 2133 1291 2181 posterius
1318 2133 1455 2184 disces,
1483 2148 1593 2187 repe-

136 2190 285 2228 tendum
310 2191 461 2240 fuisset,
499 2192 528 2228 si
563 2192 599 2228 in
626 2191 855 2241 profectione
882 2193 1080 2229 Fabiorum
1107 2206 1154 2230 ex
1182 2193 1287 2231 Vrbe
1313 2205 1484 2234 euentum
1513 2201 1590 2236 eius

136 2254 188 2290 rei
215 2251 377 2291 ultimum
403 2254 512 2290 animi
538 2266 648 2291 causa
668 2254 874 2292 addidisset.
916 2256 1064 2305 Absque
1089 2255 1160 2292 hoc
1184 2256 1294 2306 foret,
1322 2258 1418 2295 facili
1443 2262 1589 2310 negotio

136 2321 282 2363 poterat
307 2316 378 2365 legi
403 2328 510 2352 uersu
539 2316 635 2353 195:

397 2379 501 2414 Haec
525 2377 599 2424 fnit
622 2377 691 2416 illa
717 2378 805 2423 dies,
831 2392 853 2415 a
879 2391 952 2428 qua
982 2380 1188 2418 Veientibus
1213 2384 1318 2419 aruis

139 2441 176 2472 et
197 2436 285 2474 illud
310 2439 450 2488 premi,
484 2431 630 2488 poetam
656 2440 692 2476 in
721 2441 819 2476 exitu
845 2440 1084 2479 describendo
1112 2456 1145 2480 u.
1175 2445 1406 2493 197—202‚
1434 2459 1470 2483 u.
1498 2449 1590 2496 233,

140 2497 223 2534 satis
239 2500 426 2549 copiosum
451 2512 546 2549 esse,
574 2501 622 2538 ad
647 2501 820 2539 tuendam
847 2501 1006 2554 denique
1032 2505 1293 2544 correctionem
1313 2507 1477 2546 adhiberi
1505 2521 1589 2547 usus

141 2556 307 2608 loquendi
333 2561 424 2599 Met.
451 2564 490 2610 3,
517 2564 616 2600 5713

321 2658 326 2661 ,
350 2624 531 2674 Spumeus
556 2629 590 2662 et
613 2624 761 2672 feruens
787 2631 821 2664 et
847 2626 894 2664 ab
921 2627 1037 2666 obiice
1061 2629 1209 2667 saeuior
1231 2628 1326 2676 ibam
