1685 2954
136 63 220 106 270
687 75 1009 106 rasa-ouva!

186 176 335 229 Vesta,
363 175 477 216 saue!
507 173 579 216 tibi
603 186 712 218 nunc
739 181 910 230 operata
936 176 1177 223 resoluimus
1203 190 1287 232 ora,

241 243 308 284 Ad
338 248 410 283 tua
438 242 474 283 si
503 241 622 283 nobis
650 255 770 285 sacra
798 244 937 284 uenire
965 243 1075 285 licet.
1490 251 1572 288 250

187 312 231 350 In
261 322 385 362 prece
415 315 529 350 totus
559 323 681 350 eram.
721 311 922 353 caelestia
949 311 1113 352 numina
1142 313 1267 366 sensi,

240 377 454 429 Laetaque
484 389 685 430 purpurea
713 379 807 419 luce
835 379 992 420 refulsit
1021 380 1178 420 humus.

186 444 281 484 Non
309 443 499 497 equidem
528 443 623 497 uidi,
651 446 816 487 ualeant
843 446 1056 489 mendacia
1080 454 1233 501 uatum,

240 511 313 562 Te,
345 511 435 552 dea.
472 524 552 552 nec
578 512 716 554 fueras
743 513 982 567 aspicienda
1010 516 1107 555 uiro.

184 576 272 618 Sed
303 590 409 631 quae
438 580 677 632 neseiemm,
708 593 957 634 quorumque
985 595 1119 622 errore
1147 582 1329 636 tenebar,
1489 587 1569 624 255

243 644 424 698 Cognita
452 653 547 688 sunt
574 648 682 687 nullo
710 647 989 700 praecipiente
1016 648 1125 689 mihi.
1182 657 1184 663 ⁸

181 712 302 753 Dena
330 719 475 766 quater
501 720 727 755 memorant
754 713 951 756 habuisse
978 713 1127 756 Parilia
1153 715 1340 770 Romam,

234 779 340 820 Cum
368 779 557 821 flammae
584 788 730 823 custos
757 781 863 823 aede
890 787 1062 835 recepta
1090 782 1170 824 dea
1199 789 1286 825 est:

179 846 314 901 Regis
343 860 447 900 opus
476 848 648 901 placidi,
685 861 765 903 quo
795 861 876 890 non
905 849 1159 892 metuentius
1186 852 1311 893 ullum

231 915 423 956 Numinis
450 916 659 970 ingenium
688 918 797 958 teira
821 917 976 958 Sabina
1004 917 1107 959 tulit.
1489 926 1570 963 260

174 979 294 1032 Quae
323 994 432 1023 nunc
458 995 555 1024 aere
583 983 717 1037 uides,
744 983 897 1038 stipula
924 991 1024 1026 tuno
1051 990 1168 1027 tecta
1194 984 1374 1041 uideres,

229 1050 285 1090 Et
312 1047 450 1102 paries
477 1050 591 1090 lento
621 1051 773 1092 uimine
801 1057 944 1094 textus
970 1059 1076 1094 erat.

172 1117 254 1157 Hic
280 1117 398 1159 locus
423 1116 614 1172 exiguus,
642 1117 712 1173 qui
739 1120 918 1162 sustinet
943 1121 1062 1162 Atria
1086 1120 1261 1175 Vestae,

232 1186 350 1226 Tune
380 1191 469 1226 erat
496 1186 650 1227 intonsi
676 1187 795 1242 regia
823 1201 975 1242 magna
998 1190 1173 1230 Numae.

173 1248 322 1293 Forma
351 1258 489 1293 tamen
519 1253 660 1307 templi
685 1267 792 1308 quae
819 1268 928 1296 nunc
955 1261 1105 1306 manet,
1135 1260 1233 1296 ante
1261 1255 1392 1298 fuisse
1485 1259 1565 1298 265

227 1319 397 1364 Dicitur.
436 1326 480 1362 et
505 1320 658 1362 formae
690 1333 818 1363 causa
845 1322 1054 1376 probanda
1081 1322 1239 1364 subest.

165 1434 252 1470 249.
285 1433 400 1472 Vesta
434 1447 498 1472 sue
530 1434 712 1482 bma.pr.
762 1445 859 1469 nune
896 1439 1020 1482 optata
1047 1436 1094 1470 D.
1146 1446 1242 1471 nunc
1274 1446 1428 1484 operosa
1453 1433 1567 1473 AM

115 1495 270 1522 ma.sec.
289 1482 327 1521 Σ
351 1491 523 1535 (plantor.
626 1487 713 1522 250.
742 1490 805 1520 tua
831 1485 881 1520 sic
906 1486 967 1520 41.
1016 1485 1100 1520 nob.
1127 1484 1221 1521 festa
1248 1498 1332 1523 uen.
1365 1483 1433 1523 Ψν
1452 1490 1515 1522 11.

166 1537 253 1572 252.
281 1535 362 1572 luce
387 1537 536 1574 resoluit
560 1534 614 1574 A.
719 1536 806 1571 253.
835 1533 907 1570 uidi
934 1543 1085 1584 pereant
1111 1535 1229 1571 mend.
1258 1541 1343 1572 tres.
1383 1536 1566 1573 mendatia

116 1588 188 1624 Ee.
290 1588 377 1623 254.
406 1588 470 1623 Tu
495 1587 564 1623 dea
592 1581 748 1633 BCA9
769 1586 922 1633 quinque
941 1589 973 1621 et
991 1590 1077 1621 uett.
1096 1585 1150 1621 ed.
1191 1585 1259 1621 dea
1285 1598 1357 1621 non
1385 1583 1568 1623 ΡΛΠΣ

85 1655 90 1657 >
119 1635 187 1674 Tr
212 1641 289 1674 octo
308 1642 342 1674 et
367 1642 452 1674 uett.
470 1637 524 1674 ed.
565 1637 658 1673 fuer.
687 1635 909 1684 inspicienda
933 1647 965 1671 r.
1011 1635 1104 1672 fuer.
1135 1635 1388 1684 conspicienda
1415 1640 1538 1674 1220.

167 1687 253 1724 255.
288 1700 384 1724 nese.
414 1700 561 1737 quoque
587 1700 657 1724 err.
688 1689 810 1722 Dma.
828 1697 883 1734 pr.
933 1697 1086 1734 quorum
1114 1697 1184 1722 err.
1211 1686 1243 1732 f.
1292 1698 1415 1724 errore
1441 1687 1564 1725 trahe-

117 1739 183 1775 bar
199 1737 239 1774 A
249 1750 297 1786 ey
308 1750 380 1775 ma.
392 1742 522 1776 sec.l2
534 1741 640 1774 2022
659 1741 746 1773 tres.
848 1736 934 1771 256.
963 1736 1094 1785 Agnita
1119 1742 1202 1772 sunt
1229 1740 1288 1773 12.
1326 1737 1441 1786 Cogn.
1463 1738 1563 1775 nullo

115 1795 200 1826 sunt
226 1801 351 1838 praec.
386 1787 437 1826 Ψ.
481 1795 565 1824 sunt
590 1788 688 1824 nulla
718 1785 826 1832 Gf22
846 1797 923 1822 sex.
962 1792 1047 1822 sunt
1071 1787 1132 1823 illa
1159 1788 1220 1823 29.
1260 1789 1482 1837 percipiente
1507 1790 1561 1826 Ν.

116 1839 225 1876 michi
243 1842 288 1876 E.
392 1841 478 1876 257.
505 1839 612 1875 Dona
628 1841 675 1875 D.
715 1836 894 1886 Denaque
919 1842 975 1873 ter
1001 1848 1106 1874 mem.
1124 1839 1218 1874 433.
1259 1841 1335 1883 Ita,
1363 1839 1483 1888 parii„
1511 1842 1561 1876 33

117 1895 152 1926 et
177 1889 254 1926 cdd.
279 1891 355 1927 Vic.
378 1892 465 1927 Ven.
509 1889 594 1926 hab.
621 1887 779 1939 palladia
808 1890 852 1923 Β.
893 1887 1014 1935 palilia
1040 1887 1178 1939 reliqui.
1219 1889 1292 1936 pal.
1321 1901 1451 1926 numen
1480 1892 1560 1926 BD

120 1942 154 1978 G
180 1940 269 1985 du03
301 1941 512 1978 (Inar-scr.
552 1940 625 1989 pal.
656 1950 785 1976 nomen
816 1935 1561 1987 EFsDAMNPHWAETmert

117 1990 329 2040 quindecnm
356 1990 505 2040 bpuar.
524 2002 594 2028 scr.
645 1990 718 2039 pal.
753 1988 846 2025 festa
873 1988 892 2024 b
919 1988 1035 2033 alius3
1061 2001 1084 2038 p
1104 2001 1184 2026 nar.
1204 2001 1273 2027 scr.
1319 1991 1391 2040 pal:
1425 1991 1560 2028 festum

113 2054 220 2078 unus.
321 2043 409 2078 258.
447 2042 555 2077 Tunc
580 2041 616 2076 fl.
646 2043 690 2076 P.
732 2039 829 2075 Dum
854 2039 891 2075 fl.
920 2043 955 2074 2.
1002 2039 1146 2077 flamine
1173 2037 1221 2076 Σ.
1260 2047 1404 2077 constes
1431 2043 1556 2079 Ema-

113 2104 170 2142 pr.
219 2097 309 2128 cust.
339 2093 429 2129 urbe
454 2096 491 2129 2.
541 2098 688 2140 recepta
720 2102 784 2126 sua
817 2096 872 2126 est
900 2093 946 2125 12
958 2092 1020 2125 20.
1058 2091 1122 2127 'est
1149 2090 1220 2127 abi.
1248 2090 1268 2127 b
1286 2103 1358 2129 ηια.
1373 2102 1429 2141 pr.

164 2143 251 2179 259.
287 2155 378 2192 opus
404 2155 476 2192 quo
504 2155 576 2178 non
605 2140 736 2190 placidi
761 2138 822 2177 Λ.
874 2153 934 2189 op.
963 2140 1144 2189 placidum
1170 2138 1311 2178 Σ220.
1362 2155 1434 2192 quo
1461 2153 1555 2178 nune

115 2200 199 2230 met.
227 2191 292 2229 M.
332 2207 404 2242 quo
431 2205 498 2229 nec
524 2199 607 2229 met.
635 2204 758 2228 mma.
773 2203 830 2239 pr.
870 2192 1090 2228 metuencius
1118 2193 1213 2229 DG.
1316 2195 1402 2230 260.
1427 2191 1570 2228 Nomi—⁴

114 2244 167 2280 nis
191 2257 239 2280 m.
342 2246 429 2281 261.
457 2247 532 2288 Ita,
560 2255 644 2281 aere
671 2242 784 2289 uides,
812 2239 1551 2291 DFGAff‘byma.sec.mr4203348

116 2293 369 2342 duodeuminti.
423 2307 519 2331 nuuc
552 2306 630 2330 esse
662 2293 763 2329 uides
793 2295 869 2328 BP
884 2295 919 2328 3.
973 2304 1057 2329 aere
1092 2294 1215 2330 uident
1246 2296 1327 2343 stip.
1359 2306 1382 2342 9
1402 2304 1471 2329 nna.
1490 2302 1548 2339 pr·

115 2356 199 2380 aere
221 2346 337 2381 uirent
361 2346 443 2395 stip.
464 2339 967 2392 GOEMma.pr.HAETf
978 2342 1143 2389 sedecim3
1169 2341 1426 2381 BHuar.scr.
1463 2352 1550 2378 aere

114 2396 230 2431 nitent
255 2397 335 2443 stip.
364 2399 424 2445 qui
447 2400 600 2433 restant.
636 2398 710 2439 Ita,
736 2400 832 2431 tecta
858 2393 1014 2441 uideres,
1040 2396 1121 2430 413
1133 2397 1180 2431 33
1206 2399 1292 2432 tres.
1340 2400 1424 2430 tuuc
1450 2398 1550 2428 texta

115 2445 263 2482 uidebas
288 2448 348 2481 48.
395 2453 489 2483 tecta
517 2446 688 2482 uidebant
714 2447 764 2481 20
788 2443 853 2481 sub
877 2456 954 2481 ras.
995 2451 1089 2481 tecta
1114 2445 1281 2482 uiderent
1304 2454 1407 2479 «antas.
1451 2448 1548 2478 tecta

115 2496 279 2533 nitebant
303 2507 408 2533 «tuus.
450 2502 547 2533 tecta
571 2497 672 2546 (stip.
700 2507 797 2532 nunc
823 2506 908 2532 aere
934 2494 972 2539 b)
1000 2496 1164 2532 uirebant
1187 2494 1311 2542 reliqui
1336 2504 1469 2530 omnes.

162 2547 249 2583 262.
288 2546 374 2583 uim.
400 2552 514 2584 tectus
541 2544 621 2583 Em
638 2557 722 2591 sem
753 2546 1006 2583 0M1aear.sor.
1116 2547 1202 2582 263.
1238 2544 1300 2592 qui
1326 2556 1422 2579 nunc
1448 2548 1548 2580 tenet

114 2604 183 2633 atr.
215 2594 318 2634 ΨΤ.
418 2599 504 2633 265.
532 2598 665 2634 Forma
690 2603 766 2633 tum
791 2602 862 2633 tem
892 2595 915 2633 li
942 2598 1062 2633 Ema.
1102 2606 1131 2632 r.
1177 2606 1273 2630 nunc
1298 2600 1353 2631 est
1378 2599 1462 2631 ante
1492 2590 1546 2631 Φ.

164 2649 250 2686 266.
279 2645 447 2685 Creditur
472 2653 508 2685 et
538 2645 589 2685 (D.
631 2648 736 2697 prob.
762 2646 830 2684 suit
877 2673 885 2683 .
925 2647 1063 2696 proban
1091 2656 1113 2682 a
1137 2655 1224 2682 suae
1249 2650 1302 2682 est
1328 2655 1433 2681 untes.

1233 2711 1256 2745 ρ*
