1685 2954
122 24 205 57 CCI:
634 78 639 84 ,
728 31 960 63 PROPERTH

121 125 226 163 vers.
244 127 292 164 63
320 126 424 173 Qtaod
440 139 496 164 me
515 127 575 165 ed.
592 129 708 179 princ.
753 132 857 171 Vers.
873 135 923 170 64
948 146 1028 172 cum
1055 146 1122 183 pro
1139 134 1366 185 Groningani
1382 139 1561 189 scriptura

120 198 240 237 neque
265 200 288 224 a
308 187 413 224 Schr.
442 201 560 239 neque
586 193 632 227 ab
652 191 774 230 Heius.
795 195 928 233 tradita
952 203 989 234 et
1015 204 1190 246 punctum
1216 198 1252 234 in
1279 198 1444 248 longiore
1469 214 1559 250 pro-

117 249 215 286 ximo
242 261 348 285 uersu
376 251 572 299 typothetis
598 253 721 290 deberi
746 267 840 292 reor.

219 310 279 347 El.
298 313 337 358 3,
366 323 460 348 uers.
488 316 590 350 toties
617 315 734 353 Gron.
787 317 892 356 Vers.
914 323 958 356 11
986 320 1022 357 in
1054 320 1254 370 scripturae
1280 322 1458 360 uarietate
1481 328 1560 360 tur-

118 372 219 408 bauit
244 372 435 422 typotheta
460 375 734 426 Reimerianus3
769 385 855 416 sunt
879 393 951 418 om.
979 381 1097 418 Gron.
1148 382 1264 419 Versu
1292 385 1340 420 38
1367 383 1452 433 quid
1476 390 1560 434 post

115 433 312 471 ineruditas
339 434 536 472 Burmanni
563 439 786 476 coniecturas
812 453 833 477 a
860 455 1043 492 quoquam
1067 445 1279 492 praestitum
1306 446 1371 489 sit,
1406 445 1557 494 ignoro:

115 495 216 532 nulla
242 495 383 532 medela
409 509 500 546 opus
528 510 606 536 esse
631 508 744 549 put03
772 501 868 539 docti
884 503 939 540 dei
958 507 1163 552 posituram
1187 506 1348 555 intelligo
1375 507 1559 554 regionem

113 557 358 606 Apolloniatin
385 558 480 594 circa
501 560 724 608 Apolloniam
751 564 878 599 urbem
902 577 1017 614 prope
1035 567 1173 614 Tigrim
1196 566 1344 602 fluuium
1367 567 1464 616 apud
1485 567 1558 604 Po-

113 618 248 667 lybium
276 619 314 665 5,
330 621 400 666 433
427 620 496 668 513
522 622 584 657 52.
634 623 737 660 vers.
759 626 805 659 41
836 625 983 662 Assidet
1001 627 1116 664 Gron.
1135 628 1261 663 -Vers.
1275 629 1323 663 43
1348 628 1560 677 Hippolitae

114 680 232 717 Gron.
287 681 393 717 Vers.
412 681 462 715 47
486 681 649 727 scathyae
676 684 794 721 Gron.
842 686 945 722 Vers.
967 688 1014 723 53
1041 693 1190 725 asweta
1215 689 1332 725 Grou.
1387 689 1491 726 Vers.
1507 690 1557 725 62

113 740 241 779 caelent
264 743 396 789 Gron.,
424 742 491 778 nisi
516 742 628 780 salsus
654 757 746 781 sum.
791 746 896 783 Vers.
917 747 980 794 65,
1002 749 1051 784 66
1076 749 1190 785 malus
1216 749 1307 786 liber
1332 749 1436 786 Leid.
1459 762 1496 787 n.
1508 752 1558 787 82

111 804 227 841 bonas
252 806 447 854 scripturas
475 804 584 841 habet
609 812 834 855 spargantur
859 815 897 845 et
920 810 1087 858 increpet.

213 865 273 902 ΕΙ.
289 866 328 913 4,
355 878 450 902 uers.
465 868 488 902 8
515 869 686 916 Fictaque
710 870 827 906 Gron.
848 882 916 919 pro
936 882 1013 906 uar.
1031 882 1101 906 scr.
1120 877 1203 907 test.
1221 871 1346 908 Heins.
1389 867 1496 908 Vers.
1510 872 1559 908 19

111 929 212 964 taciu
229 926 322 976 prol.
352 927 468 964 Gron.
511 928 616 965 Vers.
635 933 686 966 20
713 930 838 966 dubito
867 943 952 966 num
973 931 1204 969 Burmannus
1227 940 1263 969 et
1285 932 1484 968 Burmanni
1508 932 1559 968 si-

109 988 213 1025 miles
237 989 326 1024 satis
352 1000 428 1024 rem
453 993 721 1039 perspexerint:
751 991 898 1028 confero
916 993 1045 1042 Eurip.
1068 994 1216 1043 Hippoi.
1234 996 1329 1030 220:
1356 990 1423 1029 καὶ
1445 988 1560 1042 παρὰ

105 1046 254 1098 χαίταν
276 1046 434 1094 ξανθὰν
454 1045 574 1102 ῥῖψαι
599 1048 810 1090 Θεσσαλὰν
831 1048 977 1103 ὅρπακ’
1003 1051 1213 1104 ἑπίλογχον
1236 1049 1372 1103 ἔχουθ
1397 1051 1438 1091 ἐν
1455 1051 1558 1103 χειρὶ

107 1107 241 1160 βέλος.
286 1113 390 1149 Vers.
409 1116 455 1148 23
484 1119 658 1150 caussala
680 1114 814 1163 Gron.,
835 1116 864 1151 si
881 1115 987 1152 Schr.
1006 1116 1157 1166 diligens
1177 1116 1260 1164 fuit,
1279 1123 1316 1153 et
1337 1128 1431 1152 uers.
1449 1129 1555 1165 prox.

107 1173 310 1222 tingendas.
362 1174 466 1211 vers.
487 1177 535 1211 28
561 1174 729 1213 bracchia
757 1178 873 1214 Gron.
927 1178 1032 1215 Vers.
1051 1180 1100 1214 34
1127 1180 1310 1227 conspicer
1335 1190 1411 1215 esse
1441 1178 1551 1214 etiam

107 1235 168 1272 ed.
188 1236 320 1285 princ.,
339 1247 408 1272 nec
428 1235 536 1272 male.
564 1240 636 1274 tuci
656 1239 762 1274 etiam
779 1239 895 1276 Gron.
937 1240 1042 1276 Vers.
1061 1242 1110 1275 38
1136 1241 1255 1276 tacius
1274 1240 1393 1276 Gron.
1425 1238 1557 1276 deoetm

106 1296 202 1333 idem
218 1303 310 1334 teste
323 1297 445 1345 Schr.,
474 1298 615 1335 destras
633 1305 724 1335 teste
739 1300 864 1337 Heius.
903 1301 1007 1337 Vers.
1027 1302 1077 1336 40
1102 1311 1207 1336 senos
1222 1299 1339 1337 Gron.
1379 1300 1484 1338 Vers.
1505 1300 1555 1337 45

110 1358 297 1404 Quantum
315 1371 398 1407 eryo
416 1372 546 1397 auson.
575 1360 632 1397 ed.
655 1362 770 1410 princ.
821 1362 928 1399 Vers.
947 1364 996 1398 46
1022 1365 1192 1410 Ιη9ηοεσ.
1218 1361 1335 1397 Gron.
1382 1361 1489 1398 Vers.
1504 1360 1555 1398 55

106 1421 171 1457 Sic
196 1419 325 1469 hospes
349 1421 384 1457 in
408 1423 526 1459 Gron.
554 1422 613 1459 ed.
642 1435 698 1471 pr.
726 1430 763 1459 et
788 1424 970 1474 plerisque
1003 1424 1079 1459 aliis
1113 1422 1286 1472 putabam
1314 1434 1393 1460 esse
1420 1424 1464 1460 Si
1488 1422 1556 1460 clio

106 1492 203 1530 spes,
231 1483 273 1518 Si
297 1482 404 1520 modo
425 1496 519 1532 spes.
571 1485 674 1522 vers.
692 1486 742 1521 57
769 1490 834 1522 aut
858 1486 894 1522 in
915 1486 1036 1522 Gron.
1061 1485 1158 1521 solus
1178 1484 1318 1531 Heius„
1344 1496 1418 1521 nou
1444 1484 1554 1521 Schr.

105 1543 320 1580 testabatur.
372 1545 478 1583 Vers.
499 1548 548 1582 67
581 1546 751 1584 bracchia
782 1548 899 1584 Gron.
951 1547 1059 1585 Vers.
1080 1548 1128 1582 73
1162 1545 1306 1594 papilia
1337 1545 1419 1582 cod.
1446 1545 1552 1582 Leid.

105 1615 145 1640 n.
165 1606 250 1642 117.
300 1606 406 1642 Vers.
424 1609 473 1643 76
500 1607 638 1645 diuitiis
667 1610 775 1648 etiam
802 1607 861 1644 ed.
889 1620 944 1656 pr.
971 1608 1057 1644 sort.
1087 1614 1198 1644 recte.
1243 1605 1351 1644 Vers.
1366 1608 1414 1642 81
1441 1606 1555 1644 ratha

105 1666 224 1702 Gron.
278 1667 383 1703 Vers.
406 1670 454 1704 83
480 1669 663 1706 Asscensa
696 1670 806 1706 idem.
858 1669 965 1705 Vers.
986 1672 1035 1707 86
1068 1671 1143 1705 tuis
1175 1669 1211 1704 in
1239 1668 1356 1706 Gron.
1401 1674 1557 1706 testatur

104 1726 228 1775 Schr.,
257 1727 355 1777 quod
383 1741 463 1764 cum
490 1730 527 1765 in
553 1732 632 1778 ipsa
658 1730 718 1767 ed.
746 1731 869 1766 Plant.
898 1736 1018 1777 extet,
1044 1730 1208 1779 suspicor
1231 1730 1351 1766 leuem
1378 1729 1446 1766 uiti
1471 1729 1554 1767 dili-

104 1789 304 1838 gentissimi
330 1801 502 1827 errorem.
554 1791 658 1828 Vers.
672 1793 722 1828 89
747 1794 867 1829 tacius
894 1792 1013 1828 Gron.

205 1851 265 1888 El.
284 1851 323 1898 5,
362 1863 455 1888 uers.
477 1853 641 1889 30—55
669 1860 706 1890 et
732 1866 768 1890 u.
791 1854 931 1889 2—29
957 1858 1244 1902 transponuntur
1279 1853 1315 1889 in
1345 1852 1406 1890 ed.
1433 1853 1550 1903 princ.

104 1912 213 1952 Vers.
234 1914 259 1948 6
284 1912 392 1949 thoro
416 1913 533 1949 Gron.
573 1914 678 1951 Vers.
696 1917 720 1951 8
746 1915 919 1952 anthinoo
939 1915 1057 1951 Gron.
1097 1915 1202 1951 Vers.
1220 1916 1268 1952 16
1294 1915 1461 1952 emeritae
1485 1914 1553 1951 ha-

104 1974 208 2011 beret
229 1974 346 2010 Gron·
368 1986 449 2010 cum
467 1975 572 2012 Leid.
592 1989 627 2013 n.
652 1979 739 2024 117,
765 1990 810 2014 an
838 1990 875 2013 u.
899 1979 947 2013 18
973 1979 1225 2025 Hippomenes,
1251 1989 1324 2013 non
1350 1977 1438 2012 satis
1463 1988 1549 2026 per-

102 2036 266 2085 spicuum
294 2035 381 2072 mihi
407 2043 498 2073 erat.
535 2038 634 2074 Idem
661 2037 752 2075 liber
777 2038 932 2075 fortasse
959 2050 996 2074 u.
1014 2040 1061 2074 17
1088 2050 1153 2087 que
1179 2039 1323 2075 omittit.
1375 2038 1480 2075 Vers.
1500 2039 1549 2074 18

101 2096 223 2144 foetae
248 2098 366 2134 Gron.
421 2099 527 2136 Vers.
552 2101 599 2136 19
625 2100 710 2136 sort.
737 2099 958 2137 Eoeornabat
984 2100 1100 2136 Gron.
1142 2099 1321 2137 Exorabit
1347 2105 1384 2136 et
1407 2101 1549 2148 peruret

104 2159 161 2195 ed.
180 2172 236 2208 pr.
291 2160 395 2197 Vers.
421 2164 473 2198 20
502 2163 652 2199 Saxosa
679 2162 772 2209 facit
797 2161 872 2199 sed.
901 2162 960 2199 ed.
981 2174 1036 2211 pr.
1081 2162 1186 2198 Vers.
1206 2165 1255 2198 21
1284 2160 1422 2197 Heinsii
1447 2159 1546 2196 testi-

102 2222 226 2258 monio
254 2220 299 2258 de
327 2223 445 2259 Gron.
484 2225 596 2260 utitur
621 2224 870 2260 Burmannus:
908 2223 1134 2261 Schraderus
1168 2223 1227 2259 uix
1260 2222 1347 2258 satis
1379 2226 1548 2257 accurate

102 2285 278 2320 enotauit.
304 2296 371 2321 eoa
397 2286 501 2322 acuat
534 2285 844 2334 don-ozantumcme
876 2297 992 2322 aurea
1020 2297 1093 2332 „v.
1115 2285 1177 2321 c.”
1201 2284 1339 2320 Perrei.
1374 2281 1547 2319 ‹lorisan-

102 2349 179 2381 uam
208 2345 245 2380 in
278 2347 456 2395 scriptura
483 2359 505 2383 a
531 2347 742 2384 Burmanno
772 2354 947 2384 annotata
977 2346 1093 2384 codex
1117 2345 1309 2394 Scaligeri.
1341 2356 1407 2380 eoa
1433 2342 1547 2380 ‹loro-

102 2411 246 2443 tantiam
272 2409 378 2444 ὶιιιιαι
408 2408 488 2451 cod.
516 2409 620 2446 Leid.
650 2423 687 2446 n.
704 2411 764 2445 18.
800 2422 866 2447 eoa
891 2409 1133 2447 ‹lorozantum
1159 2408 1269 2452 (corr.
1297 2404 1547 2450 dorotantum)

101 2468 208 2505 Leid.
237 2480 274 2504 n.
296 2470 358 2505 43.
394 2481 461 2506 eoa
486 2469 692 2508 dev-oratum
719 2473 823 2508 &uacat
850 2472 954 2509 Leid.
984 2484 1020 2509 n.
1043 2472 1129 2507 117.
1170 2474 1204 2505 te
1228 2479 1317 2506 aeoa
1343 2467 1386 2504 de
1409 2479 1547 2504 roran-

103 2535 182 2568 tum
208 2532 314 2568 iuuat
340 2542 481 2568 austrea
504 2534 587 2580 ripa
613 2533 672 2570 ed.
700 2534 818 2583 princ.
872 2534 971 2571 Nihil
998 2531 1204 2582 expeditum
1231 2537 1286 2567 est
1311 2529 1357 2566 de
1383 2528 1452 2565 hoc
1478 2540 1546 2566 no·

99 2593 210 2631 mine.
262 2592 386 2630 Iacobi
412 2600 565 2631 conatus
592 2607 727 2645 magno
759 2602 858 2634 stare
892 2595 1012 2646 potuit
1045 2593 1099 2631 his
1131 2592 1258 2631 studiis
1284 2592 1314 2630 si
1338 2590 1547 2630 samscritici
