1685 2954
578 62 626 109 ψ,
655 63 696 110 Γ,
724 64 770 110 K,
799 64 852 111 A,
881 63 940 110 Μ,
968 62 1016 111 Ν,
1048 63 1079 96 ο
1354 69 1546 101 cccxxix

101 169 323 219 exemplaria
353 180 448 220 quae
472 172 596 206 extant
622 167 787 206 fluxisse:
809 167 859 205 -in
894 167 965 205 hoc
1000 167 1157 206 carmine
1193 180 1264 217 non
1284 167 1405 208 facile
1430 169 1543 208 unum

99 228 302 268 huiusmodi
328 243 395 281 par
418 230 592 266 librorum
619 228 763 277 inueni,
797 229 883 279 quin
910 229 1107 267 admixtum
1134 231 1220 267 noui
1246 230 1331 281 quid
1358 230 1416 268 sit.
1466 231 1543 269 Lo-

99 305 180 329 cum
205 292 252 329 de
279 289 559 342 interpolatione
584 292 719 327 saeculi
747 292 843 328 tertii
870 291 997 329 decimi
1030 291 1123 328 infra
1153 293 1302 329 seorsim
1340 299 1542 343 pertracta-

98 360 174 392 tum
199 354 370 392 inuenies.
421 351 848 390 Francofurtanus
876 353 988 398 liber,
1023 366 1132 403 quem
1157 354 1277 391 littera
1307 351 1348 390 Φ
1372 354 1543 403 indicaui,

97 416 152 464 ei,
187 416 243 453 cui
267 414 361 462 dixi,
394 414 539 451 saeculo
574 414 720 451 attribui
747 415 864 460 solet,
900 414 982 452 uide
1018 414 1138 465 praes.
1165 415 1211 451 ad
1238 416 1329 453 trist.
1357 429 1396 466 p.
1410 428 1543 465 xxxx,

98 479 211 516 n.!›6.
255 476 440 514 Collatum
465 476 590 512 inueni
616 487 640 511 a
665 475 822 525 duobus,
852 477 1002 514 Heinsio
1021 484 1058 514 et
1078 477 1295 514 Matthiaeo:
1322 491 1395 515 non
1421 478 1544 528 spreui

96 539 201 577 huius
226 538 466 575 testimonium
495 537 555 573 ubi
579 536 730 574 discedit
756 538 802 573 ab
832 537 1042 586 Heinsiano,
1069 538 1133 575 sed
1159 538 1364 576 innumeras
1387 540 1544 590 scriptu-

95 613 153 637 ras
179 600 224 636 ab
249 601 365 637 altero
392 605 535 635 notatas
561 599 714 636 alterum
743 600 902 636 omisisse
928 601 1106 649 intelliges
1132 612 1227 649 quae
1255 601 1371 637 omitti
1397 601 1544 639 minime

93 660 299 700 debebant:
328 661 514 709 utriusque
542 661 675 710 ubique
701 662 801 698 iuxta
833 662 1085 699 auctoritatem
1113 662 1232 711 posui.

195 726 256 760 10.
308 723 449 760 Littera
477 719 515 758 Γ
536 722 759 771 significatur
784 723 875 760 liber
906 723 1319 772 Guelferbytanus
1346 723 1430 760 olim
1461 725 1542 761 Gu-

93 785 222 824 dianus
247 784 382 823 saeculi
407 784 490 820 XIII
518 783 638 820 iudice
663 785 821 833 Eberto,
847 785 1026 835 scriptura
1052 798 1123 821 non
1150 785 1343 821 admodum
1372 792 1542 835 uenusta,

94 848 390 898 compendiorum
427 857 559 895 magna
593 846 845 895 simplicitate,
883 846 1143 895 orthographia
1177 847 1327 884 mirifica
1363 853 1400 884 et
1434 847 1541 896 Itala,

93 908 382 959 interpolationis
409 907 583 944 eiusmodi
610 914 650 943 ut
677 912 715 955 2,
734 907 827 954 3653
844 909 916 943 433
945 908 1064 944 multis
1091 908 1330 956 argumenti&
1367 909 1462 946 Inest
1488 910 1542 946 la-

93 983 188 1008 cuna
214 982 236 1007 a
262 970 322 1007 lib.
340 974 360 1006 1
385 982 480 1006 uers.
495 971 570 1005 526
590 968 637 1005 ad
655 973 691 1013 2,
709 969 797 1016 349,
826 974 922 1005 totus
942 968 1073 1005 desinit
1098 969 1133 1005 in
1161 969 1222 1005 lib.
1240 968 1264 1005 5
1293 981 1327 1005 u.
1341 971 1429 1006 709.
1463 970 1543 1007 Sub

92 1032 201 1069 finem
221 1031 305 1067 inde
331 1043 353 1067 a
380 1043 486 1067 uersu
503 1033 577 1066 673
603 1035 750 1078 praeter
770 1042 814 1066 ea
835 1043 930 1080 quae
947 1031 1093 1067 enotaui
1113 1030 1267 1067 euanida
1286 1031 1406 1068 omnia
1425 1039 1541 1070 erant.

92 1093 174 1143 Ipse
200 1091 443 1140 Guelferbyto
469 1096 554 1127 ante
581 1091 720 1140 aliquot
747 1103 861 1128 annos
888 1092 936 1128 ad
962 1104 1021 1129 me
1046 1092 1193 1129 missum
1221 1092 1372 1129 contuli.

193 1157 255 1192 11.
308 1154 406 1190 Inter
440 1152 663 1189 collectanea
699 1153 897 1190 Heinsiana
931 1153 1113 1204 duplicem
1156 1155 1277 1191 nescio
1312 1154 1413 1190 cuius
1443 1154 1543 1192 codi-
1607 1161 1621 1195 ,ί

91 1214 142 1258 eb
175 1214 406 1251 collationem
442 1214 573 1250 librum
605 1213 760 1264 primum
793 1215 1021 1265 complexam
1056 1216 1290 1252 Burmannus
1325 1215 1373 1252 ad
1408 1227 1445 1253 u.
1469 1218 1542 1254 169

91 1275 374 1315 Kloekhosii
400 1282 573 1325 excerpta
600 1278 781 1327 appellat:
809 1277 934 1314 notaui
960 1278 1012 1315 K.
1063 1278 1230 1315 Aetatem
1255 1277 1397 1326 ignoro.

195 1342 256 1376 12.
310 1338 436 1375 Codex
461 1337 787 1376 Londinensis
818 1341 975 1378 Patricii
999 1340 1099 1377 Iunii
1128 1352 1209 1377 cum
1239 1339 1388 1389 reliquis
1421 1340 1542 1389 operi-

91 1400 170 1446 bus,
198 1400 249 1436 uti
275 1398 485 1450 designatur
512 1401 557 1437 ab
587 1400 750 1448 Heinsio,
778 1399 924 1438 uidetur
949 1401 978 1438 is
1005 1413 1099 1449 esse,
1125 1401 1187 1451 qui
1214 1401 1250 1438 in
1277 1401 1438 1452 epistolis
1464 1403 1542 1439 eius

91 1470 129 1501 et
148 1462 325 1500 Gronouii
352 1475 390 1512 p.
405 1465 455 1498 82
482 1469 799 1500 commemoratur.
843 1463 1035 1514 Scriptura
1062 1464 1146 1500 exili
1173 1469 1210 1500 et
1235 1463 1442 1500 monachali
1466 1469 1543 1501 tra-

91 1525 206 1562 ditur:
234 1525 330 1574 quali
357 1525 502 1561 memini
529 1524 690 1561 codicem
718 1525 905 1574 egregium
936 1525 1089 1562 tristium
1110 1524 1323 1562 Gothanum
1349 1537 1444 1563 saec.
1457 1526 1543 1563 XIII

94 1598 185 1625 esse.
242 1586 372 1635 Itaque
407 1586 453 1622 ad
491 1586 561 1623 hoc
586 1586 856 1624 Londinensem
894 1586 1079 1623 retulerim
1114 1587 1145 1623 si
1179 1586 1287 1624 liceat
1318 1600 1364 1624 ex
1398 1600 1541 1636 eorum,

93 1661 189 1699 quae
214 1647 338 1694 habet,
366 1648 519 1685 utilitate
546 1654 583 1685 et
609 1649 711 1697 quasi
736 1661 869 1698 sapore
895 1648 1068 1687 iudicare.
1113 1649 1244 1685 Fallax
1269 1648 1425 1686 sortasse
1450 1648 1543 1686 iudi·

93 1711 204 1759 cium,
229 1708 328 1759 quod
354 1709 486 1744 nemini
513 1710 684 1746 obtrudo.
737 1710 896 1746 Notatus
921 1717 977 1747 est
1004 1711 1125 1746 littera
1149 1709 1211 1749 A.

195 1773 257 1819 13,
287 1771 349 1818 14,
377 1770 436 1806 15.
484 1771 579 1806 Tres
606 1770 749 1807 codices
767 1771 891 1807 Balth.
911 1771 1076 1808 Moreti
1102 1772 1321 1822 typographi
1348 1772 1434 1809 olim
1452 1772 1542 1809 Ant·
1604 1816 1609 1826 l

93 1832 326 1884 werpiensis,
359 1844 451 1881 quos
485 1832 611 1868 litteris
639 1833 778 1871 MNO
804 1832 1065 1881 assignificaui,
1100 1833 1149 1869 ita
1183 1834 1324 1870 notauit
1353 1834 1540 1872 Heinsius:
1601 1827 1603 1829 ¹

93 1896 208 1934 codex
238 1892 381 1932 Mureti
417 1893 628 1943 typographi
661 1896 700 1930 in
733 1893 899 1930 meudun:
934 1892 1047 1930 codex
1084 1894 1178 1932 alter
1202 1892 1364 1940 Moretz,
1396 1896 1436 1932 in
1472 1903 1543 1944 quo

94 1955 219 1997 ouidii
242 1955 432 2007 pleraque:
469 1954 582 1992 codex
606 1957 734 1992 tertius
760 1953 903 1992 Moreti
928 1954 1074 1993 membr,
1101 1968 1173 1993 non
1201 1957 1346 2005 integer.
1396 1955 1543 1994 Primus

92 2018 264 2059 miscellio
290 2023 346 2054 est
372 2023 409 2054 et
434 2017 648 2066 uersipellis,
676 2023 714 2053 ut
725 2015 817 2053 ‘sunt
836 2017 1000 2066 plerique
1018 2016 1124 2054 huius
1149 2018 1306 2066 farinae,
1329 2018 1438 2055 modo
1459 2031 1543 2055 cum

92 2081 237 2132 optimis
261 2078 461 2116 stemmatis
487 2078 675 2115 Petauiani
703 2078 912 2128 conspirans
938 2081 975 2124 2,
993 2080 1082 2127 794,
1110 2079 1219 2116 modo
1251 2079 1297 2116 ad
1325 2080 1544 2117 Vossianum

93 2148 132 2191 3,
150 2144 238 2187 248,
265 2140 375 2178 modo
401 2138 448 2176 ad
475 2139 759 2176 Arundelianum
786 2141 835 2176 il).
862 2140 938 2176 350
965 2152 1119 2190 pronus:
1158 2141 1289 2179 desunt
1323 2142 1358 2178 in
1395 2154 1439 2179 eo
1467 2141 1545 2179 duo

90 2204 181 2242 solia
207 2209 290 2255 post
316 2205 355 2250 3,
373 2201 464 2249 275,
491 2202 550 2238 ubi
577 2207 697 2240 tamen
725 2203 874 2239 miratus
899 2215 978 2240 sum
1005 2203 1194 2252 aliquoties
1220 2216 1302 2240 eum
1329 2202 1468 2240 laudari
1494 2204 1542 2240 ab

91 2265 258 2312 Helnsio,
287 2269 324 2300 et
349 2268 434 2312 post
451 2263 491 2312 4,
509 2262 596 2299 576.
651 2263 781 2302 Codex
807 2266 850 2301 N
873 2263 969 2301 idem
996 2270 1062 2308 est,
1089 2265 1151 2315 qui
1177 2265 1211 2300 in
1240 2265 1398 2302 tristibus
1426 2278 1541 2302 mem-

93 2326 296 2362 branaceus
322 2323 473 2361 dicitur:
509 2324 647 2361 medius
674 2332 728 2362 est
756 2326 970 2375 plerumque
1006 2326 1100 2362 inter
1125 2325 1477 2364 Mallersdorfianum
1504 2333 1543 2364 et

95 2386 393 2436 Gottingensem,
428 2386 493 2423 sed
519 2398 631 2436 saepe
657 2387 704 2423 ab
731 2394 886 2437 utroque
913 2387 1085 2435 discedit,
1121 2399 1188 2424 nec
1216 2389 1348 2438 ubique
1372 2388 1542 2442 pessime.

94 2447 205 2486 Liber
235 2448 267 2485 0
295 2447 425 2487 desinit
451 2448 486 2484 in
511 2450 549 2495 6,
569 2451 660 2488 103:
695 2450 806 2486 semel
834 2453 873 2496 2,
891 2453 963 2486 311
992 2450 1191 2499 perbonam
1218 2450 1432 2500 scripturam
1459 2462 1541 2487 ser-

99 2510 210 2548 uauit.
264 2509 416 2547 Miratus
442 2523 523 2547 sum
548 2510 646 2559 quod
680 2511 878 2560 scripturae
910 2510 985 2548 eius
1012 2510 1131 2547 multo
1150 2512 1340 2561 pauciores
1366 2518 1542 2550 notantur

100 2570 146 2606 ab
167 2564 318 2609 Heinsio
341 2583 450 2621 quam
477 2571 711 2620 reliquorum.
765 2573 806 2610 Si
830 2573 984 2610 fortasse
1010 2579 1085 2609 tam
1109 2573 1204 2610 male
1230 2573 1373 2611 habitus
1398 2573 1480 2619 fuit,
1502 2579 1542 2610 ut

100 2631 171 2682 legi
196 2644 268 2670 non
292 2634 467 2685 potuerit,
492 2640 529 2671 et
554 2633 625 2673 hoc
651 2635 796 2674 nomine
822 2647 893 2674 non
913 2637 1046 2685 integer
1071 2635 1292 2688 appellatur,
1319 2635 1460 2674 Heinsii
1475 2634 1545 2674 mie
