1685 2954
90 35 207 67 GCXK
599 38 656 66 DE
687 38 783 70 oms
813 38 1014 72 mcER'rls

88 138 248 177 Etrusco>
268 140 557 186 temperamento
582 128 709 176 coiisse
734 151 808 177 non
831 145 900 188 est,
925 139 1025 190 quod
1045 145 1219 190 negetur3
1245 147 1426 187 caeterum
1443 142 1525 180 Ma-

87 200 172 238 niae
194 208 394 250 cognomen
414 197 572 246 Genitae
595 198 749 248 facilius,
775 212 885 251 quam
911 202 1028 251 ipsum
1051 215 1198 249 nomen,
1224 192 1419 240 Etruscum
1444 216 1524 242 esse

88 260 342 298 concesserimz
378 259 479 295 satis,
499 265 554 296 est
584 261 614 297 si
649 261 791 299 diuersa
817 274 839 299 a
867 263 1040 300 Larunda
1070 277 1142 300 nou
1177 263 1268 310 suit,
1303 276 1412 313 quam
1439 277 1525 301 nus-

86 334 196 372 quam
223 326 369 369 praeter
395 319 596 358 Varronem
623 328 658 359 et
684 324 724 360 in
747 325 872 373 glossis
899 325 1082 362 ueteribus
1106 325 1292 361 Philoxeni
1319 337 1340 361 a
1367 324 1527 375 Neapoli

86 382 132 419 ad
157 381 233 419 Ou.
254 385 294 429 2,
314 382 389 419 599
415 381 581 421 adhibitis
607 387 879 423 commemorari
905 387 1068 423 memini:
1095 386 1142 424 de
1167 386 1339 423 Larentia
1356 387 1524 423 -sustineo

84 442 265 480 iudicium.
316 442 392 479 Iam
418 450 507 481 uero
535 444 685 482 eandem
717 445 811 482 hanc
841 447 968 484 larium
995 455 1147 484 matrem
1175 447 1328 486 Ouidius
1358 449 1525 485 Tacitum

84 516 120 543 u.
140 504 235 552 570,
261 506 412 541 Mittam
437 514 477 541 us
495 506 592 553 581,
621 508 763 543 Larum
789 519 825 543 u.
845 508 919 544 597
946 509 1129 557 appellat,
1158 509 1268 559 idque
1295 508 1414 555 solus,
1440 519 1525 546 nam

83 564 263 602 Lactantii
291 565 390 602 nulla
417 569 705 606 est.auctoritas.
747 567 962 604 Plutarchus
988 569 1155 617 equidem
1180 569 1290 607 Num.
1309 573 1334 607 8
1359 571 1427 607 ita:
1459 564 1525 605 Τὰ

81 622 159 678 γὰρ
186 626 325 670 merga
353 624 430 662 τῶν
456 622 749 674 μαντευμάτων
770 624 826 670 εἷς
845 623 1025 672 Μούσας
1053 624 1173 679 ἀνῆγε
1198 628 1264 666 καὶ
1288 630 1384 677 μίαν
1403 629 1524 668 Mov-

81 688 164 725 σῶν
200 685 311 732 ἰδίως
343 685 410 725 καὶ
446 682 720 738 διαφερόντως
755 684 923 732 ἐδίδαξε,
943 685 1140 737 σέβεσθαι
1173 686 1266 735 τοὺς
1287 685 1522 739 Ῥωμαίους,

85 748 264 786 Τακίταν
293 744 645 798 προσαγορεύσας,
682 742 766 786 οἷον
793 745 999 799 σιωπηλὴν
1032 745 1058 799 ἢ
1093 745 1216 789 ἐνεάν.
1269 752 1344 789 Sed
1365 753 1522 802 quaeri-

80 817 152 859 tur,
179 824 246 848 nec
271 811 442 861 expedire
468 824 628 861 possum,
657 818 774 848 utrum
794 811 906 859 Lara,
933 824 979 848 an
1000 812 1129 848 Tacita
1157 825 1196 849 re
1223 824 1311 850 uera
1331 815 1429 851 culta
1454 814 1523 850 illis

79 873 204 910 ritihus
229 873 359 909 suerit:
398 880 524 909 neutra
558 874 586 909 si
612 873 735 920 suerit,
761 873 824 910 sed
851 881 914 910 aut
940 874 1088 921 Mania,
1125 881 1189 911 aut
1215 873 1409 921 Larunda,
1435 875 1523 912 satis

80 935 255 971 audacter
279 934 365 970 fecit
392 933 570 981 Ouidius,
599 935 809 983 praesertim
837 935 867 970 si
893 934 939 971 de
967 935 1175 982 Feralibus,
1203 947 1274 972 non
1301 935 1348 972 de
1373 936 1522 985 Compi-

79 997 234 1044 talibus,
267 995 319 1033 uti
343 1008 454 1045 supra
480 996 617 1033 conieci
643 995 861 1045 aliquando,
894 996 1072 1045 loquitur:
1106 997 1284 1046 potuisset
1308 998 1342 1034 in
1369 1000 1522 1043 maenis,

79 1059 221 1105 u.576,
247 1057 281 1094 in
308 1059 483 1106 compitis
500 1059 638 1104 u.613‚
666 1057 702 1093 in
728 1058 823 1094 canis
850 1058 1038 1105 sacrificio,
1064 1057 1140 1094 uid.
1165 1058 1200 1093 T
1203 1057 1325 1095 heocr.
1351 1063 1389 1103 2,
1409 1063 1457 1095 12
1482 1065 1521 1096 et

76 1120 211 1157 Kiessl.
236 1119 283 1156 ad
312 1133 347 1156 u.
365 1120 426 1163 36,
454 1119 611 1156 Hecates
632 1117 831 1156 admoneri.
886 1119 993 1163 Quae
1019 1119 1168 1169 ponitur
1191 1119 1315 1156 sabula
1341 1131 1521 1168 gramma-

76 1182 148 1219 tica
168 1181 214 1218 de
233 1181 324 1217 Lala
342 1180 518 1230 nympha,
540 1179 586 1216 de
603 1181 702 1216 cuius
721 1181 866 1217 nomine
885 1181 1029 1230 egregie
1047 1181 1178 1218 meruit
1196 1181 1378 1230 Heinsius,
1403 1193 1520 1231 quan-

75 1243 208 1280 tumuis
234 1242 424 1278 artificiose
451 1242 666 1278 concinnata
692 1242 892 1291 interprete
918 1254 990 1278 non
1015 1242 1163 1291 indiget.

173 1302 363 1340 Postremo
381 1304 501 1340 licebit
519 1303 660 1340 incertis
683 1314 874 1340 accensere
893 1303 1191 1341 Palaestinas
1211 1302 1315 1340 deas
1340 1314 1430 1353 quas
1451 1315 1520 1354 ap-

74 1365 225 1416 pellauit
251 1363 403 1401 Ouidius
423 1366 459 1409 4,
477 1366 563 1402 236.
621 1364 696 1400 Has
722 1364 955 1413 explicandas
981 1364 1132 1401 doctiori
1158 1363 1263 1400 alicui
1298 1370 1336 1401 et
1368 1365 1519 1403 acutiori

74 1427 252 1476 relinquo.
295 1426 468 1469 Quaesiui
494 1425 541 1461 de
568 1425 634 1462 dea
653 1425 770 1473 Syria,
798 1425 884 1461 nihil
910 1426 994 1462 satis
1019 1425 1188 1462 idoneum
1211 1426 1314 1474 potui
1339 1426 1516 1463 inuenire.

75 1488 192 1525 Video
212 1486 364 1523 Paulum
382 1487 540 1523 Marsum
565 1488 798 1536 interpretem
820 1485 942 1523 Ouidii
968 1488 1101 1524 saeculi
1125 1487 1217 1524 sexti
1235 1486 1365 1523 decimi
1390 1487 1517 1523 ineun-

74 1550 120 1587 tis
141 1550 190 1586 ita
211 1557 404 1586 annotare:
432 1549 535 1586 nobis
560 1554 679 1586 autem
704 1560 782 1585 cum
809 1547 851 1585 de
874 1548 940 1585 hoc
965 1547 1040 1586 loco
1063 1559 1321 1598 quaereremus,
1346 1546 1520 1595 fidelissi-

73 1623 156 1649 mus
181 1612 368 1659 utriusque
395 1610 538 1659 linquae
570 1613 744 1659 interpres
771 1611 867 1646 omni
897 1609 1144 1647 doctrinarum
1170 1609 1278 1647 laude
1302 1608 1520 1646 cumulatis-

72 1674 201 1720 simus,
227 1673 265 1708 in
291 1684 359 1721 quo
384 1683 498 1721 nisper
521 1684 695 1720 stangnum
723 1673 902 1708 iacturam
927 1670 1092 1718 fecimus,
1120 1673 1158 1708 in
1182 1671 1434 1719 anitiquissimo
1459 1670 1518 1717 ly-

69 1735 227 1772 ricorum
249 1734 507 1782 principiorum
531 1735 722 1782 iatterprete
748 1731 901 1769 ostendit
932 1731 1119 1778 furiarum
1144 1732 1314 1782 templum
1338 1734 1378 1769 in
1404 1734 1518 1781 Epiro

71 1795 209 1843 fuisse.-
244 1797 328 1832 item
361 1799 396 1831 et
424 1797 463 1831 in
490 1794 563 1831 alio
593 1806 721 1842 graeco
749 1793 864 1830 codice
892 1795 1147 1831 uetustissimo.
1199 1797 1277 1832 Hoc
1303 1806 1376 1832 non
1400 1794 1518 1832 solum

70 1857 177 1902 mihi,
210 1855 273 1893 sed
297 1858 496 1906 Pomponio
523 1868 658 1905 quoque
682 1856 877 1892 uetustatis
903 1854 1112 1904 indagatori
1144 1855 1416 1904 diligentissimo
1452 1855 1517 1894 de·-

70 1920 304 1957 monstrauit.
357 1917 481 1966 Nugas
510 1924 619 1967 puto:
647 1918 681 1952 in
709 1917 889 1952 Eustathii
915 1924 1014 1954 certe
1041 1911 1227 1968 προλόγῳ
1255 1917 1334 1956 τῶν
1353 1915 1517 1955 Πινδα-

72 1980 192 2030 ρικῶν
220 1978 480 2028 παραβολῶν
509 1979 593 2015 nihil
620 1978 763 2015 inuenio
790 1977 1005 2014 huiusmodi.
1051 1978 1243 2016 Palaesten
1270 1979 1396 2016 urbem
1412 1979 1514 2029 Epin·

70 2056 115 2079 ex
142 2042 306 2078 Caesaris
333 2041 597 2077 commentariis
626 2047 663 2076 et
688 2039 839 2076 Lucano
873 2047 995 2076 notam
1021 2040 1197 2091 Syrorum
1226 2040 1404 2077 colonia‘m
1428 2040 1513 2076 dicit

69 2103 182 2139 Laur.
210 2102 335 2151 Lydus
361 2102 407 2137 de
434 2114 554 2150 magg.
582 2105 619 2148 3,
648 2103 711 2137 46.
763 2101 892 2137 Falsus
919 2101 962 2139 P.
991 2101 1118 2138 Victor
1142 2102 1176 2138 in
1204 2101 1350 2150 regione
1375 2101 1511 2138 decima

68 2163 233 2200 Palatina
266 2169 429 2200 recenset
462 2163 715 2201 Rh-‹nnnusiac
748 2162 870 2199 aedem
905 2169 941 2199 et
976 2164 1103 2199 notitia
1136 2162 1375 2205 Rhamnusii,
1412 2160 1510 2210 quod

67 2224 155 2273 quid
181 2225 247 2272 sit,
284 2225 419 2261 nescio.
471 2223 654 2274 Interpres
680 2225 765 2261 Maii
800 2223 847 2260 ad
874 2224 976 2273 Vin-g.
1005 2236 1061 2273 ge.
1091 2227 1132 2271 3,
1158 2228 1204 2259 12
1239 2225 1416 2271 re9ionem
1440 2224 1510 2258 Iu·-

69 2284 182 2323 daeae
207 2288 405 2323 Musarum
430 2287 569 2327 numini
593 2297 737 2323 sacram
763 2285 927 2335 scripsit:
955 2292 1077 2336 posset
1102 2284 1273 2325 mendum
1297 2283 1422 2323 latere.

468 2431 622 2471 LIBER
647 2431 848 2468 SEXTVS
874 2429 1108 2468 DECIMVS.

171 2532 235 2568 Fr.
265 2535 299 2568 l.
337 2531 489 2580 August.
512 2545 546 2569 c.
563 2531 599 2569 d.
629 2534 665 2577 7,
685 2534 752 2568 17:
781 2535 828 2570 In
853 2534 956 2569 tertio
981 2542 1087 2579 porro
1113 2531 1182 2566 isto
1208 2528 1250 2566 dc
1276 2528 1345 2566 diis
1371 2527 1508 2566 selectis

70 2598 303 2645 posteaquam
338 2592 566 2642 praelocutus
598 2598 651 2633 cst
685 2593 779 2644 quod
811 2605 857 2632 ex
883 2591 1046 2631 natarali
1071 2590 1244 2640 theolo9ia
1270 2590 1507 2639 praeloquen-
