1685 2954
182 131 268 177 242
742 140 1057 173 Fas-roavm

296 243 490 298 Cognita.
528 254 637 284 nunc
663 242 732 284 ubi
759 243 826 295 sit,
855 240 1082 297 quaeritis?
1109 253 1208 284 uma
1236 241 1355 298 tegit.

240 311 350 355 Huic
377 323 458 365 ego
486 309 640 352 iuratus
666 311 784 352 uobis
812 310 853 352 in
880 311 1007 351 uerba
1035 311 1210 364 uocatis,

296 378 513 432 Coniugio,
543 377 638 431 dixi,
666 379 755 420 sola
782 380 915 420 fruere
944 390 1049 420 meo.

242 448 299 488 Et
327 445 423 499 dixi,
453 452 497 486 et
525 458 656 488 seruo.
693 447 769 488 sed
798 448 905 487 enim
934 445 1096 487 diuersa
1123 447 1313 487 uoluntas

297 515 377 555 Est
404 513 511 553 mihi.
552 525 632 554 nec
660 515 850 567 coniunX,
881 514 957 554 sed
985 518 1101 566 pater
1131 526 1226 554 esse
1255 514 1360 553 uolo.
1551 517 1629 552 530
1683 552 1685 554 ,

239 583 479 623 Annuerant
508 593 661 622 omnes.
697 594 840 621 omnes
868 581 921 621 ad
951 587 1069 635 terga
1097 582 1260 632 iuuenci

298 647 590 690 Constiterant.
628 647 756 701 pudor
785 653 852 688 est
879 648 1070 688 ulteriora
1094 648 1216 700 loqui.

241 719 349 758 Tum
374 715 650 768 superiniecta
675 719 821 755 texere
848 713 1055 755 madentia
1079 720 1197 755 terra.

296 786 462 836 Iamque
490 782 635 823 decem
663 793 843 833 menses,
873 786 916 821 et
943 793 1044 834 puer
1073 786 1185 821 ortus
1214 786 1313 822 erat.

242 852 366 893 Hunc
392 848 586 904 Hyrieus,
614 847 709 902 quia
735 848 798 889 sic
827 848 1008 902 genitus,
1037 854 1162 889 uocat
1189 848 1358 890 Vriona.
1551 853 1630 890 535
1684 859 1685 862 ’

298 916 482 960 Perdidit
511 915 719 970 antiquum
747 917 884 956 littera
911 916 1039 970 prima
1066 928 1223 956 sonum.
1684 909 1685 915 ’

242 986 442 1029 Creuerat
470 986 723 1025 immensum.
756 984 949 1025 comitem
977 981 1056 1025 sibi
1083 983 1203 1024 Delia
1233 981 1429 1037 sumpsit:

298 1054 370 1094 llle
399 1052 505 1093 deae
531 1058 688 1105 custos,
714 1051 782 1091 ille
809 1052 982 1092 satelles
1010 1056 1110 1091 erat,

243 1121 387 1162 Verba
414 1125 581 1160 mouent
605 1117 688 1160 iras
716 1131 797 1159 non
827 1119 1128 1171 circumspecta
1157 1117 1343 1160 deorum:

299 1187 432 1239 Quam
462 1199 676 1240 nequeam,
704 1186 819 1239 dixit,
849 1187 1027 1238 uincere,
1056 1186 1166 1226 nulla
1195 1185 1282 1227 fera
1311 1191 1387 1228 est.
1553 1186 1633 1224 540

243 1257 444 1309 Scorpion
472 1253 637 1295 immisit
665 1254 819 1294 Tellus.
858 1254 935 1295 fuit
962 1254 1141 1306 impetus
1169 1253 1224 1293 illi

299 1324 438 1366 Curua
463 1321 751 1375 gemelliparae
779 1321 938 1374 spicula
966 1321 1070 1360 ferre
1099 1320 1215 1360 deae.

189 1458 271 1485 mae
296 1445 381 1482 mihi
407 1456 491 1481 cara
516 1444 686 1480 iuuentae
712 1443 775 1480 34.
818 1441 912 1479 coni.
940 1453 1023 1478 cara
1050 1442 1133 1477 mihi
1160 1443 1277 1493 prima
1302 1442 1449 1479 iuuenta
1479 1442 1637 1478 BGDE

193 1494 325 1536 am}
333 1507 476 1533 emma.
487 1506 556 1532 sec.
581 1495 710 1542 uiginti
735 1497 891 1542 quatuor
909 1491 961 1529 ed.
978 1492 1149 1537 Medium
1173 1506 1197 1542 9
1214 1504 1294 1530 aar.
1310 1505 1380 1529 scr.
1424 1492 1517 1527 coni.
1546 1491 1634 1528 kara

190 1548 277 1585 mihi
309 1547 424 1598 prima
455 1546 603 1582 iuuenta
634 1556 667 1580 r.
720 1544 813 1579 coni.
842 1544 939 1579 clara
971 1542 1055 1579 mihi
1089 1544 1205 1591 prima
1239 1544 1386 1579 iuuenta
1413 1539 1570 1578 MHA
1582 1553 1635 1590 ps

191 1599 299 1636 alius.
338 1597 432 1634 coni.
461 1607 567 1632 carae
593 1595 678 1630 mihi
704 1595 818 1643 prima
844 1594 1013 1630 iuuentae
1040 1595 1141 1629 F33.
1243 1595 1329 1630 526.
1359 1592 1514 1629 Condita
1542 1604 1637 1629 nune

191 1653 226 1687 Ζ
233 1661 257 1698 9
267 1660 339 1685 ma.
349 1659 404 1696 pr.
417 1659 453 1683 m
467 1649 516 1682 22
537 1649 620 1682 tres.
722 1645 809 1681 527.
838 1644 949 1680 uerba
968 1651 1136 1693 precatus
1162 1656 1181 1680 s
1196 1655 1268 1680 ma.
1283 1655 1338 1691 pr.
1441 1643 1529 1679 528.
1557 1642 1635 1679 sola

190 1700 296 1736 fuere
324 1701 359 1735 D
375 1709 448 1734 ma.
463 1707 520 1745 pr.
539 1699 659 1732 Ema.
673 1707 728 1744 pr.
832 1695 919 1731 529.
948 1693 1022 1729 diu.
1050 1694 1218 1743 uoluptas
1243 1691 1282 1730 Γ
1298 1697 1442 1742 septem.
1546 1694 1634 1730 530.

190 1749 278 1786 mihi
304 1761 376 1785 non
402 1747 494 1783 coni.
524 1744 564 1782 Φ
581 1750 660 1782 test.
677 1746 820 1790 Heins.;
845 1756 967 1794 ptiar.
982 1755 1052 1781 scr.
1093 1745 1248 1780 coniunx
1274 1750 1311 1781 et
1335 1751 1442 1793 pater
1468 1746 1502 1780 Ζ
1512 1755 1633 1781 mma.

191 1812 247 1850 pr.
267 1803 436 1849 quatuor,
463 1799 630 1841 Marsus,
657 1800 696 1832 ut
720 1794 874 1839 uidetur,
901 1796 978 1843 qui:
1006 1794 1090 1830 nolo
1118 1796 1304 1844 coniugem
1332 1801 1369 1831 et
1394 1794 1505 1830 filium
1534 1794 1631 1830 uolo.
1669 1809 1674 1816 ‘

192 1851 286 1888 coni.
314 1861 382 1886 nec
407 1854 513 1897 pater
535 1859 571 1896 9.
679 1846 767 1882 531.
803 1846 961 1881 Adnuer.
990 1842 1098 1881 (Mb.
1144 1846 1322 1882 iuuencae
1347 1842 1391 1891 f?
1436 1844 1557 1882 Gloss.
1576 1847 1633 1881 E:

191 1898 309 1949 terga]
338 1900 487 1936 corium.
597 1897 684 1933 532.
722 1896 918 1932 Astiterant
943 1892 1048 1932 EA.
1095 1895 1344 1932 Constiterunt
1371 1897 1434 1932 23.
1476 1901 1532 1933 est
1561 1895 1635 1931 uti-

191 1952 282 1988 liora
307 1947 362 1986 A.
464 1949 550 1984 533.
577 1950 653 1991 Ita,
679 1947 793 1992 Tum,
821 1947 1126 1983 DFGMNmr
1151 1946 1367 1995 quindecim3
1394 1948 1636 1994 Ppuar.scr.

191 2002 288 2039 Dum
315 2013 396 2049 sup.
424 2002 468 2036 P.
509 1999 601 2034 Cum
628 2010 708 2047 sup.
737 1999 799 2033 29.
838 1997 948 2033 Tune
971 2009 1050 2046 sup.
1077 1996 1216 2046 reliqui,
1247 1994 1288 2033 <D
1308 2001 1386 2033 test.
1403 1998 1528 2034 Heius.
1573 2007 1635 2032 su-

192 2064 260 2102 per
291 2051 420 2087 iniecta
454 2050 604 2088 DE29.
653 2049 783 2084 intecta
813 2059 849 2096 9.
902 2047 963 2083 ini.
1001 2054 1144 2084 traxere
1176 2060 1208 2084 r.
1260 2047 1450 2084 madeneia
1485 2048 1532 2084 G.

242 2101 330 2138 535.
358 2101 465 2136 Hunc
489 2101 527 2136 in
546 2111 622 2136 ras.
643 2101 691 2134 D.
735 2099 826 2134 Hine
857 2095 908 2134 Φ.
955 2098 1063 2134 Tune
1088 2102 1173 2134 παι.
1191 2097 1245 2135 ed.
1286 2100 1362 2142 Ita,
1389 2096 1547 2145 hyrieus‚
1573 2099 1634 2134 33.

192 2152 367 2202 hyrtheus
397 2163 444 2186 m.
500 2149 634 2185 hirteus
665 2147 749 2185 duo.
800 2148 918 2197 lgireus
946 2150 1183 2186 DEGrma.
1195 2160 1261 2185 sec.
1278 2147 1364 2184 Ald.
1379 2149 1485 2196 prim.
1537 2147 1634 2184 hii-us

192 2214 301 2240 unus.
340 2201 470 2238 herens
484 2197 524 2236 Γ
528 2211 696 2248 νπιαφν.
737 2195 842 2236 her'es
867 2195 915 2235 bs
940 2199 1054 2236 hileus
1079 2198 1158 2237 edd.
1174 2201 1260 2236 Ven.
1276 2200 1353 2235 Vio.
1391 2197 1525 2246 hyrcus
1549 2207 1634 2234 cae-

193 2255 276 2291 teri.
314 2251 391 2288 her.
411 2251 472 2301 qui
497 2252 543 2288 sit
567 2261 650 2299 gen.
672 2249 705 2286 b.
744 2249 824 2299 hyr.
852 2262 923 2299 qua
949 2250 995 2287 sit
1022 2261 1104 2299 gen.
1122 2261 1180 2298 9p
1199 2248 1397 2293 duodecin23
1428 2249 1457 2286 G
1471 2257 1634 2284 πιθεῖν.

195 2303 276 2352 hyr.
301 2314 376 2353 qua
400 2303 450 2338 sic
479 2304 520 2339 F.
561 2301 645 2350 quia
669 2301 715 2337 sit
741 2312 822 2349 gen.
850 2300 968 2348 (noc.)
998 2301 1213 2349 GEma.pr.
1229 2295 1633 2347 (DFOma.pr.P'I'f.

195 2355 338 2403 genitus
357 2364 428 2390 om.
443 2349 483 2389 Γ
496 2364 569 2389 ma.
584 2363 641 2400 pr.
680 2363 763 2400 gen.
783 2351 954 2388 uocitauit
980 2352 1080 2387 orion
1107 2354 1157 2388 M
1169 2363 1247 2388 aar.
1258 2362 1328 2387 scr.
1368 2354 1473 2385 uocat
1498 2357 1633 2384 corona

196 2407 380 2454 Emmpr.
423 2409 529 2440 uocat
555 2402 678 2438 oriena
706 2403 746 2438 F.
788 2407 894 2438 uocat
920 2402 1045 2438 oriona
1072 2404 1189 2438 Ema.
1200 2414 1268 2438 sec.
1284 2397 1372 2437 ΦΓ
1374 2395 1463 2435 Sor
1474 2396 1540 2434 sub
1553 2408 1634 2434 ras.

195 2461 304 2491 uocat
336 2454 485 2490 oariona
510 2449 619 2489 ΜΠ
628 2451 711 2489 Tm
727 2464 801 2489 ma.
821 2464 876 2500 pr.
904 2452 1111 2501 quindecim.
1168 2458 1274 2489 uocat
1305 2450 1361 2486 liic
1392 2448 1518 2484 urioua
1548 2446 1582 2484 11.

245 2505 331 2540 536.
366 2504 470 2540 litera
499 2502 562 2541 Gb
575 2515 606 2539 r.
651 2504 769 2552 prima
794 2501 911 2539 locum
942 2505 985 2540 Τ.
1087 2503 1173 2538 537.
1208 2501 1331 2539 Creuit
1356 2499 1390 2534 in
1418 2499 1516 2534 imm.
1545 2496 1635 2543 dung

195 2551 301 2593 MN
305 2551 346 2589 A
356 2552 592 2602 Tpuamscr.
633 2553 759 2590 Creuit
783 2553 964 2590 immensis
990 2566 1083 2590 com.
1103 2550 1149 2588 Σ.
1190 2553 1386 2588 inmensum
1406 2550 1499 2586 DG.
1538 2547 1635 2585 delia

195 2605 282 2642 fecit
306 2600 437 2640 EOA
451 2616 531 2649 sem
558 2601 637 2654 Hp
654 2615 736 2642 παν.
751 2615 821 2641 scr.
869 2604 962 2642 delia
991 2605 1087 2654 cepit
1111 2599 1152 2639 Γ
1148 2628 1158 2639 .
1273 2601 1361 2637 538.
1395 2599 1483 2636 lude
1507 2611 1532 2649 p
1549 2609 1644 2636 tum»

196 2667 267 2693 scr.
307 2655 370 2691 ule
396 2653 454 2690 die
480 2657 621 2691 Mmtr.
634 2667 706 2692 scr.
747 2655 879 2691 satellis
903 2667 924 2692 r
942 2667 1012 2692 ηια.
1031 2665 1085 2702 pr.
1186 2651 1274 2688 539.
1301 2663 1398 2687 mou.
1426 2650 1516 2687 iram
1541 2651 1603 2687 33.
1642 2682 1643 2685 ,

247 2706 319 2742 541
361 2704 535 2753 Scorpius
560 2704 621 2740 A.
660 2706 789 2740 inmisit
819 2707 865 2741 G.
906 2705 968 2741 Sc.
995 2703 1108 2740 emisit
1135 2703 1176 2739 N
1197 2701 1279 2739 duo.
1380 2702 1469 2737 542.
1496 2698 1640 2750 gemel-¹
1677 2696 1685 2746 '3
