1685 2954
127 100 211 144 216
694 109 995 141 merorum

182 213 290 255 Exul
319 213 370 254 ab
396 209 575 253 Arcadia
600 209 721 252 latios
747 211 939 253 Euander
965 211 1008 252 in
1036 223 1161 266 agros

242 281 440 332 Venerat,
469 279 684 332 impositos
713 279 985 332 attuleratque
1013 278 1127 320 deos.

188 348 282 401 Hic,
311 347 380 388 ubi
408 359 516 387 nunc
543 346 675 387 Roma
702 352 781 399 est,
810 347 920 386 orbis
949 352 1088 399 caput,
1115 346 1231 388 arbor
1260 351 1304 386 et
1330 345 1480 386 herbae

242 415 298 454 Et
324 427 483 467 paucae
511 413 696 467 pecudes
724 419 770 453 et
797 426 897 455 casa
925 427 1015 455 rara
1043 412 1130 455 fuit.

187 480 279 533 Quo
309 488 527 535 postquam
552 486 720 522 uentum
750 486 828 533 est,
859 481 1088 534 consistite,
1117 481 1303 534 praescia
1329 486 1471 533 mater,
1520 484 1574 531 95·

238 549 349 589 Nam
377 549 494 590 locus
522 547 678 601 imperii
706 561 775 588 rus
804 550 881 590 erit
908 549 1029 601 istud,
1060 548 1130 590 ait.

183 616 239 657 Et
267 615 384 656 matri
415 621 457 656 et
484 614 571 655 uati
598 621 716 668 paret
743 616 976 656 Nonacrius
1005 616 1140 667 heros,
1210 631 1212 637 >

241 683 369 736 Inque
397 684 613 736 peregrina
642 683 829 722 constitit
855 683 1010 733 hospes
1039 681 1174 721 humo.

184 750 396 803 Sacraque
424 751 551 791 multa
579 749 755 802 quidem,
785 748 861 789 sed
890 747 1023 789 Fauni
1051 748 1178 801 prima
1203 748 1382 790 bicornis

239 818 331 858 Has
360 817 498 858 docuit
527 822 678 871 gentes
706 814 960 868 alipedisque
986 815 1063 856 dei.
1491 823 1569 856 100

184 885 440 938 Semicaper,
471 885 618 926 coleris
646 874 854 935 cinctutis,
882 883 1040 935 Fauno,
1070 882 1262 936 lupercis,

239 953 345 993 Cum
374 954 548 993 lustrant
576 953 764 993 celebres
792 951 947 992 uellera
975 956 1095 992 secta
1123 950 1223 992 uias-

184 1021 243 1061 At
272 1025 318 1060 tu
345 1025 530 1060 materno
560 1019 723 1060 donasti
751 1016 913 1061 nomine
942 1031 1139 1070 mensem,

239 1089 430 1128 Inuentor
457 1099 622 1140 curuae,
652 1087 810 1127 furibus
839 1093 949 1140 apte,
977 1084 1082 1126 fidis.

182 1155 278 1195 Nec
305 1155 443 1207 pietas
472 1155 579 1195 haec
607 1154 735 1207 prima
763 1159 835 1193 tua
865 1159 941 1194 est.
979 1159 1155 1206 septena
1182 1153 1351 1206 putaris,
1494 1159 1573 1196 105

241 1223 454 1264 Pleiadum
481 1234 705 1274 numerum,
733 1220 802 1262 fila
830 1219 999 1262 dedisse
1028 1221 1152 1274 lyrae.

182 1319 247 1355 91.
273 1317 420 1356 archad.
447 1319 527 1355 mci.
574 1317 726 1356 arcadiis
753 1318 818 1355 lat.
847 1320 923 1355 Zm
947 1315 1038 1363 fort.
1061 1315 1126 1353 snb
1145 1318 1358 1353 ras.2028.
1407 1316 1517 1353 lacios
1544 1319 1580 1353 1)

134 1366 224 1406 GT.
328 1371 390 1405 92.
418 1368 630 1417 imppositos
657 1366 706 1406 Γ.
752 1369 847 1405 Ven.
876 1369 1060 1417 appositos
1086 1368 1328 1416 intuleratque
1357 1371 1403 1403 12
1414 1370 1475 1403 20.
1516 1367 1580 1404 ad-

129 1419 197 1455 tul.
222 1431 254 1455 r.
295 1420 551 1468 attolleratque
576 1418 608 1465 f.
712 1421 775 1456 93.
799 1419 883 1456 Hoc
902 1418 964 1454 ubi
988 1418 1171 1467 Oma.pr.
1210 1418 1273 1453 ubi
1299 1424 1384 1453 tunc
1411 1417 1579 1467 bma.pr.

181 1470 243 1505 94.
280 1469 441 1519 pecudes
468 1481 550 1506 casa
577 1471 698 1508 Ema.
709 1482 766 1519 pr.
812 1480 895 1505 casa
920 1479 1002 1504 rasa
1028 1467 1061 1514 f.
1109 1479 1193 1504 casa
1218 1479 1334 1516 parua
1358 1466 1451 1504 Ab.
1499 1479 1582 1504 casa

130 1531 250 1568 pauca
281 1520 487 1558 Guar.scr.
600 1521 663 1557 95.
700 1526 894 1570 postquam
921 1519 1073 1555 uetitum
1099 1517 1205 1554 bma.
1222 1530 1278 1567 pr.
1327 1525 1382 1554 est
1415 1530 1485 1555 om.
1513 1515 1552 1554 Γ
1556 1530 1582 1566 9

129 1581 272 1618 mapr.
289 1582 326 1606 m
344 1575 427 1606 tres.
470 1570 615 1619 praecia
642 1570 705 1608 br.
811 1571 875 1606 96.
908 1581 970 1605 rus
996 1569 1045 1605 ait
1069 1568 1166 1605 istud
1193 1570 1260 1604 erit
1287 1565 1334 1604 Σ.
1376 1581 1437 1604 rus
1463 1568 1513 1604 ait
1538 1568 1582 1604 il·

129 1620 193 1655 lud
227 1620 295 1656 erit
327 1625 412 1658 tres.
455 1622 525 1656 erit
557 1621 647 1657 illud
675 1623 775 1658 DG.
888 1621 950 1656 97.
988 1619 1036 1655 Et
1063 1619 1139 1654 uati
1164 1625 1201 1655 et
1226 1619 1331 1654 matri
1357 1629 1437 1668 par.
1466 1620 1499 1654 B
1509 1618 1538 1654 G
1547 1630 1584 1657 m

131 1672 184 1705 20
209 1675 375 1719 quatuor.
429 1676 466 1707 et
500 1671 575 1706 nati
602 1674 722 1708 Ema.
740 1683 796 1721 pr.
850 1671 924 1706 uati
956 1681 1040 1719 pars
1075 1681 1172 1704 nona
1208 1667 1400 1706 euandrius
1433 1668 1539 1705 heros
1564 1667 1585 1705 b

131 1732 206 1760 ma.
223 1732 279 1768 pr.
317 1721 511 1767 nonagrius
534 1718 571 1756 Γ
571 1747 580 1756 .
621 1734 706 1757 non.
735 1734 822 1757 erox
839 1718 886 1757 Σ.
990 1721 1051 1755 98.
1080 1719 1216 1768 Tuque
1241 1718 1261 1754 b
1277 1731 1350 1756 ma».
1368 1731 1425 1768 pr.
1468 1726 1583 1757 const.

133 1771 217 1806 exul
246 1770 354 1807 humo
387 1768 571 1807 GGAH
583 1773 628 1806 41
659 1774 823 1820 qitinque.
934 1770 996 1806 99.
1032 1769 1081 1805 Et
1106 1781 1208 1805 sacra
1233 1770 1346 1805 multa
1376 1771 1421 1807 G.
1470 1769 1585 1806 Sacra

133 1819 250 1857 multa
276 1821 308 1866 f.
348 1821 413 1857 sed
440 1822 532 1857 tauri
559 1822 674 1870 prima
699 1819 750 1858 Ψ.
788 1821 891 1857 fauni
917 1831 1020 1856 sacra
1048 1820 1115 1856 bic.
1137 1817 1186 1856 Γ.
1289 1823 1374 1857 100.
1402 1819 1525 1870 alipid.
1550 1831 1584 1856 r.

188 1874 272 1908 101.
301 1871 444 1907 Semica
471 1873 606 1920 percol.
630 1874 680 1907 1).
719 1872 853 1911 Semic,
881 1871 1006 1907 celeris
1033 1872 1162 1907 Euar.
1175 1881 1245 1907 scr.
1285 1871 1354 1906 col.
1383 1883 1464 1906 cum
1491 1871 1586 1915 (siue

135 1934 214 1967 cur,
242 1925 375 1970 comp.)
402 1922 486 1958 tutis
508 1925 552 1959 E.
595 1923 663 1961 col.
683 1922 872 1958 succinctis
898 1922 1010 1958 faune
1031 1917 1585 1970 BCDGGDsNbpsma.sec.

137 1974 183 2007 41
212 1970 455 2019 ‹luodeuiyinti
482 1977 516 2008 et
540 1977 627 2009 uett.
656 1971 730 2017 cd.;
756 1969 1107 2019 E²PA92mr.sm-.
1148 1971 1217 2007 col.
1243 1972 1445 2010 succinctus
1470 1968 1534 2007 A.

187 2024 273 2058 102.
302 2022 387 2064 Qua
414 2023 516 2058 lustr.
536 2021 567 2068 f.
605 2023 830 2059 collustrant
853 2025 888 2058 Τ
898 2033 974 2065 sex,
997 2020 1151 2058 uett.ed.
1191 2021 1344 2058 lustrent
1362 2023 1457 2059 DG.
1491 2022 1584 2058 Cum

133 2072 296 2108 celebres
324 2073 477 2108 lustrant
503 2074 556 2108 N.
603 2073 704 2108 lustr.
733 2073 870 2109 celeres
898 2069 1517 2120 BGDEFGI'AMPHff-OEy
1560 2075 1583 2109 3

134 2124 265 2169 uiginti
291 2121 380 2167 (Ιηος
406 2122 446 2158 Δ
463 2125 513 2158 44
530 2134 697 2159 uar.scr.
749 2124 818 2160 cel.
847 2123 1001 2159 uerbera
1029 2120 1489 2160 BGDEFGQFAM
1548 2119 1586 2159 O

136 2169 228 2208 PH
239 2170 327 2208 ΨΑ
342 2172 409 2222 Ty
419 2174 662 2221 πιρν34044
681 2175 833 2221 triyinta
853 2177 938 2211 tres·
974 2173 1041 2209 cel.
1056 2180 1202 2221 tergora
1219 2173 1302 2211 duo.
1339 2181 1437 2210 secta
1457 2184 1583 2218 manus

135 2220 295 2261 FAAr
308 2227 354 2258 12
365 2225 415 2257 20
439 2235 584 2267 τιοηεηις
610 2224 901 2263 M44var.scr.
937 2230 1036 2259 secta
1053 2223 1128 2259 (lies
1154 2235 1260 2260 unus.
1367 2226 1450 2260 103.
1475 2223 1524 2258 Et
1541 2227 1582 2262 tu

137 2270 191 2308 (D.
231 2280 269 2308 tu
299 2272 441 2309 donasti
467 2281 631 2309 materno
657 2271 713 2311 A.
760 2281 924 2313 materno
953 2273 1081 2309 dedisti
1108 2286 1206 2310 nom.
1234 2271 1281 2310 Σ.
1323 2273 1408 2310 don.
1435 2273 1582 2314 nurnine

133 2325 178 2359 E.
228 2323 314 2359 don.
342 2335 494 2361 munere
525 2324 818 2374 Getpuar.scr.
924 2326 1010 2360 104.
1045 2324 1216 2360 lnuentor
1241 2324 1412 2372 cytharae
1434 2322 1505 2358 fur.
1530 2333 1583 2370 9²·

134 2384 210 2410 ma.
223 2385 292 2409 sec.
315 2386 333 2409 s
357 2385 433 2419 sex,
475 2374 718 2423 Inuentorque
745 2376 845 2422 lyrae
870 2381 907 2411 et
931 2374 1072 2410 furibus
1098 2382 1184 2422 apta
1210 2375 1314 2424 (apte
1336 2376 1381 2420 B,
1407 2379 1487 2409 acta
1513 2373 1581 2418 41)

134 2422 225 2458 fides
255 2426 286 2457 B
298 2421 422 2459 GH}
431 2422 496 2459 Tb
508 2436 579 2460 ιηα.
592 2436 659 2460 sec.
674 2436 693 2460 r
704 2425 832 2471 40413
859 2437 884 2473 p
902 2436 1066 2462 uar.scr.
1106 2426 1177 2460 sur.
1205 2431 1291 2474 apta
1315 2436 1363 2463 m.
1404 2421 1477 2458 sur.
1495 2429 1583 2472 apta

133 2471 224 2509 fides
252 2471 917 2523 DEFGOEFMNOPWAbfys
942 2474 1198 2523 wulctriyinla.
1240 2481 1325 2522 apte
1351 2473 1450 2520 lyrae
1476 2473 1538 2510 A.

185 2523 272 2558 105.
303 2523 402 2558 Haec
429 2525 516 2572 piet.
536 2521 630 2561 ΓΣ.
675 2525 811 2574 pietas.
827 2555 835 2564 .
853 2526 990 2573 ,prima
1012 2523 1059 2560 Γ.
1101 2525 1191 2560 haec
1214 2524 1322 2572 plena
1350 2530 1410 2558 tua
1435 2521 1488 2560 A.
1528 2529 1583 2560 est

135 2584 205 2609 om.
233 2571 263 2619 f.
367 2575 452 2610 106.
482 2574 669 2612 Pleiadum
696 2576 732 2611 in
758 2588 945 2614 numerum
978 2572 1066 2612 GH.
1105 2574 1291 2611 Pleiadum
1320 2573 1365 2608 ad
1393 2586 1582 2610 numerum

134 2620 235 2659 ΓΨ.
274 2621 462 2658 Pleiadum
485 2637 636 2661 numero
665 2623 927 2662 BEGAPA
940 2625 1060 2673 bey
1072 2636 1360 2672 nta.sec.mprs
1386 2623 1581 2674 quindecim

135 2672 210 2718 fere
231 2677 264 2709 et
289 2677 376 2709 nen.
403 2672 476 2717 σῶς
507 2672 546 2709 (D
564 2686 647 2711 uar-
666 2687 735 2712 scr.
780 2677 868 2713 lirae
895 2677 975 2714 mci.
