1685 2954
672 67 771 94 rire.
805 67 1011 96 PRIMVS
1512 61 1564 105 19

178 166 290 219 Ergo
318 166 386 206 ubi
413 178 493 206 nox
522 165 653 207 aderit
679 166 863 209 uenturis
891 169 1013 211 tertia
1039 169 1170 224 nonis,
1224 215 1227 218 ,

234 234 470 287 Sparsaque
497 235 670 274 caelesti
701 247 790 275 rore
819 235 999 279 madebit
1026 238 1184 291 humuS‚

179 300 390 354 Octipedis
415 301 562 341 frustra
592 308 838 354 quaerentur
865 304 1030 347 brachia
1059 308 1214 349 cancri:

233 370 438 421 Praeceps
465 368 662 409 occiduas
690 370 757 409 ille
783 371 937 413 subiuit
964 386 1105 427 aquas.

175 503 400 543 Institerint
428 503 577 545 imbres
605 502 720 546 missi
750 504 822 546 tibi
850 506 1025 549 nubibus
1054 510 1172 552 atris:
1482 506 1560 553 315

231 571 377 610 Nonae
406 570 527 623 signa
555 571 708 613 dabunt
739 575 950 616 exoriente
978 576 1078 630 lyra.

174 704 358 756 Quatuor
385 706 491 746 adde
520 707 610 747 dies
637 706 775 748 ductis
801 722 855 748 ex
883 709 1023 750 ordine
1051 711 1188 752 nonis:

230 775 352 814 lanus
380 774 559 827 Agonali
584 775 677 815 luce
704 776 879 828 piandus
908 777 994 817 erit.

174 840 361 880 Nominis
391 854 488 881 esse
513 848 655 894 potest
681 843 922 883 succinctus
949 857 1077 884 causa
1104 844 1299 898 minister,

230 909 380 948 Hostia
407 909 620 950 caelitibus
649 921 729 961 quo
757 909 928 949 feriente
957 911 1080 951 eadit.
1482 917 1562 953 320

173 975 253 1027 Qui
283 976 412 1017 calido
441 978 608 1017 strictos
640 977 837 1017 tincturus
865 978 1068 1031 sanguine
1097 979 1252 1020 cultros

123 1116 161 1152 G.
201 1114 246 1150 ad
273 1121 367 1150 stata
398 1115 500 1163 signa
527 1117 691 1161 2122ος
725 1127 783 1164 97)
807 1127 888 1153 var.
908 1128 978 1153 scr.
1025 1117 1128 1166 signa
1157 1116 1244 1154 deos
1271 1117 1306 1155 b.
1354 1118 1476 1157 Gloss.
1505 1123 1563 1158 D:

116 1165 193 1201 Soli
212 1165 358 1213 planete
376 1165 523 1214 proprie
544 1165 625 1213 uagi
649 1164 826 1203 dicuntur.
853 1166 918 1203 sed
938 1167 1124 1216 inproprie
1145 1167 1238 1204 bene
1256 1177 1435 1206 uocantur
1459 1171 1562 1220 signa

117 1215 254 1251 zodiaci
282 1226 374 1263 uaga
399 1215 422 1250 i.
451 1226 484 1251 e.
513 1216 704 1252 currentia.
808 1220 895 1253 311.
922 1218 1035 1263 tereia
1062 1218 1156 1254 DG.
1261 1222 1347 1256 312.
1375 1232 1458 1256 rore
1485 1233 1562 1258 ina·

116 1265 230 1301 descit
258 1269 343 1301 tres.
453 1269 537 1301 313.
571 1265 693 1314 Octip.
722 1267 841 1303 cancri
869 1279 928 1317 qu.
956 1267 1011 1304 br.
1038 1267 1173 1304 frustra
1203 1271 1238 1305 Τ
1257 1268 1444 1316 91033.Λ.
1482 1274 1562 1321 Ita,

116 1323 349 1365 quaerentur,
380 1316 592 1352 BCDKN
605 1319 675 1353 1¹8
702 1317 851 1365 aliquot.
893 1325 1116 1366 quaeruntur
1139 1318 1278 1368 reliqui.
1320 1320 1438 1357 bracia
1462 1320 1493 1367 f.

166 1368 252 1403 314.
282 1366 482 1415 Praecipue
508 1366 620 1403 occid.
642 1365 816 1405 AFFA
826 1364 1051 1404 MAETb
1068 1369 1137 1417 433
1165 1371 1247 1406 ΝΟ
1267 1381 1348 1407 nar.
1365 1383 1438 1408 scr.
1470 1371 1562 1409 Pro·

115 1418 229 1453 ximus
257 1429 333 1452 oce.
358 1429 381 1464 9
409 1429 491 1453 uar-
509 1429 579 1454 scr.
614 1420 698 1462 Ita,
732 1419 888 1466 submit,
925 1421 962 1455 D
989 1419 1101 1456 solus.
1159 1421 1291 1456 subibit
1316 1423 1459 1459 caeteri.

166 1467 253 1504 315.
282 1466 498 1504 Obstiterint
523 1468 655 1504 imbres
679 1471 722 1505 N
724 1481 747 1517 9
768 1474 856 1514 tres;
892 1470 956 1506 04
974 1481 1055 1506 tzar.
1070 1481 1140 1506 scr.
1178 1470 1225 1506 Ni
1245 1473 1409 1508 steterint
1427 1472 1561 1510 imbres

114 1531 135 1555 s
157 1523 243 1554 nott.
266 1519 432 1567 impressi
441 1532 450 1563 ς
477 1517 500 1554 h
528 1531 602 1555 ma.
618 1531 686 1556 sec.
727 1521 859 1556 imbres
885 1520 1001 1556 emissi
1029 1521 1181 1557 nubibus
1214 1522 1265 1566 G3
1295 1524 1329 1557 B
1353 1523 1438 1560 437
1466 1534 1561 1571 qua-

114 1575 198 1606 tuor
219 1580 301 1605 var.
317 1580 387 1605 scr.
423 1569 554 1605 imbres
574 1570 687 1606 missis
713 1571 777 1606 tibi
795 1572 856 1607 40.
898 1571 1028 1607 imbres
1056 1572 1117 1607 tibi
1144 1572 1238 1607 missi
1265 1573 1349 1608 nub.
1375 1570 1426 1609 Ψ.
1461 1574 1560 1610 missi

116 1619 163 1655 de
190 1619 342 1654 nubibus
368 1622 450 1655 Dm
476 1621 642 1668 quinque.
685 1622 788 1657 imbr.
816 1621 881 1657 nisi
906 1622 935 1657 si
962 1621 1007 1657 de
1033 1622 1117 1657 nub.
1145 1633 1251 1658 imus.
1298 1623 1401 1659 imbr.
1430 1623 1495 1659 nisi
1519 1635 1560 1661 se

117 1669 163 1705 de
190 1670 275 1705 nub.
303 1669 411 1705 alius.
450 1670 547 1705 missi
573 1682 654 1705 curn
682 1672 833 1706 nubibus
852 1668 973 1707 1141.
1010 1672 1141 1707 imbres
1167 1673 1232 1708 nisi
1258 1673 1320 1708 tibi
1338 1670 1385 1709 Σ.
1426 1674 1558 1710 imbres

117 1720 184 1756 nisi
209 1719 238 1755 si
263 1719 327 1754 tibi
352 1720 388 1755 A
408 1719 504 1767 (test.
528 1721 662 1765 Gron.)
681 1720 1060 1769 BGKAlmogps
1080 1723 1164 1757 420
1175 1726 1221 1758 33
1235 1725 1283 1758 34
1294 1724 1342 1759 35
1355 1726 1404 1760 36
1429 1724 1559 1771 uiginti

116 1771 268 1819 quinque
292 1768 401 1817 gloss.
416 1768 464 1805 A
470 1783 481 1813 ς
512 1767 659 1813 OEGest.
672 1773 798 1807 Heius.
817 1771 881 1807 uisi
895 1772 1053 1817 Matth.)
1065 1774 1107 1807 N
1109 1774 1162 1808 2⁴8
1179 1784 1244 1819 pro
1260 1784 1342 1809 ita-r.
1355 1785 1426 1810 scr.
1453 1774 1558 1811 imbr.

116 1821 211 1857 missi
236 1820 300 1855 nisi
327 1821 413 1856 nub.
442 1831 551 1863 meus3
584 1829 608 1866 9
634 1819 731 1856 alius
755 1832 837 1857 tear.
856 1832 926 1857 scr.
968 1822 1098 1857 imbres
1124 1822 1189 1857 nisi
1216 1823 1309 1858 missi
1336 1823 1421 1859 nub.
1449 1835 1558 1861 unas.

115 1871 247 1907 imbres
274 1870 339 1906 nisi
365 1870 410 1906 sit
436 1870 498 1905 tibi
521 1869 674 1905 nubibus
694 1869 730 1916 b,·
756 1883 780 1919 p
795 1882 877 1907 nar.
892 1882 961 1907 scr.
1003 1871 1134 1907 imbres
1162 1872 1226 1908 nisi
1253 1873 1403 1909 nubibus
1419 1872 1452 1919 f.
1489 1886 1558 1910 nu-

116 1923 220 1957 bibus
246 1921 314 1957 atri
338 1933 387 1957 m.
432 1919 544 1968 Signa
571 1920 709 1956 dabunt
734 1932 853 1957 nonae
880 1922 944 1956 nisi
971 1921 1000 1957 si
1026 1922 1088 1957 tibi
1116 1922 1267 1958 nubibus
1294 1924 1379 1959 atris
1405 1921 1459 1960 A.
1497 1924 1557 1960 ln-

115 1972 272 2008 stiterint
298 1982 415 2007 nonae
441 1970 507 2006 nisi
533 1970 582 2006 sic
608 1971 657 2006 ibi
683 1971 835 2007 nubibus
861 1973 946 2007 atris
965 1971 1001 2007 A
1025 1972 1129 2016 (teste
1145 1973 1324 2017 Heinsio).
1363 1973 1559 2010 Institerint

115 2034 247 2058 nonae.
283 2021 349 2058 nisi
382 2021 426 2057 sit
463 2020 526 2056 tibi
560 2021 701 2057 nubilus
735 2016 797 2057 {ier
822 2024 845 2057 8
872 2021 968 2069 (test.
985 2023 1129 2068 Heins.;
1169 2022 1262 2068 Cios.
1290 2023 1392 2072 longe
1417 2023 1556 2072 aliter).

119 2072 240 2110 Gloss.
261 2073 300 2108 in
322 2069 380 2107 ffl:
410 2071 493 2120 quia
519 2082 586 2120 per
612 2078 754 2120 tempus
785 2072 975 2108 obscurum
1002 2085 1073 2108 non
1100 2080 1251 2122 possunt
1277 2074 1402 2111 uideri.
1449 2075 1558 2110 lnsti-

113 2124 222 2159 terint
249 2134 366 2159 nonae
392 2124 544 2170 quinque
570 2121 732 2158 alituum
752 2125 902 2159 2et13.
1004 2124 1089 2159 316.
1118 2123 1253 2159 dabant
1278 2121 1324 2160 Σ.
1363 2124 1472 2161 None
1491 2124 1556 2161 da-

113 2173 205 2209 bunt
229 2173 330 2221 signa
348 2172 379 2218 f.
417 2172 529 2220 Signa
555 2171 694 2208 dabunt
719 2185 813 2208 none
841 2185 939 2209 exor.
964 2171 1003 2208 (D
1019 2185 1111 2210 corr.
1152 2174 1265 2222 Signa
1292 2174 1428 2211 dabunt
1453 2175 1556 2211 nonis

113 2235 213 2260 exor.
246 2225 274 2260 G
301 2222 408 2260 alius.
456 2223 568 2271 Signa
595 2222 733 2259 dabunt
757 2223 887 2260 imbres
915 2225 1100 2260 exoriente
1125 2225 1161 2260 A
1186 2226 1304 2261 2813
1330 2227 1499 2274 qninque3
1531 2238 1555 2274 p

112 2285 196 2311 war.
211 2285 282 2310 scr.
319 2273 515 2310 institerint
539 2273 670 2309 imbres
694 2274 878 2310 exoriente
895 2271 948 2310 A.
977 2275 1042 2310 lira
1062 2272 1222 2313 EGFr.
1324 2277 1409 2312 317.
1438 2276 1555 2319 Quat·-

114 2330 198 2361 tuor
229 2322 295 2360 (1222
324 2323 402 2360 alii.
455 2324 529 2359 dies
542 2323 690 2360 ‘ductos
717 2327 751 2360 B
761 2326 841 2361 DE
857 2324 935 2362 sub.
956 2336 1032 2361 ras.
1064 2327 1099 2361 G
1123 2337 1235 2374 snpra
1261 2336 1331 2362 sor.
1348 2338 1422 2362 ma.
1440 2337 1495 2375 pr.
1523 2328 1558 2361 P

114 2373 200 2411 Am
225 2374 352 2411 decem.
395 2374 469 2410 dies
495 2374 608 2410 dictos
634 2375 671 2410 A
692 2375 753 2411 43.
800 2375 875 2411 dies
901 2375 1002 2411 dictis
1032 2378 1102 2411 Ts
1119 2380 1263 2424 septem.
1304 2375 1379 2412 dies
1404 2375 1554 2413 ductos-

115 2436 186 2474 que
211 2437 257 2461 ex
282 2427 325 2461 N
339 2436 420 2462 aar.
438 2436 508 2461 scr.
553 2424 628 2460 dies
654 2425 779 2461 ductas
806 2438 850 2461 ex
877 2425 1002 2462 ordine
1027 2436 1150 2462 noctes
1177 2428 1238 2462 40.
1279 2424 1354 2462 dies
1381 2427 1482 2463 nonis
1510 2438 1554 2462 ex

115 2475 242 2511 ordine
267 2475 382 2512 ductis
413 2477 447 2512 G
463 2474 525 2511 sed
546 2487 636 2511 corr.
657 2474 689 2511 b.
735 2476 860 2512 ordine
885 2475 1012 2512 ductos
1039 2475 1059 2511 b
1080 2488 1162 2513 uam.
1178 2489 1249 2513 scr.
1352 2479 1437 2514 318.
1473 2477 1554 2513 luce

117 2524 284 2563 colendus
309 2537 329 2563 r
347 2537 431 2563 παν.
447 2537 518 2562 scr.
538 2537 542 2541 ·
621 2527 707 2562 319.
736 2537 814 2562 esse
839 2532 944 2575 potes
964 2525 1002 2564 h.
1103 2529 1189 2563 320.
1219 2527 1343 2564 Hostia
1365 2527 1552 2563 celestibus

117 2585 189 2622 quo
217 2577 258 2612 E.
366 2580 453 2612 321.
481 2576 566 2619 Quo
593 2577 660 2613 eal,
692 2576 722 2614 G
737 2588 820 2615 παν.
838 2588 910 2614 scr.
938 2575 1052 2613 calido
1080 2578 1213 2614 cultros
1244 2584 1272 2616 t.
1299 2590 1328 2615 s.
1353 2578 1494 2615 strictos
1519 2589 1551 2614 s.

116 2624 256 2661 strictos
269 2651 279 2663 .
298 2652 308 2662 .
325 2653 334 2663 .
351 2633 498 2664 neturus
524 2629 570 2664 E.

1183 2688 1240 2723 2*
