1685 2954
131 74 293 117 ccxciv
544 75 738 116 con.·50.
764 83 888 116 cnon.
918 84 1017 117 nnn.
1046 85 1173 117 ver-r.

233 189 294 226 80.
346 184 410 223 50.
449 182 532 222 Hoc
563 196 714 224 numero
746 187 926 238 impertiui
960 188 1154 239 scripturas
1180 198 1225 225 ex
1259 185 1566 236 glossematis

86 284 91 289 ,
134 246 264 285 codicis
289 245 606 284 Londinensis
631 247 721 285 Iunii
745 260 906 286 seorsum
932 255 1096 287 enotatas
1122 249 1168 286 ab
1187 248 1348 286 Heinsio.
1386 249 1504 299 Atque
1528 249 1567 286 hi

131 317 215 348 sunt
241 309 334 356 libri,
360 320 514 358 quorum
539 319 800 359 saepenumero
826 322 898 347 non
925 309 1082 348 indicato
1109 311 1252 348 nomine
1276 310 1477 360 scripturae
1500 322 1568 360 po·

133 377 283 408 nuntur.
334 368 392 406 Ex
421 369 614 407 innumeris
647 370 734 408 locis
769 370 875 408 didici
909 372 1147 422 quadraginta
1171 372 1250 409 fere
1275 372 1432 420 integros
1458 370 1569 408 fuisse

131 431 298 479 collatos,
325 442 346 467 a
372 441 445 480 quo
468 442 618 468 numero
639 431 863 469 subducendi
889 433 914 470 ii
940 440 1059 481 erant,
1087 445 1239 483 quorum
1260 433 1404 469 nomina
1421 431 1570 470 aliunde

130 494 276 542 cognita
303 491 494 529 habebam.
540 492 615 530 Res
640 492 711 530 fuit
735 493 915 530 interdum
941 493 1172 531 difficillimae
1197 494 1489 543 ratiocinationis,
1513 494 1570 531 in·

130 554 274 592 terdum
300 565 448 604 prorsus
473 555 654 591 incertae:
682 555 844 603 praestiti
870 555 1003 592 scilicet
1028 555 1126 605 quod
1153 555 1268 605 potui.

230 617 296 653 81'.
342 615 492 652 Iacobus
511 616 772 653 Gronouius
797 613 985 664 aliquoties
1004 615 1134 652 codicis
1156 616 1237 652 msti
1263 617 1459 667 scripturas
1483 628 1569 667 per-

128 677 270 728 scripsit
294 676 330 713 in
353 677 548 727 exemplari
574 676 733 727 quodam
760 674 924 714 editionis
944 668 1178 726 Heinsianae‚
1204 689 1311 727 quem
1332 690 1398 715 suo
1423 679 1570 716 nomine

127 737 323 789 appessauL

227 801 290 837 82.
341 798 469 837 Editos
498 807 641 837 ueteres
668 799 803 836 contuli
828 799 1109 837 Rubeanam
1135 799 1314 837 Venetam
1343 799 1456 848 1475,
1481 799 1569 836 Za-

127 861 247 898 rotti
272 859 581 897 Mediolanensem
609 860 1043 914 1477‚-Vicentinam
1070 862 1184 908 1480,
1209 861 1432 898 Venetam
1459 861 1570 906 1484,

128 922 349 959 Aldinam
378 922 501 970 1502,
537 920 922 959 Mediolanensem
955 934 1037 959 cum
1070 923 1334 960 commentariis
1360 924 1443 960 Ant.
1470 922 1570 960 Con-

126 983 274 1021 stantini
300 988 337 1019 et
362 981 466 1020 Pauli
487 983 599 1020 Marsi
626 982 738 1031 1510,
764 983 970 1021 Aldinam
999 985 1110 1021 1516.
1161 983 1247 1021 Non
1273 983 1427 1021 multum
1451 984 1571 1021 bonae

129 1045 244 1095 frugis
269 1045 407 1092 inueni,
434 1045 557 1094 itaque
582 1044 785 1081 summatim
812 1045 873 1081 ubi
891 1046 1015 1095 plures
1035 1046 1264 1083 consentiunt
1281 1044 1360 1083 edd.
1377 1049 1464 1082 vett.
1490 1044 1570 1082 lau-

128 1106 227 1156 daui,
253 1118 322 1144 nec
347 1106 413 1143 nisi
439 1102 549 1155 paulo
577 1106 745 1154 grauiora
770 1105 990 1145 enucleatius
1014 1108 1134 1158 posui.

229 1169 300 1205 Hic
326 1179 455 1205 censeo
481 1166 715 1204 subsistamus
742 1173 780 1205 et
804 1180 827 1205 a
852 1169 997 1206 minutis
1023 1170 1140 1217 curis,
1173 1169 1220 1206 ab
1245 1168 1419 1218 improbis
1444 1166 1570 1205 iudici-

128 1232 196 1268 bus
225 1235 263 1267 et
289 1228 598 1279 compilatoribus,
624 1241 779 1279 quorum
797 1230 960 1280 proxime
979 1236 1064 1267 ante
1082 1237 1119 1268 et
1136 1237 1233 1267 retro
1251 1231 1358 1267 turba
1384 1241 1424 1266 se
1447 1235 1570 1266 osten-

127 1292 200 1338 dit,
233 1298 428 1329 auocatum
455 1292 613 1328 animum
640 1291 818 1340 erigamus
844 1304 917 1329 non
944 1291 991 1328 ad
1015 1292 1241 1328 Batauorum
1267 1292 1467 1341 priscorum
1493 1302 1570 1327 me·

124 1354 295 1401 moriam,
321 1353 418 1390 inter
444 1364 537 1402 quos
564 1352 692 1389 uixisse
718 1352 891 1400 dicimur,
919 1365 991 1389 non
1017 1353 1064 1389 ad
1089 1353 1360 1403 posteritatem,
1387 1350 1434 1388 ad
1459 1363 1569 1402 quam

107 1415 238 1464 ⁴ualde
264 1412 469 1465 optandum
493 1418 549 1450 est
574 1424 622 1450 ne
647 1413 839 1464 quicquam
866 1413 977 1451 nostri
1000 1413 1248 1463 insuperatum
1273 1413 1426 1450 transire
1449 1413 1570 1450 sinaut

127 1477 274 1527 ingenia
299 1487 395 1526 quae
424 1480 507 1524 post
532 1471 607 1512 Od.
633 1473 851 1513 Muellerum
881 1481 918 1513 et
943 1474 1041 1512 Rud.
1061 1475 1315 1522 Klausenium,
1341 1472 1569 1511 admirabiles

126 1540 248 1587 uiros,
281 1536 513 1587 antiquitates
538 1548 660 1574 sacras
685 1537 935 1574 Romanorum
961 1536 1160 1581 illustrant;
1194 1535 1258 1571 sed
1284 1534 1329 1571 ad
1356 1546 1569 1583 magnorum

125 1600 331 1638 criticorum
359 1598 465 1635 huius
496 1598 580 1635 aeui
605 1598 804 1635 claritatem
819 1624 832 1645 ,
866 1609 1020 1647 quorum
1054 1597 1228 1632 maximus
1253 1603 1308 1632 est
1333 1595 1570 1632 Godosredus

125 1662 356 1699 Hermannus
388 1670 455 1709 per
480 1657 607 1696 decem
632 1670 746 1696 annos
771 1660 881 1696 tacita
906 1659 982 1704 (ita
1005 1659 1100 1694 enim
1125 1656 1256 1694 decere
1280 1657 1481 1706 putabam)
1506 1668 1571 1694 ue-

126 1723 318 1760 neratione
341 1732 364 1757 a
390 1731 449 1758 me
473 1720 610 1758 cultus:
636 1719 702 1758 sed
720 1719 768 1758 ad
785 1720 982 1757 amicorum
999 1719 1247 1755 suauissimam
1265 1718 1569 1766 coniunctionem,

127 1783 176 1820 ad
203 1795 295 1832 quos
321 1793 402 1818 cum
429 1779 517 1832 quid
542 1781 652 1831 paulo
677 1781 899 1831 probabilius
930 1779 1112 1817 inuenisse
1143 1779 1231 1816 mihi
1256 1778 1407 1817 uidebar
1431 1779 1570 1818 oratio-

127 1857 212 1883 nem
238 1843 337 1895 apud
364 1844 522 1881 animum
550 1842 735 1880 conuerti:
773 1841 973 1879 Theodore
997 1840 1132 1890 Bergki
1167 1847 1204 1878 et
1236 1840 1421 1881 Friderice
1444 1842 1569 1890 Haasi,

128 1913 252 1945 uestro
277 1905 398 1946 omine
423 1904 482 1944 hic
507 1904 596 1943 liber
620 1903 775 1956 prodeat
799 1912 837 1942 et
864 1902 974 1942 uestri
999 1902 1130 1940 similes
1155 1909 1318 1953 quaerat.
