1685 2954
92 101 246 131 LXXXII
705 97 925 129 ANNAMVM

92 200 191 237 nime
215 205 337 237 tamen
362 196 561 246 virgiliano
587 208 689 233 more
717 198 920 236 aemulatus
945 204 1021 247 est,
1054 197 1120 236 sed
1145 203 1208 235 aut
1232 196 1391 248 lenigata
1415 206 1453 238 et
1477 213 1541 238 ur·

92 262 188 298 bana
213 268 251 298 et
274 258 439 297 familiari
466 259 582 294 utitur
608 257 825 308 elocutione,
851 266 915 297 aut
940 259 1213 308 declamatoria,
1241 260 1341 297 uelut
1365 261 1402 297 iu
1428 261 1541 312 Regi-

91 322 204 373 sugio,
232 320 329 371 quod
356 324 608 368 argumentum
635 331 716 356 cum
742 321 814 357 iam
837 322 922 358 olim
945 321 1142 370 tragoediis
1168 313 1391 359 celebratum
1416 321 1540 371 fuerit,

92 384 164 420 uid.
193 381 428 419 Niebuhrium
455 379 494 416 h.
519 380 590 416 Ro.
613 383 650 428 1,
676 393 714 430 p.
730 381 820 430 578,
846 389 939 430 not.,
966 389 1049 432 post
1075 383 1241 419 Caesaris
1268 394 1393 420 necem
1419 383 1541 421 denuo

91 443 280 490 increbuit,
309 442 383 478 uid.
407 440 606 478 Weichert.
633 441 680 479 de
705 443 807 481 Cass.
834 443 957 480 Parm.
982 456 1022 493 p.
1037 445 1126 491 273,
1157 443 1280 480 Ouidii
1308 455 1395 479 uero
1421 449 1543 480 aetate

90 505 283 541 declamari
309 503 430 553 coepit
458 503 494 539 in
521 502 706 541 rhetorum
733 505 879 552 scholis,
907 503 980 541 uid.
999 504 1169 540 Bonnell.
1198 504 1244 541 de
1271 512 1360 541 mut.
1388 504 1455 540 snb
1482 516 1540 553 pr.

89 566 216 603 Caess.
239 565 334 614 eloq.
353 563 559 602 conditione
583 576 621 615 p.
637 566 698 609 27,
714 567 778 603 28.
830 565 1000 602 Colorem
1027 565 1203 602 eiusmodi
1230 568 1265 603 in
1292 565 1362 602 hac
1388 578 1427 601 re
1453 577 1542 615 pro·-

88 626 186 664 ferre
211 638 344 664 censeo
370 626 610 676 Augustinum
637 625 684 662 de
710 637 742 661 c.
770 623 806 661 d.
836 628 875 673 1,
901 627 972 663 19:
1006 626 1171 664 mirabile
1195 626 1314 675 dictu,
1349 626 1420 664 duo
1456 626 1543 673 fue-

85 692 175 725 rum
197 692 231 724 et
259 687 477 725 adulterium
502 699 599 724 unaets
621 687 812 723 commisit.

189 749 266 786 Sed
293 756 332 786 ut
358 748 404 785 ad
431 749 600 797 grauiora
626 748 832 794 ueniamus,
859 747 905 783 ab
933 746 1053 784 Ennio
1079 747 1272 798 desumpta
1297 748 1382 785 mihi
1410 748 1542 786 uiden-

87 817 162 860 tur,
193 822 288 860 quae
314 809 467 848 Ouidius
493 809 540 846 de
567 809 727 846 Hercule
752 810 788 845 in
815 807 917 846 Italia
944 815 1190 845 commorante
1215 808 1326 845 habet
1353 814 1389 857 1,
1406 810 1542 846 540-

87 874 185 921 5843
211 874 250 920 5,
268 873 497 916 643-660‚
523 881 593 907 nec
616 869 724 906 credo
744 881 939 919 perperam
966 869 1142 906 iudicasse
1162 869 1209 905 de
1227 869 1439 918 fragmentis
1459 870 1542 920 qui-

86 934 238 971 busdam
266 933 468 970 Hesselium
494 945 533 981 p.
550 933 728 968 27—31.
780 930 991 975 Proximus,
1026 943 1100 980 quo
1138 930 1334 980 plurimum
1368 943 1456 968 usus
1482 931 1543 968 ui-

86 996 214 1044 detur,
252 1001 308 1032 est
340 994 394 1031 M.
422 993 570 1030 Porcius
607 993 737 1031 Catos
777 992 874 1029 Nam
911 1004 1007 1042 quae
1044 991 1090 1029 de
1128 993 1303 1029 Termino
1340 998 1467 1029 narrat
1499 995 1542 1040 2,

84 1058 319 1103 665-672,
345 1055 423 1091 fieri
448 1060 585 1104 potest,
613 1060 654 1091 ut
679 1054 777 1105 apud
803 1054 926 1104 plures
953 1059 1094 1090 ueteres
1121 1053 1262 1102 legerit.
1316 1052 1392 1090 Sed
1418 1060 1541 1090 tamen

85 1131 168 1155 cum
195 1118 266 1164 alii,
293 1116 456 1167 inprimis
474 1115 606 1160 Varro,
636 1123 676 1152 ut
693 1123 799 1166 puto,
826 1116 862 1151 in
888 1115 995 1162 libro,
1021 1113 1081 1151 ubi
1101 1113 1311 1163 Capitolina
1330 1115 1416 1151 iura
1439 1125 1540 1162 pan-

84 1179 202 1224 debat,
229 1185 321 1216 teste
340 1177 539 1225 Augustino
565 1175 612 1213 de
638 1189 670 1214 c.
690 1177 727 1214 d.
747 1179 786 1225 4,
805 1179 869 1224 23,
896 1177 1099 1213 narrauisse
1122 1174 1314 1211 uideantur
1339 1174 1386 1211 de
1403 1175 1540 1223 Marte,

83 1241 279 1278 quentute
315 1246 353 1276 et
381 1238 582 1285 Termino,
620 1236 801 1276 Catonem
836 1238 966 1275 scimus
1002 1239 1039 1274 in
1067 1237 1257 1285 Originum
1294 1237 1385 1272 libro
1419 1237 1541 1285 primo

84 1301 274 1339 Ouidianis
307 1300 485 1337 simillima
520 1298 733 1347 tradidisse,
770 1299 845 1336 uid.
872 1299 1021 1335 Festum
1051 1311 1088 1347 p.
1114 1302 1160 1334 12
1188 1298 1270 1334 Vrs.
1298 1297 1322 1333 l.
1342 1299 1415 1344 30,
1442 1309 1473 1333 s.
1500 1309 1538 1334 ιι.

83 1364 293 1412 Nequitiam.
332 1361 509 1397 Catonem
536 1371 623 1409 ergo
648 1359 803 1396 sortasse
829 1360 995 1410 sequitur
1019 1358 1171 1395 Seruius
1198 1357 1245 1394 ad
1271 1359 1362 1394 Aen.
1381 1359 1420 1405 9,
1440 1359 1538 1395 448:

82 1423 295 1463 Lactantius
322 1425 357 1469 l,
376 1424 428 1457 20
453 1419 642 1468 Ouidium,
669 1421 769 1471 apud
796 1434 905 1471 quem
931 1432 1030 1458 noua
1061 1420 1246 1469 Capitolia
1271 1432 1308 1456 u.
1326 1420 1400 1456 665
1427 1419 1540 1456 inter-

82 1485 284 1537 pretaberis
309 1495 355 1520 ex
375 1482 544 1522 Varrone
570 1482 617 1518 de
642 1482 667 1519 l.
695 1483 720 1521 1.
747 1489 810 1518 aut
835 1482 874 1530 5,
889 1485 951 1528 41,
980 1488 1044 1519 aut
1067 1483 1105 1530 5,
1123 1483 1208 1518 158.
1264 1481 1374 1524 Quae
1399 1480 1446 1517 de
1467 1480 1538 1518 Sa-

82 1548 175 1584 binis
201 1546 317 1595 raptis
343 1550 467 1581 narrat
493 1542 647 1580 Ouidius
677 1546 715 1591 3,
737 1543 958 1580 205—228
994 1543 1150 1580 eundem
1183 1545 1219 1579 in
1254 1542 1427 1589 modum,
1464 1554 1539 1591 quo

82 1609 193 1646 etiam
217 1605 435 1644 Plutarchus
462 1605 570 1642 Rom.
597 1617 630 1642 c.
656 1606 719 1652 19,
746 1604 853 1641 Seru.
882 1604 929 1641 ad
956 1606 1046 1641 Aen.
1075 1608 1115 1653 8,
1133 1605 1207 1642 635
1233 1611 1270 1641 et
1296 1610 1437 1640 tantum
1463 1615 1540 1640 non

81 1671 213 1707 Festus
239 1681 277 1719 p.
295 1670 380 1715 100,
400 1669 450 1703 30
468 1667 569 1714 Vrs.,
595 1664 727 1702 mirum
755 1666 822 1702 nisi
849 1678 871 1703 a
897 1666 948 1703 M.
978 1666 1120 1703 Catone
1142 1673 1291 1715 sumpta
1316 1670 1412 1701 sunt.
1465 1663 1538 1700 So·

81 1732 156 1768 lum
184 1731 278 1768 enim
304 1729 401 1765 hunc
426 1727 632 1765 testimonio
658 1726 703 1763 L.
731 1726 868 1763 Valerii
893 1727 1027 1763 tribuni
1053 1727 1169 1776 plebis
1193 1726 1292 1776 apud
1319 1725 1402 1762 Liu.
1428 1727 1493 1774 32,
1512 1724 1538 1762 5

80 1792 212 1829 scimus
239 1791 276 1826 in
303 1789 513 1838 Originibus
539 1787 750 1834 tradidisse,
792 1787 972 1836 Capitolio
998 1800 1023 1825 a
1049 1787 1199 1825 Sabinis
1223 1791 1328 1837 capto
1355 1798 1436 1824 cum
1460 1798 1539 1823 me-

81 1853 142 1891 dio
165 1854 205 1889 in
230 1851 313 1898 foro
335 1852 452 1898 signis
478 1848 623 1886 collatis
648 1847 906 1897 dimicaretur,
937 1850 1142 1886 intercursu
1168 1853 1421 1886 matronam-mn
1445 1849 1540 1884 iuter

82 1917 179 1952 acies
203 1913 298 1951 duas
323 1911 498 1962 praetium
522 1909 688 1946 sedatum
714 1921 802 1947 esse.
852 1910 1001 1948 Scilicet
1027 1911 1086 1947 alii
1121 1912 1230 1960 longe.
1255 1910 1399 1947 diuersa
1424 1909 1539 1946 tradi-

81 1977 237 2023 derant,
261 1980 302 2010 ut
328 1974 398 2009 Cn.
426 1972 566 2008 Gellius
592 1972 628 2007 in
654 1972 866 2020 annalibus,
902 1984 1010 2021 quem
1041 1973 1144 2022 sequi
1169 1972 1379 2020 Dionysium
1406 1975 1444 2018 2,
1470 1970 1537 2019 45,

81 2040 131 2074 46
158 2036 293 2086 liquido
320 2034 549 2083 cognoscitur
574 2044 620 2069 ex
645 2033 714 2081 iis,
750 2044 847 2082 quae
872 2041 1113 2069 seruauerunt
1139 2033 1322 2070 Charisius
1350 2036 1387 2079 l,
1415 2033 1465 2068 39
1489 2031 1535 2068 Ρ.

81 2105 119 2135 et
144 2099 285 2135 Gellius
319 2109 355 2132 n.
383 2097 458 2131 Att.
488 2097 548 2141 13,
576 2097 646 2139 223
681 2100 722 2130 ut
746 2094 830 2142 ille,
865 2106 974 2143 quem
1001 2095 1164 2144 sequitur
1189 2094 1409 2142 Augustinus
1436 2106 1467 2129 c.
1495 2092 1534 2130 d.

81 2162 121 2206 3,
149 2163 210 2207 13,
238 2158 409 2208 quoniam
435 2155 482 2192 de
508 2155 623 2191 Fabio
649 2155 794 2192 Pictore
818 2161 857 2192 et
883 2155 1028 2191 Valerio
1055 2155 1189 2190 Antiati
1216 2161 1254 2190 et
1279 2154 1426 2204 Sempr.
1453 2155 1535 2190 Tu-

82 2219 203 2255 ditano
231 2219 316 2254 nihil
342 2217 509 2255 disertius
534 2216 683 2253 tradunt
710 2216 807 2253 Plut.
825 2217 933 2252 Rom.
958 2218 1006 2252 14
1027 2222 1064 2252 et
1084 2216 1248 2252 Macrob.
1273 2219 1310 2263 1,
1328 2217 1387 2253 16.
1425 2216 1536 2260 Quae

83 2280 130 2317 de
150 2280 390 2316 Consualibus
416 2284 453 2316 et
472 2278 737 2314 Matronalibus
764 2278 936 2314 annexuit
956 2276 1126 2324 Ouidius,
1152 2289 1237 2312 num
1263 2276 1421 2313 indidem
1447 2278 1533 2326 sint,

83 2354 156 2378 non
183 2341 355 2387 dixerim,
382 2351 602 2389 quamquam
628 2339 778 2376 Seruius
802 2339 864 2374 ubi
890 2338 937 2374 de
956 2337 1218 2374 Matronalibus
1245 2338 1341 2386 agit,
1367 2338 1414 2375 ad
1440 2339 1532 2375 Aen.

82 2405 123 2451 8,
148 2404 236 2449 638,
265 2408 417 2438 testatur
444 2402 648 2448 Catonem,
676 2412 766 2450 quas
792 2407 903 2450 poeta
930 2413 966 2436 u.
988 2402 1067 2438 230
1092 2397 1279 2436 Oebalides
1304 2399 1482 2447 nominat,
1509 2412 1532 2435 a

83 2463 182 2500 Sabo
210 2462 496 2498 Lacedaemonio
523 2460 726 2498 deduxisse.
775 2461 833 2498 De
858 2461 1099 2498 Consualibus
1133 2472 1156 2496 a
1188 2460 1346 2497 Romulo
1380 2466 1531 2498 auctore

84 2524 203 2561 Marte
227 2524 398 2559 institutis·
421 2523 591 2559 conuenit
614 2522 747 2560 Ouidio
774 2535 811 2560 u.
839 2524 914 2559 197
937 2535 1019 2572 sqq.
1047 2533 1129 2557 cum
1163 2532 1231 2566 eo,
1264 2521 1424 2570 quisquis
1459 2526 1529 2569 est,

84 2597 192 2635 quem
228 2584 344 2620 reddit
378 2585 597 2632 Augustinus
631 2584 678 2621 de
713 2597 745 2621 c.
780 2584 817 2622 d.
855 2588 894 2631 2,
923 2586 990 2620 17:
1031 2581 1093 2618 ubi
1127 2584 1240 2618 Mars
1272 2579 1389 2628 filium
1422 2594 1531 2619 situm

84 2651 303 2695 pugnantem
328 2648 484 2689 iuuaret,
507 2650 546 2681 eet
572 2646 815 2693 coniugiorum
841 2649 1053 2693 reymerum
1079 2644 1195 2681 arnus
1217 2642 1447 2681 ulcisceretur
1471 2645 1530 2681 in-
