1685 2954
670 112 820 146 canus
1275 110 1476 145 chxxxx

32 232 56 258 a
82 217 331 270 grauioribus,
366 211 513 265 quaudo
548 218 732 251 certamen
764 218 820 250 est
851 217 978 250 contra
1008 212 1192 251 seruitium
1217 224 1262 251 eo
1288 211 1478 252 inuolucro

32 280 346 318 commendatum:
381 282 547 313 neutrum
570 276 606 312 in
633 275 834 311 Varronem
860 274 969 312 cadit.
1023 275 1153 313 Restat
1180 276 1287 325 igitur
1311 286 1477 311 necessa-

32 344 87 380 ria
114 344 174 379 illa
196 339 412 392 quandoque
427 338 462 373 in
482 338 626 373 ciuitate
647 336 824 385 religionis
851 336 1075 385 refrigeratio
1097 343 1133 374 et
1158 337 1290 387 frigida
1311 335 1476 373 fomenta

33 404 344 454 philosophorum.
394 399 486 435 Huic
515 399 567 434 rei
588 398 730 447 utrique
749 397 922 433 Varronis
949 409 1079 433 aeuum
1099 397 1207 435 ualde
1233 397 1342 435 affine
1365 398 1477 435 fuisse

37 478 112 502 non
141 472 208 511 est,
235 461 332 512 quod
359 460 524 497 doceam.
576 460 698 510 Ipsum
723 458 858 508 duplex
885 460 1108 508 potissimum
1135 459 1182 495 de
1207 458 1282 496 deis
1309 459 1476 497 iudicium

34 536 228 576 usurpasse
269 523 412 560 scimus.
481 522 646 558 Stoicum
680 526 745 557 aut
779 520 1006 557 Platonicum
1047 520 1321 570 hierophantam
1360 522 1477 571 egisse

34 599 144 637 supra
170 598 207 634 p.
225 596 331 621 cvm
362 596 457 634 quae
483 583 661 633 excerpsi,
687 583 857 633 probant.
909 581 1012 618 Adde
1038 582 1280 618 testimonium
1307 582 1376 619 hoc
1402 585 1477 620 Au·

34 647 166 697 gustini
191 648 231 694 7,
259 648 322 693 28,
356 646 454 696 quod
487 644 533 682 ad
560 656 667 694 quem
695 644 824 681 librum
852 643 1082 681 referendum
1108 644 1172 687 sit,
1197 645 1345 692 ignoret
1380 647 1477 683 Hinc

32 711 140 746 etiam
166 707 447 745 samothracum
473 706 605 744 nobilia
632 707 807 752 mysteria
839 706 877 742 in
908 707 1085 754 superiori
1110 705 1199 743 libro
1223 707 1276 742 sic
1300 706 1478 755 interpre-

33 774 135 807 tatur
158 781 268 819 eaque
293 782 353 814 se,
382 781 472 818 quae
499 780 561 805 nec
585 770 662 804 mais
686 773 775 805 nota
800 770 894 813 sint,
926 767 1108 805 scribendo
1134 769 1379 817 expositurum
1404 770 1478 805 eis-

35 843 101 881 que
118 833 314 869 missurum
341 831 606 880 religiosissime
623 830 823 880 pollicetur.
864 830 986 866 Altera
1004 828 1074 866 fuit
1090 828 1284 865 Euhemeri
1301 828 1479 879 doctrina,

35 905 145 942 quam
174 894 220 929 ab
246 905 291 930 eo
318 892 428 929 nihilo
453 892 599 941 segnius
623 892 736 929 fuisse
761 891 952 941 probatam
980 896 1134 928 constat.
1179 889 1310 928 Festus
1336 894 1479 942 p.310‚

38 957 89 990 22
118 954 215 991 dext.
247 957 386 999 Varro,
412 955 547 1004 inquit,
576 958 609 990 et
634 953 865 990 Euhemerus.
919 952 1096 989 Arnobius
1121 954 1161 1000 6,
1176 952 1201 988 6
1226 953 1481 1002 polyandrium

39 1018 219 1053 Varronis
254 1023 451 1066 nuncupat.
505 1016 722 1064 Augustinus
754 1013 801 1050 de
835 1025 934 1049 conS.
962 1025 1020 1051 eu.
1052 1017 1088 1061 1,
1107 1017 1171 1062 23,
1198 1017 1321 1061 §.332
1355 1018 1479 1054 Num-

37 1077 123 1126 quid
149 1082 184 1114 et
213 1080 333 1115 Varro
366 1077 423 1113 uel
454 1082 631 1125 tanquam
661 1079 768 1124 poeta
799 1073 921 1123 finyit,
956 1075 1012 1112 uel
1043 1081 1218 1126 tanquam
1242 1078 1482 1116 Academicus

36 1138 139 1176 dubie
163 1141 276 1188 ponit,
303 1137 398 1187 quod
423 1137 508 1174 dicit
533 1137 664 1174 talium
689 1136 835 1174 deorum
860 1148 971 1174 sacra
996 1149 1042 1175 ex
1062 1141 1231 1188 citiusque
1254 1152 1376 1177 eorum
1399 1144 1481 1178 uita

35 1198 93 1236 wel
117 1204 231 1237 morte
255 1219 300 1228 -—-
329 1210 405 1236 esse
429 1196 653 1249 composita?
690 1198 769 1236 Csr.
797 1199 844 1236 de
873 1211 907 1236 c.
934 1198 970 1235 d.
997 1201 1036 1247 7,
1058 1202 1119 1247 18,
1146 1200 1303 1239 Tertull.
1331 1202 1376 1239 ad
1404 1210 1478 1240 nat.

35 1264 75 1308 2,
102 1264 148 1297 13
178 1261 228 1298 in.
281 1261 498 1311 Exemplum
526 1267 581 1296 est
614 1259 712 1310 apud
739 1261 847 1298 Seru.
875 1260 921 1297 ad
949 1266 1038 1298 Aen.
1065 1264 1101 1306 3,
1125 1262 1200 1298 578
1232 1261 1279 1299 de
1310 1263 1478 1312 Giganti-

35 1322 125 1367 bus,
163 1322 261 1372 quod
293 1324 377 1360 item
415 1323 476 1359 ubi
511 1323 692 1370 extiterit,
721 1323 856 1360 nescio.
908 1322 1039 1373 Neque
1064 1323 1157 1360 enim
1188 1323 1294 1371 ideo,
1323 1325 1408 1375 quia
1432 1326 1481 1363 de

37 1383 113 1420 deis
140 1385 248 1421 certis
282 1391 320 1421 et
358 1385 500 1421 incertis
534 1397 601 1434 pro
634 1396 701 1421 sua
726 1385 861 1421 scilicet
885 1385 1032 1421 scientia
1063 1393 1126 1422 aut
1151 1386 1334 1422 inscientia
1358 1385 1480 1426 Varro

37 1445 245 1483 disseruerit
269 1453 306 1483 et
332 1446 378 1482 fr.
397 1450 430 1490 l,
457 1447 570 1496 quod,
596 1447 648 1483 uti
675 1448 817 1497 opinor,
843 1446 926 1483 licet
954 1446 1036 1482 huic
1061 1447 1152 1484 libro
1171 1449 1381 1496 attribuere,
1407 1449 1482 1486 dis-

38 1508 174 1545 crimen
205 1507 334 1545 secisse
364 1508 492 1544 dicitur
518 1509 612 1544 inter
637 1508 725 1545 deos
750 1509 987 1558 sempiternos
1013 1515 1050 1545 et
1074 1508 1249 1556 facticios,
1276 1511 1482 1548 existiman-

39 1568 125 1605 dum
152 1577 207 1606 est
233 1569 302 1606 hoc
328 1570 418 1606 libro
439 1571 627 1620 opiniones
648 1582 764 1607 meras
789 1571 899 1619 ipsius
925 1576 988 1606 aut
1008 1570 1304 1621 philosophorum
1325 1580 1388 1610 aut
1404 1574 1481 1610 Eu-

40 1629 176 1667 hemeri
202 1638 387 1668 enarratas
412 1632 537 1670 fuisse.
590 1633 665 1670 Eas
694 1633 723 1668 si
750 1632 890 1681 attigit,
924 1631 1052 1669 fecerit
1083 1632 1118 1669 id
1146 1639 1295 1670 eatenus
1322 1642 1481 1685 oportet,

41 1699 219 1740 quatenus
254 1694 300 1729 ab
330 1694 409 1743 ipso
443 1693 581 1744 populo
616 1706 768 1731 romano
794 1700 999 1744 assumptae
1034 1700 1070 1730 et
1098 1702 1295 1746 usucaptae
1319 1697 1480 1735 fuerunt.

41 1752 212 1802 Namque
238 1754 380 1790 ciuilem
408 1756 628 1804 potissimum
662 1755 878 1802 theologiam
911 1757 1107 1792 seiunctam
1142 1768 1164 1793 a
1190 1758 1344 1794 naturali
1369 1770 1482 1809 expo-

43 1816 157 1851 suisse
183 1826 265 1851 eum
292 1815 401 1851 fidem
427 1817 564 1852 faciunt
592 1817 704 1851 uerba
729 1816 916 1864 Augustini
943 1818 982 1863 6,
1003 1819 1044 1853 6:
1079 1817 1136 1854 hic
1160 1820 1252 1855 enim
1277 1818 1372 1855 dixit
1397 1819 1483 1869 quid

43 1873 123 1922 fieri
147 1875 287 1921 debeat,
313 1876 388 1914 iilic
415 1877 499 1926 quid
524 1875 612 1924 ᾐαίς
647 1878 687 1924 6,
713 1879 758 1913 9:
794 1876 932 1913 ciuilem
959 1877 1172 1927 theologiam
1197 1884 1274 1916 tam
1299 1880 1484 1929 diligenter

44 1937 274 1986 eoeponendo3
301 1939 337 1982 7,
358 1938 402 1975 5:
430 1939 515 1988 quid
541 1951 631 1988 opus
656 1942 736 1976 erat
761 1937 805 1975 ab
831 1950 873 1975 ea
892 1940 1082 1987 (naturali)
1101 1939 1240 1978 ciuilem
1265 1947 1372 1980 tanta
1394 1956 1484 1983 cura

43 1998 285 2036 distinctionis
311 1998 524 2049 abiungere?
547 2020 598 2029 --
632 2000 721 2037 Post
753 2001 907 2050 primum
941 2001 1071 2037 librum
1104 2003 1243 2040 nonnisi
1268 2006 1483 2055 quibusdam

44 2060 160 2096 ultimi
191 2061 270 2096 libri
296 2062 382 2098 locis
407 2062 454 2098 ad
480 2062 576 2098 illam
603 2063 786 2099 lucernam
813 2062 940 2109 rediit,
975 2069 1149 2111 quantum
1175 2065 1322 2116 intelligi
1347 2076 1483 2119 potest.

25 2120 112 2158 ‘Dei
138 2121 270 2158 facticii
295 2123 488 2160 Euhemeri
516 2124 652 2161 habent
676 2124 839 2162 nonnihil
867 2136 1057 2161 commune
1092 2138 1172 2162 cum
1208 2127 1389 2179 theologia
1423 2131 1485 2169 illa

43 2189 249 2233 poetarum,
276 2196 384 2233 quam
411 2186 507 2222 ciuili
527 2187 730 2223 adiunxisse
755 2198 834 2223 sese
860 2186 1060 2222 testabatur
1077 2187 1194 2225 Varro
1213 2202 1324 2240 supra
1343 2205 1380 2242 p.
1395 2203 1483 2241 clx,

42 2244 91 2281 fr.
112 2246 178 2281 15:
214 2247 448 2295 quamobrem
483 2247 565 2283 huic
603 2248 725 2296 generi
757 2248 1059 2298 interpretationis
1092 2250 1274 2300 aliquanto
1301 2253 1382 2302 plus
1407 2253 1484 2289 for-

44 2307 147 2343 tassis
173 2307 350 2356 indulgeri
369 2311 499 2358 potuit,
540 2309 616 2345 Sed
640 2316 775 2358 tamen,
801 2311 854 2346 uti
874 2309 1051 2358 dicebam,
1079 2313 1125 2347 ab
1151 2313 1387 2351 immoderata
1405 2315 1484 2364 opi-

45 2367 157 2405 nandi
176 2375 214 2406 et
232 2370 457 2407 coniectandi
483 2372 626 2418 licentia
653 2373 846 2422 temperari
864 2384 908 2408 eo
928 2373 1147 2411 commodius
1164 2382 1320 2425 poterat,
1347 2383 1483 2425 quanto

44 2429 327 2480 frequentiorem
361 2434 439 2482 ipse
473 2433 590 2469 cultus
623 2432 773 2470 deorum
809 2434 919 2470 ciuilis
955 2434 1141 2484 diligentia
1172 2437 1234 2473 illa
1260 2437 1485 2474 Varroniana

47 2492 308 2543 perquirendus
340 2495 563 2531 occasionem
598 2493 754 2531 faciebat
785 2497 994 2543 scientiam,
1032 2502 1070 2532 ut
1095 2497 1169 2544 ait,
1203 2497 1253 2534 ad
1284 2501 1485 2548 opinionem

50 2553 266 2602 aucupandi.
317 2555 441 2592 Potuit
466 2557 581 2592 Varro
608 2569 727 2606 neque
759 2562 965 2594 transuerso
992 2557 1102 2607 digito
1129 2558 1315 2597 discedere
1340 2573 1363 2597 a
1388 2561 1486 2597 iudi-

50 2613 106 2649 cio
131 2616 358 2665 popularium
384 2623 421 2654 et
447 2612 567 2654 tamen
594 2618 682 2655 deos
708 2617 881 2656 inducere
904 2621 1046 2656 natiuos
1072 2627 1134 2671 aut
1160 2621 1296 2671 factos,
1323 2630 1362 2660 ut
1388 2623 1484 2660 Ter-

51 2674 129 2713 tull.
151 2676 198 2713 ad
221 2684 295 2717 nat.
316 2683 356 2728 2,
371 2681 419 2716 14
444 2680 620 2730 appellat.
670 2679 797 2717 Natiui
821 2682 871 2718 ita
897 2694 969 2718 non
996 2689 1100 2720 erant
1119 2682 1271 2722 Caelum
1288 2691 1330 2722 et
1349 2685 1486 2733 Terra,
