1685 2954
131 141 282 172 CXXXH
623 135 680 175 Dr:
707 135 888 164 AEvas
917 134 1059 165 SACRIS

131 253 204 292 que
228 252 250 278 e
274 238 354 276 foro
383 237 549 273 Romano
584 234 724 272 uenisse
754 235 988 285 putabimus,
1015 235 1066 271 uti
1090 234 1251 271 Bunsen.
1278 235 1440 272 statuere
1465 233 1569 272 uide-

132 310 212 351 tur,
247 301 308 351 qui
336 310 406 335 non
431 297 497 334 nisi
527 308 637 333 unum
664 295 801 332 Atrium
825 295 907 333 Lib.
935 294 1045 333 fuisse
1069 294 1227 332 affirmat
1252 306 1338 331 ann.
1364 295 1389 330 8
1416 306 1454 343 p.
1472 295 1568 332 253:

135 365 259 402 Tacite
284 362 315 397 le
338 370 477 396 nomme
502 369 626 394 encore
651 369 741 394 sans
766 369 904 394 aucune
934 356 1134 394 ‘indication
1158 355 1386 405 particuliere
1410 375 1478 391 -.
1512 359 1572 393 En

131 425 333 463 admettunt
365 420 476 457 meme
506 429 599 468 pour
631 430 681 455 un
704 423 879 466 moment,
916 418 1001 467 qu'il
1027 431 1050 464 y
1076 418 1135 454 etit
1165 429 1209 453 eu
1236 416 1349 461 deux,
1375 439 1424 444 —
1449 428 1487 453 ce
1512 418 1573 464 quoi

129 487 206 523 rien
231 496 275 520 ne
297 479 452 528 instifie,
486 485 521 516 et
545 490 590 515 en
615 485 829 530 supposant,
858 492 923 528 que
949 480 988 517 la
1013 479 1207 527 basilique,
1244 479 1305 526 qui
1334 490 1399 514 sur
1429 477 1462 514 le
1482 477 1575 527 plan

130 545 302 596 capitolin
335 555 374 580 se
406 543 481 579 voit
510 540 641 577 devant
666 540 739 578 ΡΑ.
766 544 830 587 L.,
870 543 942 578 soit
973 541 1056 578 celle
1092 539 1135 576 de
1164 541 1328 586 Traian,
1364 552 1401 576 ce
1428 540 1488 588 qni
1519 549 1576 575 me

129 605 254 658 paruit
286 602 489 653 impossible
520 605 544 640 ὰ
576 613 684 639 caaetse
715 601 758 639 ‹le
792 612 1006 638 monumens
1039 603 1100 650 qui
1125 605 1312 637 entonrent
1337 600 1377 638 la
1403 599 1576 649 basimque

131 670 304 718 (quorum
330 666 507 711 alterum,
535 662 633 712 quod
658 674 747 699 sane
770 662 953 710 negotium
979 662 1135 709 facessit,
1164 661 1271 698 ualde
1297 661 1440 698 diuerso
1466 660 1576 697 modo

131 742 156 766 a
175 730 315 766 Canina
340 732 376 764 et
401 726 436 761 in
464 727 646 773 postrema
668 723 833 759 Bunsen.
852 723 976 759 tabula
996 722 1168 759 delineari
1185 722 1330 769 uideo);
1357 723 1384 759 il
1408 722 1577 769 faudrait

129 803 174 828 en
199 794 300 828 outre
322 796 518 836 supposer,
553 796 620 833 que
643 795 716 833 par
738 795 789 820 un
815 782 960 820 hazartl
991 783 1054 821 des
1085 783 1170 833 plns
1193 782 1503 820 extraordinanes
1525 793 1577 819 un

130 850 252 898 edifice
271 848 396 898 appele
413 848 550 884 atrium
572 845 631 882 lib.
652 857 691 881 se
714 845 774 892 fut
795 845 920 882 trouve
937 843 1092 881 derv-iere
1112 843 1149 879 la
1169 842 1341 892 basilique
1361 843 1403 880 de
1423 846 1577 888 Traian,

129 913 362 963 pre‘cise‘ment
386 919 519 945 conune
543 905 592 943 du
611 910 731 955 temps
756 905 799 943 de
829 907 976 943 Ciceron
1002 905 1100 942 l'atr.
1128 904 1205 952 lib„
1230 904 1318 942 dont
1341 905 1370 942 il
1393 904 1514 953 parle,
1539 916 1579 942 se

131 974 290 1012 trouvait
319 970 474 1007 demere
506 968 545 1005 la
577 966 758 1016 basilique„
782 966 826 1004 de
849 966 1003 1004 Paulus.
1054 966 1177 1015 Prope
1201 966 1321 1002 sorum
1348 965 1499 1015 Augusti
1521 965 1579 1002 uir

131 1036 259 1072 illustr.
286 1043 371 1068 ann.
396 1032 422 1066 9
447 1043 485 1080 p.
506 1034 555 1066 21
582 1027 656 1066 tale
691 1026 836 1077 aliquod
863 1027 1064 1064 aedificium
1089 1026 1200 1065 fuisse
1225 1028 1365 1065 statuit.
1417 1027 1493 1065 Sed
1520 1028 1578 1064 ui-

130 1096 279 1132 deamus
305 1092 352 1128 de
377 1091 560 1128 Ciceronis
587 1091 684 1136 loco,
710 1089 774 1137 qui
798 1095 853 1125 est
879 1088 926 1125 ad
952 1090 1028 1126 Att.
1056 1090 1092 1133 4,
1123 1090 1189 1125 16:
1217 1089 1376 1126 Paullus
1400 1090 1437 1126 in
1462 1087 1578 1125 medio

130 1158 212 1205 foro
237 1154 426 1192 basilicam
449 1154 524 1188 iam
548 1163 661 1199 paene
685 1151 802 1186 texuit
826 1149 953 1187 iisdem
974 1152 1135 1199 antiquis
1162 1150 1350 1199 columnis,
1375 1150 1480 1187 illam
1506 1162 1579 1187 au-

130 1225 219 1263 tem,
246 1228 357 1266 quam
382 1214 538 1260 locauit,
573 1212 667 1258 facit
692 1210 1099 1259 magnificentissimam.
1155 1212 1250 1258 Quid
1283 1209 1455 1261 qnaeris?
1487 1210 1579 1248 nihil

127 1283 271 1330 yratius
295 1277 357 1315 illo
381 1277 622 1319 monumento,
647 1271 738 1309 nihil
760 1273 965 1321 9lori0sius.
1012 1266 1157 1323 ltaque*
1175 1274 1346 1310 Caesaris
1370 1275 1479 1310 antici
1503 1272 1580 1319 (me

129 1343 209 1380 ‹lico
231 1345 268 1378 et
298 1340 473 1389 Oppium,
506 1335 731 1383 dirumparis
765 1334 863 1381 licet)
902 1337 939 1371 in
965 1339 1232 1371 vvionumentmn
1266 1334 1376 1379 illud,
1411 1334 1505 1384 (μιοό
1537 1339 1580 1371 tu

131 1404 253 1442 tollere
284 1398 452 1438 laudibus
483 1396 646 1443 solebas,
683 1400 726 1431 ut
753 1395 877 1442 forum
911 1396 1123 1432 laxaremus
1156 1399 1189 1431 et
1218 1407 1330 1444 usque
1356 1395 1407 1433 ad
1431 1396 1580 1433 Atrium

131 1464 331 1502 Libertatis
355 1460 638 1510 explicaremus,
665 1458 940 1506 contempsimus
964 1459 1162 1494 sexcenties
1186 1458 1277 1494 HS:
1316 1469 1397 1493 cum
1420 1458 1582 1506 priuatis

129 1539 201 1565 non
234 1527 376 1575 poterat
408 1521 564 1569 trcmtsiyi
598 1520 736 1556 minore
768 1520 934 1568 pecunia.
996 1517 1210 1565 Efficiemns
1249 1530 1325 1555 rem
1355 1517 1579 1566 ,clariosissi-

129 1599 247 1624 mam:
283 1596 370 1622 nam
395 1585 435 1620 in
459 1593 585 1631 campo
610 1582 757 1618 Martio
784 1582 898 1629 Septa
923 1579 1068 1617 tributis
1102 1581 1256 1617 comitiis
1281 1591 1487 1616 niarmorea
1511 1590 1578 1615 su-

129 1660 211 1686 mus
235 1651 268 1684 et
293 1650 389 1683 tecta
413 1644 576 1691 facturi,
601 1654 711 1690 eaque
736 1643 916 1690 cinyemns
940 1641 1081 1677 excelsa
1106 1643 1266 1690 porticu,
1301 1645 1342 1677 ut
1367 1640 1464 1677 mille
1487 1651 1579 1688 pas-

129 1721 236 1748 suum
261 1705 494 1754 conficiatttr3
529 1703 637 1741 simul
670 1703 887 1751 adiunyetnr
920 1703 1003 1740 hnic
1038 1704 1135 1751 operi
1168 1702 1260 1739 uilla
1285 1704 1396 1738 etiam
1419 1700 1577 1750 publica.

131 1773 253 1817 Dices,
279 1765 365 1817 qnid
389 1765 478 1802 mihi
503 1765 569 1802 hoc
592 1769 860 1801 monumentum
884 1762 1069 1812 proderit?
1093 1782 1146 1789 —
1170 1764 1225 1800 Ita
1250 1763 1346 1799 hunc
1372 1762 1491 1797 locum
1518 1761 1580 1811 qui

130 1838 247 1868 totum
274 1830 454 1874 intuetur,
487 1826 663 1874 intelliget
687 1826 804 1873 primo
833 1830 870 1860 et
894 1830 1080 1874 postremo
1113 1823 1193 1860 loco
1221 1824 1268 1861 de
1294 1824 1403 1861 rebus
1427 1822 1579 1859 diuersis

130 1893 213 1943 agi,
248 1888 372 1940 quaeri
398 1892 543 1934 autem,
578 1898 750 1935 quorsum
777 1885 896 1922 media
929 1884 1124 1922 referenda
1150 1886 1232 1923 sint.
1285 1885 1325 1922 Si
1351 1897 1424 1921 uno
1451 1893 1579 1921 tenore

130 1954 424 2002 coniunguntur,
463 1948 515 1983 uti
541 1947 619 1984 fieri
645 1947 776 1996 uideo,
803 1947 925 1984 omnia
953 1959 1070 1995 usque
1096 1946 1141 1983 ad
1167 1960 1242 1985 rem
1264 1947 1580 1996 yloriosissimam,

130 2015 264 2052 locutio
291 2010 518 2049 mediocriter
543 2008 731 2058 procedit,
758 2020 805 2045 ne
831 2009 969 2044 minuta
997 2021 1165 2058 carpam3
1202 2009 1347 2045 minime
1377 2016 1497 2045 tamen
1523 2007 1579 2043 in-

130 2076 322 2125 telligitur,
359 2071 446 2122 quid
473 2069 565 2107 adeo
591 2070 624 2106 in
653 2069 799 2106 basilica
824 2070 886 2105 illa
910 2069 1019 2105 Attici
1045 2070 1276 2118 interfuerit,
1307 2070 1369 2119 qui
1397 2081 1418 2105 a
1444 2067 1580 2104 sorensi

131 2138 207 2174 uita
233 2134 474 2173 abhorrebat:
512 2130 643 2167 deinde
669 2131 732 2181 qui
765 2130 965 2167 aedificium
1000 2129 1119 2178 locat,
1150 2133 1266 2169 solum
1295 2137 1404 2167 antea
1435 2129 1577 2175 emerit,

131 2203 299 2248 oportet:
334 2199 516 2245 postremo
550 2191 579 2227 si
614 2190 683 2228 hoc
706 2197 944 2241 praepostere
970 2192 1101 2228 Cicero
1128 2198 1267 2228 tantum
1293 2191 1475 2240 scripserit
1500 2188 1577 2224 sor-

132 2267 250 2306 tasse,
288 2269 361 2294 non
387 2254 535 2291 Paullus
558 2252 666 2300 fecit,
701 2253 732 2288 si
765 2258 887 2289 tamen
914 2253 961 2289 ad
989 2253 1082 2289 hanc
1109 2264 1184 2288 rem
1212 2264 1341 2288 numos
1371 2264 1392 2287 a
1419 2252 1578 2287 Caesare

131 2320 292 2368 accepit,
323 2328 444 2366 neque
468 2315 564 2363 hoc,
595 2324 714 2363 neque
739 2313 819 2363 ipsa
844 2315 1023 2362 pecuniae
1048 2326 1188 2350 summa
1214 2313 1384 2350 conuenit
1410 2324 1490 2348 cum
1517 2323 1577 2358 ea,

131 2391 241 2430 quam
260 2379 444 2428 Appianus
472 2377 556 2413 ben.
584 2376 653 2412 eiu.
679 2379 719 2423 2,
737 2376 787 2410 26
816 2382 853 2412 et
878 2375 1094 2412 Plutarchus
1117 2376 1226 2413 Caes.
1249 2376 1299 2411 29
1325 2373 1484 2416 tradunt,
1510 2371 1576 2408 sed

129 2439 254 2478 differt
275 2440 421 2487 integris
439 2438 534 2475 mille
556 2437 716 2484 talentis,
741 2437 818 2473 siue
842 2436 1028 2474 ducenties
1051 2436 1264 2487 quadragies
1287 2435 1467 2481 sestertio,
1493 2433 1577 2470 uide

131 2502 318 2550 utriusque
344 2500 472 2540 aetatis
499 2504 608 2535 testes
635 2498 711 2534 Cic.
735 2511 803 2548 pro
829 2497 955 2534 Rabir.
976 2497 1076 2536 Post.
1104 2510 1135 2534 c.
1154 2499 1193 2544 8,
1221 2499 1243 2542 §
1261 2500 1325 2543 21,
1352 2496 1450 2532 Gell.
1470 2495 1509 2543 5,
1529 2498 1576 2542 23

132 2563 297 2599 Gronou.
323 2559 370 2596 de
394 2565 535 2595 sestert.
562 2571 600 2608 p.
616 2561 665 2595 69
681 2571 762 2609 sqq.
815 2558 880 2596 Sin
907 2559 977 2596 hoc
1002 2559 1089 2596 dixit
1114 2558 1264 2595 Cicero:
1291 2557 1461 2607 quoniam
1480 2556 1576 2592 Cae-

131 2623 204 2661 sari
227 2621 347 2659 omnia
372 2621 515 2670 publica
545 2625 777 2659 monumenta
799 2624 913 2668 grata
944 2621 1037 2667 sint,
1069 2630 1109 2656 se
1133 2630 1280 2668 quoque
1305 2619 1340 2655 in
1365 2629 1576 2655 metumien-

134 2688 222 2730 tnm,
244 2682 344 2733 quod
373 2688 494 2719 tamen
521 2692 594 2718 non
621 2681 668 2719 ad
693 2682 801 2719 uilem
826 2681 1038 2719 iudiciorum
1065 2691 1183 2728 usum,
1207 2679 1274 2718 sed
1298 2679 1347 2717 ad
1373 2678 1574 2729 rempubli-
