1685 2954
713 108 867 139 CERTIs
918 111 925 118 '
1377 111 1510 144 CXCIII

63 208 136 256 56,
162 207 364 259 possedisse
399 205 611 246 concedere.
663 205 806 244 Eodem
834 205 943 243 modo
968 207 1005 256 5,
1024 211 1074 246 23
1096 221 1151 261 sq.
1180 209 1337 248 Honoris
1363 217 1400 249 et
1425 211 1509 250 Vir·

61 270 167 319 tutis,
195 272 418 322 publicorum
446 268 619 315 deorum,
650 267 846 305 diuortium
874 267 960 306 fecit
985 277 1022 307 et
1047 271 1305 310 Reuerentiam
1329 272 1509 312 suborna-

59 332 137 380 uit,
174 333 340 370 ficticium
368 342 515 369 numen.
567 328 626 365 Ex
661 341 705 366 eo
738 329 968 367 matrimonio
995 344 1103 382 quam
1130 340 1253 371 natam
1278 333 1508 373 Maiestatem

58 404 96 430 u.
115 393 163 430 25
188 392 346 443 scripsit,
372 391 540 428 uaticinio
567 403 689 427 rursus
718 389 876 440 quodam
904 391 1009 428 deam
1036 392 1266 444 informauit,
1294 407 1389 446 quae
1413 408 1507 448 pau—

58 456 108 491 cis
136 461 218 504 post
242 454 344 490 annis
371 464 504 502 magna
541 463 622 488 cum
660 451 837 500 religione
873 453 942 489 coli
971 453 1113 492 Romae
1146 463 1277 507 coepta
1309 463 1386 507 est,
1424 458 1506 497 uide

57 516 196 566 prolus.
224 513 270 551 ad
296 514 388 551 Ibin.
442 513 568 551 Ferias
594 514 671 550 eius
698 519 736 550 et
761 513 986 551 sacrificandi
1013 515 1100 553 ritus
1127 518 1189 566 qui
1214 517 1360 557 futurus
1395 527 1505 569 esset,

54 589 128 614 non
154 581 210 613 est
234 581 321 612 tunc
346 582 553 624 assecutus,
591 575 656 612 sed
689 582 810 612 tamen
848 583 1019 626 expertus
1055 579 1167 627 paulo
1192 585 1277 629 post
1302 580 1439 629 primus
1466 587 1505 619 et

52 637 167 675 multo
199 642 284 686 post
315 637 397 685 alii,
434 644 475 674 ut
507 636 628 674 audiui
656 636 737 674 dici.
768 639 942 675 >Iustitia
970 641 1006 686 l,
1032 641 1108 676 249
1133 653 1189 690 sq.
1221 641 1413 691 desumpta
1448 649 1504 681 est

50 699 98 736 ab
124 700 258 747 Arato,
291 699 463 744 maxime,
501 706 541 736 ut
568 706 680 749 puto,
717 698 1012 737 Germaniciano.
1064 700 1123 737 Ex
1149 702 1503 751 indigitamentorum

50 761 255 798 numinibus
281 760 380 811 apud
406 760 580 798 Ouidium
608 761 686 797 sola
713 760 871 798 Bellona
896 768 974 810 est,
1008 774 1103 812 quae
1130 763 1303 812 templum
1330 770 1368 800 et
1392 765 1503 802 simu-

50 822 187 859 lacrum
214 835 281 860 suo
308 829 474 873 tempore
499 824 651 871 sortita,
687 822 760 859 uid.
788 835 824 872 p.
842 833 1014 868 cxxxv,
1052 836 1172 873 neque
1197 831 1318 861 tamen
1345 827 1501 864 nominis

48 885 310 933 mutationem,
346 897 467 935 neque
492 884 653 922 fabulam
681 883 864 920 admiserit
889 890 926 920 et
951 884 1056 933 quasi
1083 884 1178 922 inter
1205 885 1360 924 alterum
1385 898 1501 937 genus

48 946 199 984 deorum
226 954 407 984 certorum
434 959 625 997 personam
652 944 820 982 induerit.

150 1009 190 1045 ln
226 1009 306 1058 ipso
341 1010 530 1059 utriusque
563 1007 703 1057 generis
741 1004 843 1056 quasi
875 1005 1030 1043 confinio
1063 1019 1085 1044 a
1111 1007 1278 1048 Varrone
1304 1012 1501 1061 ponendae

45 1070 195 1108 suerunt
211 1073 379 1107 Fortuna
401 1077 438 1108 et
457 1070 573 1107 Flora
599 1069 644 1105 fr.
666 1070 704 1116 7,
731 1067 893 1104 fortassis
921 1068 1028 1105 etiam
1056 1072 1206 1119 Eyeria,
1234 1071 1282 1110 de
1307 1085 1382 1123 qua
1407 1087 1500 1112 con-

44 1132 142 1169 feres
171 1132 326 1168 Paulum
351 1131 453 1168 Diae.
481 1144 519 1181 p.
540 1132 604 1178 77,
626 1133 673 1167 10
700 1142 780 1166 cum
808 1127 881 1166 Ou.
906 1133 945 1177 3,
964 1132 1054 1178 269,
1077 1133 1165 1169 275.
1217 1134 1406 1172 Fortunae
1440 1136 1498 1172 fa-

45 1193 130 1229 bula
164 1204 315 1229 romana
349 1193 419 1229 fuit
453 1193 638 1229 notissima
673 1191 734 1227 illa
768 1189 1017 1228 historicorum
1046 1191 1092 1229 tle
1118 1194 1381 1232 consuetudine
1413 1208 1497 1233 cum

0 1275 1 1308 3
44 1253 175 1291 Seruio
192 1254 315 1291 Tullio
342 1266 449 1303 rege:
478 1255 514 1291 in
542 1265 651 1304 quem
677 1263 898 1301 quamquam
923 1251 1057 1289 fabella
1075 1253 1314 1292 Praenestina
1336 1255 1382 1293 de
1401 1257 1498 1294 Cae-

0 1309 1 1330 ³
43 1316 126 1353 culo
153 1315 327 1352 translata
353 1322 422 1364 est,
449 1323 569 1353 tamen
600 1316 684 1365 quia
700 1314 864 1350 Fortuna
891 1326 971 1350 cum
995 1314 1155 1352 Caeculo
1182 1323 1246 1353 aut
1272 1317 1382 1367 plane
1409 1330 1495 1364 non,

41 1383 107 1415 aut
141 1389 213 1414 non
249 1389 294 1414 eo
330 1377 439 1414 modo
474 1378 665 1414 coniuncta
696 1376 788 1423 fuit,
823 1381 934 1425 atque
968 1388 1049 1413 cum
1076 1377 1230 1426 Seruio,
1265 1378 1340 1415 uid.
1368 1378 1494 1417 Claus.

41 1451 80 1489 p.
98 1439 188 1485 764,
214 1439 304 1485 766,
331 1451 412 1475 eam
440 1439 487 1475 ob
513 1451 589 1476 rem
617 1437 773 1474 dubitari
799 1443 941 1486 potest,
968 1449 1054 1474 num
1083 1451 1241 1489 unquam
1277 1440 1496 1478 luculentior

40 1501 101 1538 illa
126 1500 353 1537 Praenestini
378 1500 535 1537 numinis
561 1495 873 1550 προσωποποιιά
901 1511 1048 1548 quoque
1075 1513 1155 1537 cum
1189 1502 1357 1550 nomine,
1392 1502 1493 1541 Plut.

40 1562 127 1599 fort.
154 1563 226 1599 Ro.
255 1574 286 1598 c.
308 1565 378 1610 10,
409 1562 565 1599 Romam
591 1562 795 1599 intrauerit.
849 1561 1022 1597 Adoratio
1049 1569 1319 1612 matronarum,
1346 1563 1394 1602 de
1419 1577 1494 1615 qua

41 1635 151 1674 supra
178 1623 312 1660 dictum
339 1629 410 1671 est,
438 1636 524 1660 num
551 1624 597 1661 ad
624 1623 878 1672 Primigeniam
906 1624 1142 1673 pertinuerit,
1179 1638 1251 1661 non
1279 1632 1335 1663 est
1360 1627 1494 1677 explo-

41 1691 172 1722 ratum.
224 1685 358 1722 Florae
393 1698 542 1735 quoque
577 1684 702 1722 sabula
737 1696 833 1735 quae
869 1691 1012 1722 uetusta
1039 1697 1118 1722 esse
1145 1687 1278 1736 potuit,
1304 1690 1492 1737 pertenuis

41 1753 108 1784 est.
152 1745 330 1782 Traditur
356 1754 500 1795 patrum
527 1746 802 1784 christianorum
829 1747 1048 1793 testimonio,
1075 1747 1221 1784 Minucii
1247 1749 1376 1786 Felicis
1405 1762 1492 1798 gra-

40 1808 184 1845 uissimo
211 1806 296 1845 Oct.
316 1820 347 1843 c.
363 1808 432 1843 25:
459 1809 559 1844 Saue
583 1813 617 1844 et
641 1808 740 1844 Acca
768 1809 947 1844 Larentia
971 1812 1004 1843 et
1031 1807 1147 1845 Flora
1172 1811 1371 1846 meretrices
1395 1822 1489 1859 pro-

37 1870 214 1921 pudiosae
248 1871 343 1906 inter
375 1867 523 1905 morbos
548 1871 800 1905 Romanorum
826 1871 860 1903 et
886 1867 972 1904 deos
1004 1869 1289 1918 computandae,
1326 1871 1423 1919 quod
1457 1872 1489 1909 si

37 1945 110 1970 non
137 1938 289 1978 extaret,
316 1930 496 1967 Arnobius
515 1933 552 1976 3,
569 1932 616 1965 23
638 1935 674 1965 et
692 1929 860 1965 Lactant.
885 1941 917 1966 c.
939 1931 990 1964 20
1015 1938 1162 1979 possent
1187 1931 1350 1968 fortassis
1378 1932 1488 1969 eludi.

35 1995 248 2031 Postremus
273 1994 323 2029 ita
355 1991 482 2028 habet:
520 1990 637 2028 Flora
669 2003 748 2027 cum
783 2002 939 2038 ”taynus
974 2003 1059 2039 opes
1094 2004 1140 2029 ex
1173 1998 1252 2030 arte
1283 1995 1489 2032 meretricia

36 2057 292 2104 quaesiui-sset,
317 2066 402 2104 pop.
431 2055 504 2090 Ro.
531 2053 676 2102 scripsit
705 2051 865 2089 heredem
892 2057 1091 2100 certumque
1115 2056 1304 2103 pecuniam
1328 2055 1488 2104 reliqua,

23 2119 137 2155 'citius
161 2128 207 2153 ex
234 2127 356 2153 amuco
383 2115 509 2162 fenore
534 2126 623 2151 suus
650 2111 796 2150 ‘natalis
832 2113 908 2151 dies
934 2113 1171 2152 celebraretur
1196 2115 1350 2153 editione
1376 2115 1487 2153 ludo-

32 2190 126 2222 mini,
153 2190 244 2227 quos
270 2177 456 2228 appellant
483 2176 666 2214 Floralia.
714 2175 822 2221 Quod
848 2177 935 2225 quia
959 2177 1102 2212 senatui
1130 2174 1352 2224 flagitiosum
1381 2178 1488 2215 uide.-

32 2238 158 2287 lmtur,
197 2239 244 2276 ab
278 2242 358 2289 ipso
390 2241 532 2276 nomine
557 2242 806 2287 argumentum
832 2239 928 2274 sumi
953 2237 1116 2286 placuit,
1152 2243 1193 2275 ut
1220 2239 1408 2287 pudendae
1432 2241 1486 2278 ret

33 2301 209 2351 quaedam
231 2301 391 2349 ‹liyuitas
411 2300 619 2338 adderetur.-
646 2300 749 2337 deam
767 2298 952 2346 finoeerunt
972 2311 1060 2343 esse,
1088 2312 1178 2348 quw
1197 2298 1348 2347 floribus
1371 2314 1485 2351 prae-

30 2364 94 2410 sit,
122 2369 214 2400 caet.
260 2364 490 2400 Contractius
518 2362 609 2411 haec
636 2361 747 2398 schol.
777 2360 938 2397 luuenal.
966 2361 1076 2397 tradit
1102 2365 1140 2409 6,
1157 2364 1251 2399 250:
1278 2364 1330 2399 Hi
1355 2362 1431 2399 ludi
1458 2375 1485 2400 αι

32 2424 145 2461 Flora
168 2427 348 2462 meretrice
374 2426 530 2461 instituti
555 2429 640 2461 sunt
668 2426 703 2461 in
730 2422 902 2460 honorem
925 2421 1060 2458 Florae
1085 2422 1183 2468 deae,
1211 2436 1304 2473 (piae
1331 2422 1484 2470 floribus

29 2491 183 2533 praeest.
229 2487 319 2523 Esto
346 2487 467 2536 igitur,
495 2486 586 2523 haec
612 2485 728 2534 repeti
756 2496 777 2519 a
797 2484 979 2530 Varrone,
1007 2493 1070 2520 aut
1096 2485 1278 2522 annalium
1304 2486 1483 2536 scriptore

31 2546 175 2594 aliquo:
211 2560 331 2598 neque
357 2549 451 2585 enim
478 2555 562 2584 sunt
597 2547 774 2583 ieiuniora
801 2542 902 2592 aliis,
938 2557 1033 2595 quae
1061 2553 1159 2583 certa
1185 2546 1258 2583 fide
1286 2547 1484 2584 traduntur

31 2605 78 2642 de
101 2607 176 2645 deis
197 2610 366 2659 propriis.
418 2604 547 2658 Longe
573 2608 717 2645 diuersa
744 2613 828 2643 sunt
854 2606 953 2656 apud
980 2606 1167 2655 Ouidium,
1195 2620 1291 2658 quae
1318 2621 1400 2645 meo
1426 2609 1482 2644 iu-

29 2666 125 2705 dicio
159 2672 361 2720 excogitata
393 2678 479 2709 sunt
504 2683 527 2709 a
552 2670 792 2720 grammaticis
818 2667 1038 2719 quibusdam
1069 2665 1190 2706 medio
1223 2670 1318 2707 inter
1343 2670 1480 2708 Varro-

81 2741 141 2775 Ou.
160 2743 252 2774 Fasti.
271 2743 391 2782 Proleg.
1120 2729 1159 2766 N
