1685 2954
718 103 915 134 mcER‘ris
1392 101 1525 133 ccxm

77 217 151 243 non
188 210 308 242 tamen
345 203 458 241 ausim
491 213 574 237 cum
608 201 801 239 Clausenio
828 214 866 251 p.
887 202 985 238 1169
1021 202 1134 251 ipsAm
1161 200 1314 239 Dianam
1342 201 1522 240 Aricinam

75 278 145 316 pro
172 266 314 303 inferno
340 264 484 302 numine
510 262 665 310 habere,
693 263 778 312 quia
805 275 982 311 nusquam
1012 263 1166 300 traditur
1191 263 1329 300 autab.
1352 263 1433 310 illa,
1459 270 1523 301 aut

76 328 124 364 ab
149 328 282 376 Egeria
316 326 464 378 (Claus.
490 336 530 374 p.
551 324 651 369 956)
681 325 918 374 Hippolytum
956 324 1171 361 restitutum.
1225 326 1253 361 A
1280 324 1521 374 grammaticis

75 387 351 425 Hermionensia
375 397 481 422 sacra
507 398 589 421 cum
612 386 762 422 Aricinis
789 390 1004 433 comparata
1028 384 1139 421 fuisse
1165 386 1310 423 uidetur
1336 384 1419 422 mihi
1444 385 1521 421 col-

74 450 134 499 ligi
166 451 321 487 sortasse
353 460 460 497 posse
486 459 530 484 ex
556 458 622 491 eo,
658 446 756 496 quod
785 446 953 495 Virgilius
987 451 1079 482 teste
1106 447 1235 484 Seruio
1263 452 1353 485 Aen.
1380 449 1420 494 6,
1448 448 1522 483 136

72 511 120 550 de
146 523 247 548 ramo
279 520 391 546 aureo
418 510 619 545 Tartarum
656 507 866 544 recludente
901 507 1059 544 colorem
1087 514 1273 545 mutuatus
1298 515 1354 546 est
1379 520 1424 546 ex
1449 509 1521 546 ritu

69 573 273 610 Maniorum
301 570 390 618 asyli
416 570 564 618 Aricini,
592 576 629 606 et
655 569 753 618 quod
782 567 937 606 Ouidius
955 570 993 615 6,
1011 569 1083 604 751
1113 569 1365 606 Hermionensi
1391 570 1519 607 Pluto-

69 635 123 671 nis
152 632 400 683 appellatione
435 644 520 668 usus
556 637 635 678 est,
673 630 979 680 quemadmodum
1008 630 1133 668 u.749
1159 632 1361 676 Dictynnae
1386 643 1520 668 nomen

69 702 124 732 est
147 694 291 731 Dianae
312 693 512 740 Cretensis,
538 693 699 729 Pausan.
721 696 760 739 2,
777 695 840 739 30,
857 696 894 740 3,
923 692 1019 729 uude
1046 691 1278 740 explicandus
1305 698 1417 741 poeta
1440 704 1518 729 me-

67 762 156 793 tam.
186 756 248 803 15,
273 755 362 802 540,
391 761 428 792 et
454 756 659 799 Tauricae,
686 766 782 804 quae
808 754 932 791 delata
959 753 1177 790 credebatur
1205 753 1251 788 ab
1279 751 1412 790 Oreste
1436 752 1517 788 Ari-

69 818 184 865 ciam,
212 816 286 854 uid.
312 816 421 854 Seru.
449 819 487 864 2,
517 819 601 854 116.
654 817 837 853 Fabulam
865 815 1053 864 Hippolyti
1088 815 1248 851 delatam
1275 825 1354 851 esse
1379 814 1415 849 in
1441 813 1516 850 Ita-

67 880 152 916 liam
181 890 204 915 a
229 879 463 925 Troezeniis,
498 879 560 926 qui
587 891 668 914 cum
697 877 850 913 Achaeis
883 875 1064 922 Sybarin,
1103 888 1187 912 mox
1221 875 1267 911 ab
1297 874 1353 912 his
1376 874 1516 923 expulsi

68 940 232 988 (Aris-tot.
252 939 355 988 polit.
384 939 422 987 5,
439 940 482 983 2)
509 939 680 976 Paestum
707 936 948 982 condiderint,
975 936 1071 984 quod
1098 936 1303 985 proximum
1329 941 1384 972 est
1409 935 1514 973 Nea-

67 1003 141 1052 poli
177 1001 342 1038 coloniae
368 1002 640 1047 Cumanorum,
675 999 783 1035 docte
820 998 986 1046 exposuit
1015 997 1229 1034 Clausenius
1256 1010 1294 1047 p.
1316 1001 1413 1035 1163
1430 1010 1511 1048 sqq.

66 1063 176 1108 Quod
216 1063 262 1100 de
299 1064 422 1111 lingua
455 1062 555 1099 Osca
587 1059 892 1107 commemoraui,
933 1058 1185 1108 quaerendum
1219 1065 1297 1106 est,
1342 1071 1426 1095 num
1467 1071 1513 1096 ex

64 1123 266 1174 Hippolyto
301 1123 445 1160 Virbius
487 1121 646 1162 euadere
680 1121 865 1174 potuerit,
904 1119 1212 1172 quemadmodum
1246 1132 1292 1160 ex
1326 1121 1513 1171 Hipponio

63 1185 152 1223 urbe
178 1185 286 1222 Vibo.

162 1246 388 1285 Vediouis
413 1247 534 1286 multis
559 1246 675 1285 modis
702 1247 791 1284 deus
818 1252 874 1285 est
899 1247 1072 1283 incertus.
1124 1244 1287 1282 Nominis
1313 1245 1429 1283 altera
1455 1250 1512 1284 est

63 1309 253 1359 originatio
280 1321 376 1359 quae
409 1310 577 1360 proditur
603 1322 624 1346 a
651 1309 772 1346 Gellio
800 1309 838 1355 5,
867 1312 935 1353 12,
969 1319 1037 1343 nec
1072 1306 1227 1344 fortasse
1253 1307 1348 1344 adeo
1374 1314 1430 1346 est
1455 1309 1511 1345 in-

60 1371 171 1419 scita3
199 1371 323 1408 nititur
349 1378 447 1409 certe
474 1371 633 1421 quadam
661 1371 720 1408 dei
746 1371 971 1420 proprietate
996 1370 1190 1419 separatim
1211 1369 1385 1407 notanda.
1430 1370 1511 1407 Sci-

60 1445 140 1470 mus
176 1445 221 1469 ex
245 1432 433 1471 Macrobio
468 1440 537 1470 sat.
565 1437 604 1480 3,
631 1434 655 1469 9
682 1432 885 1469 Vediouem
920 1431 1081 1469 inuocari
1113 1431 1260 1467 solitum
1295 1432 1341 1471 iu
1367 1432 1509 1469 urbium

60 1494 314 1532 deuotionibus
341 1507 415 1532 una
441 1508 522 1532 cum
541 1495 625 1532 Dite
650 1501 758 1544 patre
785 1501 822 1531 et
844 1493 1036 1533 Manibus:
1061 1493 1269 1529 obseruauit
1293 1493 1512 1530 Clausenius
1579 1512 1582 1514 ·

60 1567 100 1605 p.
117 1556 215 1591 1089
235 1567 482 1605 cupresseum,
511 1568 557 1593 ex
579 1555 748 1594 funestae
769 1556 907 1593 arboris
929 1555 1046 1604 lign0,
1067 1554 1296 1590 simulacrum
1317 1555 1392 1592 eius
1410 1568 1509 1592 com-

60 1617 250 1653 memorari
277 1628 299 1653 a
325 1617 442 1654 Plinio
470 1619 551 1654 loco
584 1630 695 1667 supra
722 1630 761 1667 p.
782 1628 958 1653 cxxvln
985 1616 1188 1664 exscripto:
1221 1621 1410 1664 postremo
1439 1628 1510 1665 pro

60 1678 140 1727 ipso
165 1677 322 1715 Plutone
354 1679 509 1716 habetur
542 1691 564 1717 a
590 1679 772 1716 Martiano
803 1677 957 1727 Capella
983 1680 1024 1721 2,
1048 1678 1084 1713 9.
1136 1677 1266 1713 Dirum
1301 1677 1377 1714 eius
1411 1677 1509 1714 modi

61 1750 198 1776 numen
236 1738 335 1788 apud
369 1739 544 1778 Etruscos
578 1740 673 1777 tradi
706 1739 832 1776 docuit
865 1739 1063 1775 Muellerus
1089 1739 1172 1775 Etr.
1197 1743 1238 1785 2,
1269 1752 1308 1788 p.
1333 1739 1398 1786 59,
1421 1742 1509 1776 131.

61 1801 126 1836 His
153 1812 235 1836 cum
261 1800 376 1836 multo
402 1801 517 1837 maior
549 1800 778 1838 necessitudo
810 1812 893 1835 cum
920 1799 1064 1835 Sabinis
1090 1800 1222 1847 fuerit,
1258 1806 1433 1848 quantum
1459 1800 1509 1838 ad

62 1862 216 1899 deorum
242 1862 378 1897 cultum
406 1862 548 1908 attinet,
576 1874 684 1910 queam
713 1873 794 1896 cum
819 1859 971 1907 Latinis,
998 1860 1172 1896 absonum
1199 1873 1272 1896 non
1299 1861 1395 1897 foret
1419 1874 1510 1898 con-

59 1925 196 1961 iectare
222 1922 267 1960 de
294 1922 431 1959 Sabino
459 1923 631 1960 Vediouis
659 1923 819 1969 numine,
847 1921 919 1957 uid.
949 1921 1054 1957 Varr.
1082 1920 1128 1957 de
1154 1921 1178 1958 l.
1206 1922 1230 1959 l.
1257 1922 1294 1970 5,
1317 1924 1381 1970 74,
1408 1923 1508 1972 quod

59 1986 96 2021 in
123 1984 400 2033 indigitamentis
428 1984 597 2021 extiterit.
650 1984 727 2020 Fac
752 1984 800 2020 ab
824 1982 876 2019 his
903 1985 1027 2020 Iouem
1053 1981 1201 2031 dictum,
1229 1983 1332 2033 quod.
1353 1984 1508 2022 traditur

59 2046 158 2095 apud
186 2046 295 2082 Varr.
314 2044 360 2081 de
381 2045 406 2082 l.
425 2045 449 2081 l.
469 2045 509 2092 5,
525 2046 574 2080 67
600 2051 637 2081 et
664 2045 764 2097 Gell.
790 2044 815 2080 l.
833 2043 875 2090 1.,
902 2043 986 2092 quia
1011 2043 1176 2089 iuuaret,
1210 2052 1409 2094 potuerunt
1435 2058 1504 2095 par

23 2140 30 2147 ,
58 2107 211 2144 deorum
232 2107 352 2142 colere
369 2106 492 2143 Iouem
509 2106 700 2154 Veiouem,
729 2113 768 2143 ut
787 2105 948 2141 Altorem
967 2105 1163 2152 Rusorem,
1181 2105 1382 2143 Porrimam
1397 2107 1506 2143 Post-

60 2174 222 2215 uertam,
248 2179 344 2217 quae
369 2168 537 2215 nomina,
560 2174 601 2204 ut
625 2168 802 2217 pleraque
827 2166 1050 2203 Sabinorum
1078 2167 1283 2215 numinum,
1309 2168 1507 2205 adiectiuo-

59 2243 140 2267 rum
167 2228 240 2266 uim
269 2229 428 2266 habentt
456 2242 576 2279 neque
597 2229 643 2265 ad
664 2229 759 2265 aliud
789 2229 1047 2265 uocabulorum
1074 2240 1191 2277 genus.
1212 2240 1255 2265 ue
1281 2228 1418 2277 syllaba
1444 2241 1506 2265 ac-

61 2291 192 2332 cedere
215 2292 355 2341 potuit.
389 2291 511 2327 Altera
539 2291 690 2327 nominis
711 2291 903 2340 explicatio
924 2296 978 2326 est
998 2290 1096 2339 apud
1115 2289 1288 2327 Ouidium
1308 2294 1346 2337 3,
1360 2289 1433 2326 445
1449 2302 1504 2339 sq.

60 2358 98 2389 et
123 2364 230 2402 quem
256 2352 415 2389 indicaui
440 2364 551 2401 supra
578 2365 615 2401 p.
635 2363 768 2399 xe1x,
797 2353 990 2388 coniuncta
1017 2363 1062 2389 ea
1089 2364 1170 2388 cum
1195 2350 1320 2388 sabula
1347 2350 1392 2388 de
1419 2351 1506 2387 loue

61 2413 212 2460 iuuene,
240 2412 314 2450 Ou.
342 2426 378 2450 u.
396 2414 485 2461 437,
512 2414 620 2463 qfiam
648 2426 669 2449 a
696 2413 766 2450 deo
793 2414 945 2450 terribili
970 2424 1048 2450 esse
1074 2413 1250 2458 alienam,
1276 2413 1395 2460 ratio,
1418 2412 1509 2449 satis.

60 2479 239 2512 uetustam
266 2486 345 2512 esse
370 2476 468 2511 numi
496 2487 518 2510 a
545 2475 739 2511 Clausenio
766 2486 850 2510 ann.
872 2477 975 2511 2182
994 2481 1031 2511 et
1053 2477 1156 2512 2172
1180 2475 1338 2519 indicati,
1366 2486 1388 2511 a
1406 2474 1509 2522 Fog-

64 2534 157 2583 ginio
181 2548 223 2585 p.
241 2538 290 2572 38
317 2537 448 2586 partim
477 2536 651 2582 exhibiti,
688 2536 837 2583 originis
869 2548 949 2573 esse
979 2536 1131 2573 Latinae
1164 2537 1239 2573 siue
1265 2536 1428 2572 Albanae
1451 2535 1507 2571 in-

65 2595 208 2644 scriptio
235 2596 351 2646 Orell.
379 2599 500 2645 1287,
533 2597 601 2634 cst.
631 2597 802 2634 Clausen.
831 2610 869 2646 p.
890 2599 1011 2645 1086,
1050 2605 1126 2634 tum
1159 2598 1238 2647 ipsa
1270 2599 1346 2634 eius'
1377 2602 1509 2633 natura

67 2655 187 2694 docet.
236 2658 420 2697 Coaluisse
449 2664 642 2708 utrumque
669 2659 827 2697 numinis
851 2659 985 2695 cultum
1012 2660 1152 2697 Romae
1178 2672 1259 2696 cum
1286 2659 1421 2709 templa
1445 2657 1508 2694 illa
