1685 2954
87 67 281 101 ectxxvx
640 85 645 91 «
715 63 894 96 comens

88 172 130 208 iu
156 168 378 220 grauioribus
403 171 443 203 ut
467 168 506 214 2,
522 166 616 214 6323
641 167 679 214 3,
699 166 765 214 94,
791 166 852 203 ubi
878 163 944 202 nisi
968 162 1102 201 Forum
1122 162 1222 201 Decii
1242 162 1336 202 Pliu.
1352 169 1431 203 nat.
1445 163 1530 203 liist.

93 235 133 280 3,
150 235 197 268 12
223 236 286 268 aut
304 227 457 265 Forulos
482 227 566 265 Liu.
588 228 651 273 26,
669 230 713 263 11
741 227 919 275 intelligas
941 225 1131 263 Petauiani
1157 226 1336 276 scriptura
1360 226 1532 276 explicari

93 294 154 330 uix
175 297 306 342 potest,
330 295 374 325 -ut
394 290 435 332 3,
453 289 538 333 127,
566 288 628 324 ubi
653 300 761 338 pares
785 300 893 324 sensu
917 286 1082 337 profecto
1109 295 1223 334 caret,
1245 292 1370 337 patres
1393 287 1441 323 de
1465 287 1532 324 de·

92 355 204 391 curiis
231 357 435 388 senatorum
462 349 711 399 accipiendum
738 348 897 395 uidetur,
924 348 1074 397 Dionys.
1092 349 1174 384 Hal.
1195 351 1234 394 2,
1246 348 1311 395 57,
1336 348 1462 397 Lydus
1487 347 1536 384 de

93 416 253 464 magistr.
278 416 313 460 1,
330 414 389 448 16.
430 410 496 447 Est
520 412 582 447 ubi
608 409 695 447 nihil
723 421 839 460 prope
864 410 1013 445 interest
1028 409 1265 446 Petauianum
1292 421 1338 446 an
1366 408 1536 461 llfeldenj

94 488 171 514 sem
196 474 376 524 sequaris,
403 478 442 508 ut
467 473 506 520 4,
532 473 625 509 500:
663 472 773 508 habui
799 471 908 519 igitur
934 470 1108 507 honorem
1134 477 1222 507 natu
1248 470 1388 507 maiori.
1442 469 1537 506 Cum

96 536 236 574 Arund.
263 542 300 572 et
326 535 431 571 Voss.
460 545 718 583 nonnunquam
746 532 997 581 cognationem
1030 531 1152 582 prodit
1178 531 1400 575 liseldensis,
1434 535 1474 566 ut
1501 532 1538 577 3,

95 600 239 647 ssl‘sq.·;
267 600 362 644 1223
388 596 427 643 4,
447 596 542 642 3683
569 595 655 631 55³.
707 592 782 629 Sed
823 593 931 641 longe
966 594 1080 630 maior
1113 599 1168 629 est
1202 592 1430 629 necessitudo
1456 603 1538 628 cum

95 657 421 696 fraudulentissima
446 656 632 702 Italorum,
659 653 824 690 Vaticani
850 654 970 703 primi,
999 653 1275 701 Zulicbemiani,
1305 652 1540 689 Mazariniani

96 720 245 767 familia,
271 731 362 769 quos
388 730 468 755 cum
490 716 610 753 multis
637 719 674 750 et
698 714 917 762 grauissimis
943 716 979 750 in
1007 716 1094 751 locis
1121 721 1264 751 teneam
1290 713 1376 760 doli,
1403 719 1540 750 certum

97 788 217 820 tamen
243 786 299 817 est
316 779 497 828 originem
525 775 661 812 ducere
688 787 711 812 a
738 774 862 812 codice
888 775 1078 824 singularis
1108 781 1216 811 notae
1243 773 1404 811 nondum
1430 773 1542 809 inter-

96 844 222 894 polato
246 848 284 879 et
310 839 489 878 llseldensi
524 836 715 874 simillimo.
767 837 861 873 Cum
899 846 989 884 ergo
1025 836 1062 871 in
1095 836 1136 872 iis
1171 835 1336 872 carminis
1364 834 1543 884 partibus,

96 916 194 954 quae
219 908 343 940 extant
377 902 412 937 in
449 898 630 937 liseldensi
657 908 924 947 saepenumero
952 909 1034 932 cum
1060 896 1129 933 hoc
1156 897 1266 933 etiam
1296 896 1376 933 illos
1399 902 1543 932 secutus

44 986 47 987 ν
97 965 185 1012 sim,
219 973 373 1011 cumque
401 967 594 1010 praeterea
618 957 827 1007 saepissime
854 957 996 994 illorum
1022 958 1219 1007 scripturas
1245 957 1356 994 fuisse
1381 958 1418 993 in
1446 956 1545 993 llfel-

97 1026 199 1062 densi
226 1022 410 1072 integriori
437 1020 627 1070 probabile
652 1018 710 1064 sit,
739 1024 859 1053 tamen
887 1018 1066 1054 rarissime
1093 1019 1172 1055 illos
1200 1025 1325 1055 tantae
1349 1018 1546 1056 auctorita-

97 1087 143 1123 tis
169 1085 323 1121 uicarios
343 1082 464 1119 facere
488 1081 603 1130 potui.
647 1079 745 1114 Nata
771 1085 825 1114 est
852 1080 1088 1128 inaequalitas
1114 1080 1312 1129 quaedam:
1338 1080 1403 1117 sed
1430 1070 1547 1116 minus

97 1147 169 1184 hoe
193 1152 250 1183 est
277 1130 400 1181 uitium
427 1143 486 1179 uel
512 1142 674 1187 leuitate,
701 1151 811 1189 quam
834 1141 1050 1189 quibusdam
1077 1142 1255 1191 relinquo,
1284 1140 1425 1177 codices
1443 1141 1547 1177 blan-

99 1208 166 1244 dos
191 1207 350 1243 incertae
371 1204 504 1241 aetatis
537 1201 623 1250 (uel
649 1201 784 1237 saeculi
810 1202 900 1237 sexti
927 1202 1075 1246 decimi,
1103 1208 1142 1238 ut
1169 1203 1408 1239 Coinbianum
1435 1202 1547 1238 Dres-

98 1268 273 1314 densem)
311 1265 460 1303 uetustis
493 1261 777 1313 aequiparandi,
813 1263 873 1299 uel
907 1263 1059 1300 audacia
1094 1276 1163 1313 pro
1194 1264 1299 1300 certis
1337 1263 1546 1301 uenditandi

100 1329 314 1380 probabilia.

202 1390 239 1428 5.
291 1390 426 1426 Notam
455 1391 490 1425 D
518 1387 611 1437 gerit
637 1385 751 1423 codex
776 1386 912 1436 primus
938 1386 1226 1434 Rauen-icus,
1252 1385 1445 1423 Monacliio
1471 1384 1549 1422 Be-

99 1452 259 1489 rolinum
286 1450 515 1487 transmissus
543 1460 662 1485 meum
695 1448 735 1484 in
770 1460 874 1484 usum
901 1448 1155 1485 intercessione
1181 1460 1224 1484 ac
1249 1448 1426 1497 permissu
1451 1459 1549 1483 sum-

101 1525 245 1550 morum
273 1513 448 1558 uirorum,
476 1509 659 1546 clarissimi
685 1516 723 1546 et
748 1509 956 1546 immortalis
982 1509 1178 1546 memoriae
1203 1521 1322 1545 rerum
1344 1508 1549 1544 diuinarum

103 1585 275 1624 quaeque
298 1571 505 1609 eruditione
530 1571 761 1607 continentur
786 1582 903 1619 nuper
929 1570 1166 1607 moderatoris
1199 1569 1299 1607 liberi
1326 1569 1470 1605 baronis
1495 1569 1550 1606 ab

104 1634 411 1679 Altens-tein,
445 1632 652 1681 amplissimi
687 1631 890 1680 horumque
923 1631 1122 1668 studiorum
1157 1631 1355 1680 gnarissimi
1381 1631 1550 1668 aestima-

107 1696 195 1732 toris
234 1694 429 1731 loannis
465 1692 705 1739 Schulzii‚
742 1691 978 1728 bibliothecae
1009 1694 1129 1740 regiae
1160 1692 1387 1729 Monacensis
1421 1691 1550 1729 summi

108 1755 285 1805 praefecti
311 1754 535 1791 illustrissimi
561 1760 598 1789 et
624 1752 838 1789 uenerabilis
865 1751 1254 1789 Lichtentlialeriz
1281 1754 1408 1803 quibus
1433 1765 1550 1803 quan-

109 1823 185 1854 tum
211 1815 380 1852 deberem
409 1828 489 1851 cum
513 1815 683 1863 cogitatio
719 1814 826 1850 subiit
862 1813 916 1849 his
951 1815 1054 1850 aunis
1081 1814 1272 1864 postremis
1299 1814 1444 1852 mirifice
1470 1827 1549 1852 sum

108 1878 144 1914 in
172 1876 359 1912 tolerando
387 1875 511 1912 labore
536 1875 762 1912 obfirmatus.
814 1874 963 1911 Librum
990 1876 1040 1913 ita
1065 1876 1270 1924 insignitum
1297 1876 1441 1923 accepi:
1468 1875 1548 1913 cod.

110 1927 451 1983 Malloi-stlorfensis
479 1948 515 1972 n.
543 1939 588 1973 Π
610 1939 649 1973 in
676 1941 744 1973 oct.
771 1935 914 1973 mmnbr.
942 1948 1035 1974 saec.
1063 1939 1147 1974 XII
1171 1942 1345 1974 constans
1366 1936 1468 1984 foliis
1491 1949 1552 1974 se-

109 2001 301 2049 ptuaginta
325 2010 412 2035 utto.
462 1998 626 2047 Scriptus
653 2004 707 2034 est
733 1998 915 2034 luculente
941 2004 977 2034 et
1003 1999 1200 2047 eleganter.
1243 1998 1368 2035 Insunt
1393 2000 1549 2050 scriptu-

112 2073 175 2098 rae
201 2060 415 2109 compendia
440 2060 632 2108 singularia
659 2066 697 2096 et
723 2060 789 2095 nisi
816 2059 924 2095 fallor
950 2064 1113 2106 uetusta,
1139 2066 1180 2096 ut
1206 2059 1279 2096 NT
1307 2061 1341 2096 in
1368 2060 1440 2098 fine
1464 2073 1550 2097 con·

113 2124 249 2165 iuncta,
277 2128 317 2157 ut
344 2121 476 2156 uocalis
503 2133 528 2156 a
555 2120 834 2169 longobardica,
861 2131 954 2168 quae
980 2119 1062 2156 olim
1089 2120 1292 2168 dicebatur,
1316 2121 1433 2157 forma
1456 2120 1550 2157 infra

113 2195 274 2220 annexa:
310 2194 400 2227 rom,
429 2181 463 2217 h.
492 2193 524 2217 e.
552 2193 682 2228 roma,
714 2181 795 2218 alia.
849 2181 986 2217 Littera
1012 2188 1132 2219 tamen
1158 2195 1178 2219 s
1204 2196 1274 2219 non
1303 2195 1384 2219 raro
1409 2188 1463 2218 est
1489 2194 1548 2218 ro-

114 2244 250 2292 tunda,
284 2237 327 2294 (gie
352 2244 566 2291 plerumque
589 2254 609 2278 e
636 2255 716 2280 cum
744 2245 907 2293 uir-gula,
944 2242 1120 2280 interdum
1148 2256 1165 2279 e
1191 2244 1352 2293 simplex.
1405 2243 1548 2280 luerant

115 2305 221 2342 etiam
251 2306 467 2354 glossemata
494 2305 610 2340 bonae
634 2304 746 2354 frugis
774 2318 846 2342 non
873 2305 991 2341 inania
1017 2317 1084 2341 nec
1118 2306 1196 2354 ipsa
1221 2306 1395 2354 scriptura
1423 2317 1549 2342 recen-

116 2366 208 2402 tiora
234 2367 287 2403 uti
314 2367 450 2414 aliquot
471 2367 691 2413 argumentis
722 2367 955 2416 colligebam,
991 2377 1085 2414 quae
1112 2367 1256 2414 longum
1283 2372 1335 2401 est
1367 2367 1548 2415 persequi.

118 2426 211 2462 Cum
248 2426 339 2462 liber
374 2427 417 2462 sit
454 2427 614 2475 integer,
650 2440 730 2464 cum
767 2430 960 2478 scripturas
996 2427 1127 2463 habeat
1161 2427 1291 2475 ubique
1324 2426 1487 2474 proprias
1511 2432 1550 2463 et

118 2486 333 2536 plerumque
359 2489 519 2536 egregias
548 2500 664 2537 neque
690 2497 752 2525 aut
780 2490 954 2525 barbariei
980 2489 1148 2525 obnoxias
1174 2493 1233 2523 aut
1263 2487 1460 2524 ullomodo
1487 2500 1548 2523 su-

119 2554 281 2596 spectas,
309 2559 389 2582 cuin
416 2549 566 2584 collatus
593 2550 638 2585 sit
664 2561 685 2585 a
711 2562 769 2587 me
795 2550 1002 2598 diligenter,
1030 2549 1096 2584 hoc
1122 2549 1339 2596 potissimum
1370 2542 1547 2597 praesidio

119 2607 278 2644 condicio
305 2608 424 2644 critica
450 2610 612 2647 carminis
640 2609 809 2647 Ouidiaui
841 2623 920 2647 sese
956 2610 1133 2656 tuebitur,
1169 2609 1284 2645 donec
1315 2609 1546 2646 difficultates
