<?xml version="1.0" encoding="UTF-8"?>
<!DOCTYPE html PUBLIC "-//W3C//DTD XHTML 1.0 Transitional//EN"
    "http://www.w3.org/TR/xhtml1/DTD/xhtml1-transitional.dtd">
<html xmlns="http://www.w3.org/1999/xhtml" xml:lang="en" lang="en">
 <head>
  <title>
</title>
<meta http-equiv="Content-Type" content="text/html;charset=utf-8" />
  <meta name='ocr-system' content='tesseract 3.04.00' />
  <meta name='ocr-capabilities' content='ocr_page ocr_carea ocr_par ocr_line ocrx_word'/>
</head>
<body>
  <div class='ocr_page' id='page_1' title='image "./fastorumlibrisex00oviduoft_0355.png"; bbox 0 0 1685 2954; ppageno 0'>
   <div class='ocr_carea' id='block_1_1' title="bbox 582 90 1505 134">
    <p class='ocr_par' dir='ltr' id='par_1_1' title="bbox 582 90 1505 134">
     <span class='ocr_line' id='line_1_1' title="bbox 582 90 1505 134; baseline 0.004 -6"><span class='ocrx_word' id='word_1_1' title='bbox 582 99 999 131; x_wconf 74' lang='lat' dir='ltr'><strong>L18.sECVNDvs</strong></span> <span class='ocrx_word' id='word_1_2' title='bbox 1450 90 1505 134; x_wconf 77' lang='lat'><strong>53</strong></span> 
     </span>
    </p>
   </div>
   <div class='ocr_carea' id='block_1_2' title="bbox 110 198 1502 1601">
    <p class='ocr_par' dir='ltr' id='par_1_2' title="bbox 110 198 1502 1601">
     <span class='ocr_line' id='line_1_2' title="bbox 184 198 1502 255; baseline 0.002 -14"><span class='ocrx_word' id='word_1_3' title='bbox 184 201 305 242; x_wconf 89' lang='lat' dir='ltr'><strong>Hanc</strong></span> <span class='ocrx_word' id='word_1_4' title='bbox 328 199 468 254; x_wconf 86' lang='lat' dir='ltr'><strong>pudet,</strong></span> <span class='ocrx_word' id='word_1_5' title='bbox 496 202 541 240; x_wconf 85' lang='lat' dir='ltr'><strong>et</strong></span> <span class='ocrx_word' id='word_1_6' title='bbox 568 198 709 241; x_wconf 82' lang='lat' dir='ltr'><strong>tardae</strong></span> <span class='ocrx_word' id='word_1_7' title='bbox 738 199 810 242; x_wconf 85' lang='lat' dir='ltr'><strong>dat</strong></span> <span class='ocrx_word' id='word_1_8' title='bbox 835 199 942 240; x_wconf 86' lang='lat' dir='ltr'><strong>mala</strong></span> <span class='ocrx_word' id='word_1_9' title='bbox 965 200 1087 255; x_wconf 86' lang='lat' dir='ltr'><strong>signa</strong></span> <span class='ocrx_word' id='word_1_10' title='bbox 1109 213 1257 244; x_wconf 82' lang='lat' dir='ltr'><strong>morae.</strong></span> <span class='ocrx_word' id='word_1_11' title='bbox 1425 209 1502 245; x_wconf 85' lang='lat'><strong>170</strong></span> 
     </span>
     <span class='ocr_line' id='line_1_3' title="bbox 129 265 1074 309; baseline 0.002 -2"><span class='ocrx_word' id='word_1_12' title='bbox 129 268 310 308; x_wconf 84' lang='lat' dir='ltr'><strong>Exuerat</strong></span> <span class='ocrx_word' id='word_1_13' title='bbox 331 268 503 309; x_wconf 79' lang='lat' dir='ltr'><strong>tunicas.</strong></span> <span class='ocrx_word' id='word_1_14' title='bbox 541 266 646 307; x_wconf 88' lang='lat' dir='ltr'><strong>uteri</strong></span> <span class='ocrx_word' id='word_1_15' title='bbox 673 265 891 309; x_wconf 86' lang='lat' dir='ltr'><strong>manifesta</strong></span> <span class='ocrx_word' id='word_1_16' title='bbox 918 274 1074 309; x_wconf 87' lang='lat' dir='ltr'><strong>tumore</strong></span> 
     </span>
     <span class='ocr_line' id='line_1_4' title="bbox 183 333 979 387; baseline 0.001 -12"><span class='ocrx_word' id='word_1_17' title='bbox 183 335 367 376; x_wconf 78' lang='lat' dir='ltr'><strong>Proditur</strong></span> <span class='ocrx_word' id='word_1_18' title='bbox 391 333 538 375; x_wconf 90' lang='lat' dir='ltr'><strong>indicio</strong></span> <span class='ocrx_word' id='word_1_19' title='bbox 566 333 757 387; x_wconf 88' lang='lat' dir='ltr'><strong>ponderis</strong></span> <span class='ocrx_word' id='word_1_20' title='bbox 785 335 876 387; x_wconf 87' lang='lat' dir='ltr'><strong>ipsa</strong></span> <span class='ocrx_word' id='word_1_21' title='bbox 904 336 979 376; x_wconf 89' lang='lat' dir='ltr'><strong>sui.</strong></span> 
     </span>
     <span class='ocr_line' id='line_1_5' title="bbox 130 400 1160 456; baseline 0 -13"><span class='ocrx_word' id='word_1_22' title='bbox 130 403 209 443; x_wconf 91' lang='lat' dir='ltr'><strong>Cui</strong></span> <span class='ocrx_word' id='word_1_23' title='bbox 238 402 327 454; x_wconf 81' lang='lat' dir='ltr'><strong>dea,</strong></span> <span class='ocrx_word' id='word_1_24' title='bbox 354 401 574 456; x_wconf 87' lang='lat' dir='ltr'><strong>uirgineos,</strong></span> <span class='ocrx_word' id='word_1_25' title='bbox 601 400 760 454; x_wconf 88' lang='lat' dir='ltr'><strong>periura</strong></span> <span class='ocrx_word' id='word_1_26' title='bbox 789 402 985 455; x_wconf 81' lang='lat' dir='ltr'>Lycaoni,</span> <span class='ocrx_word' id='word_1_27' title='bbox 1015 408 1160 443; x_wconf 84' lang='lat' dir='ltr'><strong>coetus</strong></span> 
     </span>
     <span class='ocr_line' id='line_1_6' title="bbox 180 468 1104 522; baseline -0.002 -12"><span class='ocrx_word' id='word_1_28' title='bbox 180 471 336 511; x_wconf 84' lang='lat' dir='ltr'><strong>Desere</strong></span> <span class='ocrx_word' id='word_1_29' title='bbox 363 482 442 510; x_wconf 90' lang='lat' dir='ltr'><strong>nec</strong></span> <span class='ocrx_word' id='word_1_30' title='bbox 472 475 614 510; x_wconf 90' lang='lat' dir='ltr'><strong>castas</strong></span> <span class='ocrx_word' id='word_1_31' title='bbox 642 469 787 521; x_wconf 87' lang='lat' dir='ltr'><strong>pollue,</strong></span> <span class='ocrx_word' id='word_1_32' title='bbox 818 468 933 521; x_wconf 84' lang='lat' dir='ltr'>dixit,</span> <span class='ocrx_word' id='word_1_33' title='bbox 964 481 1104 522; x_wconf 88' lang='lat' dir='ltr'><strong>aquas.</strong></span> 
     </span>
     <span class='ocr_line' id='line_1_7' title="bbox 123 536 1497 589; baseline 0.001 -11"><span class='ocrx_word' id='word_1_34' title='bbox 123 539 238 578; x_wconf 86' lang='lat' dir='ltr'><strong>Luna</strong></span> <span class='ocrx_word' id='word_1_35' title='bbox 263 550 410 577; x_wconf 90' lang='lat' dir='ltr'><strong>nouum</strong></span> <span class='ocrx_word' id='word_1_36' title='bbox 441 536 582 577; x_wconf 87' lang='lat' dir='ltr'><strong>decies</strong></span> <span class='ocrx_word' id='word_1_37' title='bbox 610 536 796 589; x_wconf 88' lang='lat' dir='ltr'><strong>implerat</strong></span> <span class='ocrx_word' id='word_1_38' title='bbox 823 537 1011 577; x_wconf 88' lang='lat' dir='ltr'><strong>cornibus</strong></span> <span class='ocrx_word' id='word_1_39' title='bbox 1040 536 1195 578; x_wconf 87' lang='lat' dir='ltr'><strong>orbem:</strong></span> <span class='ocrx_word' id='word_1_40' title='bbox 1422 546 1497 581; x_wconf 67' lang='lat'><strong>:375</strong></span> 
     </span>
     <span class='ocr_line' id='line_1_8' title="bbox 180 602 1081 657; baseline 0.002 -15"><span class='ocrx_word' id='word_1_41' title='bbox 180 603 295 653; x_wconf 81' lang='lat' dir='ltr'><strong>Quae</strong></span> <span class='ocrx_word' id='word_1_42' title='bbox 323 604 455 644; x_wconf 87' lang='lat' dir='ltr'><strong>fuerat</strong></span> <span class='ocrx_word' id='word_1_43' title='bbox 483 602 599 657; x_wconf 86' lang='lat' dir='ltr'><strong>uirgo</strong></span> <span class='ocrx_word' id='word_1_44' title='bbox 627 603 796 656; x_wconf 86' lang='lat' dir='ltr'><strong>credita,</strong></span> <span class='ocrx_word' id='word_1_45' title='bbox 825 610 956 644; x_wconf 86' lang='lat' dir='ltr'><strong>mater</strong></span> <span class='ocrx_word' id='word_1_46' title='bbox 983 609 1081 644; x_wconf 86' lang='lat' dir='ltr'><strong>erat.</strong></span> 
     </span>
     <span class='ocr_line' id='line_1_9' title="bbox 120 671 1148 724; baseline 0 -13"><span class='ocrx_word' id='word_1_47' title='bbox 120 673 257 711; x_wconf 83' lang='lat' dir='ltr'><strong>Laesa</strong></span> <span class='ocrx_word' id='word_1_48' title='bbox 283 672 378 711; x_wconf 85' lang='lat' dir='ltr'><strong>furit</strong></span> <span class='ocrx_word' id='word_1_49' title='bbox 403 672 514 723; x_wconf 87' lang='lat' dir='ltr'><strong>luno,</strong></span> <span class='ocrx_word' id='word_1_50' title='bbox 543 671 708 711; x_wconf 87' lang='lat' dir='ltr'><strong>sormam</strong></span> <span class='ocrx_word' id='word_1_51' title='bbox 739 677 949 724; x_wconf 88' lang='lat' dir='ltr'><strong>mutatque</strong></span> <span class='ocrx_word' id='word_1_52' title='bbox 975 671 1148 723; x_wconf 83' lang='lat' dir='ltr'><strong>puellae.</strong></span> 
     </span>
     <span class='ocr_line' id='line_1_10' title="bbox 178 735 1225 792; baseline 0.002 -15"><span class='ocrx_word' id='word_1_53' title='bbox 178 737 285 789; x_wconf 82' lang='lat' dir='ltr'><strong>Quid</strong></span> <span class='ocrx_word' id='word_1_54' title='bbox 312 735 445 779; x_wconf 67' lang='lat' dir='ltr'><strong>facis?</strong></span> <span class='ocrx_word' id='word_1_55' title='bbox 480 739 605 778; x_wconf 88' lang='lat' dir='ltr'><strong>inuito</strong></span> <span class='ocrx_word' id='word_1_56' title='bbox 634 746 699 779; x_wconf 90' lang='lat' dir='ltr'><strong>est</strong></span> <span class='ocrx_word' id='word_1_57' title='bbox 726 745 894 792; x_wconf 83' lang='lat' dir='ltr'>pectore</span> <span class='ocrx_word' id='word_1_58' title='bbox 921 751 1049 792; x_wconf 89' lang='lat' dir='ltr'><strong>passa</strong></span> <span class='ocrx_word' id='word_1_59' title='bbox 1075 740 1225 780; x_wconf 90' lang='lat' dir='ltr'><strong>Iouem.</strong></span> 
     </span>
     <span class='ocr_line' id='line_1_11' title="bbox 121 804 1118 859; baseline 0 -14"><span class='ocrx_word' id='word_1_60' title='bbox 121 805 260 859; x_wconf 87' lang='lat' dir='ltr'><strong>thue</strong></span> <span class='ocrx_word' id='word_1_61' title='bbox 288 806 399 846; x_wconf 89' lang='lat' dir='ltr'><strong>ferae</strong></span> <span class='ocrx_word' id='word_1_62' title='bbox 428 804 530 845; x_wconf 81' lang='lat' dir='ltr'><strong>uidit</strong></span> <span class='ocrx_word' id='word_1_63' title='bbox 558 811 698 858; x_wconf 85' lang='lat' dir='ltr'><strong>turpes</strong></span> <span class='ocrx_word' id='word_1_64' title='bbox 726 806 766 846; x_wconf 93' lang='lat' dir='ltr'><strong>in</strong></span> <span class='ocrx_word' id='word_1_65' title='bbox 794 806 939 859; x_wconf 81' lang='lat' dir='ltr'>pellice</span> <span class='ocrx_word' id='word_1_66' title='bbox 968 806 1118 859; x_wconf 80' lang='lat' dir='ltr'><strong>uoltus,</strong></span> 
     </span>
     <span class='ocr_line' id='line_1_12' title="bbox 174 871 1496 926; baseline 0.001 -13"><span class='ocrx_word' id='word_1_67' title='bbox 174 873 306 913; x_wconf 84' lang='lat' dir='ltr'><strong>Huius</strong></span> <span class='ocrx_word' id='word_1_68' title='bbox 333 872 375 911; x_wconf 93' lang='lat' dir='ltr'><strong>in</strong></span> <span class='ocrx_word' id='word_1_69' title='bbox 402 872 616 924; x_wconf 89' lang='lat' dir='ltr'><strong>amplexus</strong></span> <span class='ocrx_word' id='word_1_70' title='bbox 644 873 843 926; x_wconf 84' lang='lat' dir='ltr'><strong>Iuppiter,</strong></span> <span class='ocrx_word' id='word_1_71' title='bbox 879 871 1029 926; x_wconf 88' lang='lat' dir='ltr'><strong>inquit,</strong></span> <span class='ocrx_word' id='word_1_72' title='bbox 1065 878 1145 912; x_wconf 83' lang='lat' dir='ltr'><strong>eat.</strong></span> <span class='ocrx_word' id='word_1_73' title='bbox 1420 880 1496 914; x_wconf 78' lang='lat'><strong>180</strong></span> 
     </span>
     <span class='ocr_line' id='line_1_13' title="bbox 119 938 1116 993; baseline 0 -14"><span class='ocrx_word' id='word_1_74' title='bbox 119 938 227 980; x_wconf 85' lang='lat' dir='ltr'><strong>Vrsa</strong></span> <span class='ocrx_word' id='word_1_75' title='bbox 252 952 324 991; x_wconf 90' lang='lat' dir='ltr'><strong>per</strong></span> <span class='ocrx_word' id='word_1_76' title='bbox 347 939 524 980; x_wconf 86' lang='lat' dir='ltr'><strong>incultos</strong></span> <span class='ocrx_word' id='word_1_77' title='bbox 550 940 709 980; x_wconf 86' lang='lat' dir='ltr'><strong>errabat</strong></span> <span class='ocrx_word' id='word_1_78' title='bbox 735 939 921 993; x_wconf 84' lang='lat' dir='ltr'><strong>squalida</strong></span> <span class='ocrx_word' id='word_1_79' title='bbox 942 944 1116 991; x_wconf 86' lang='lat' dir='ltr'><strong>montes,</strong></span> 
     </span>
     <span class='ocr_line' id='line_1_14' title="bbox 172 1005 1068 1059; baseline 0 -13"><span class='ocrx_word' id='word_1_80' title='bbox 172 1005 290 1057; x_wconf 82' lang='lat' dir='ltr'><strong>Quae</strong></span> <span class='ocrx_word' id='word_1_81' title='bbox 315 1007 448 1046; x_wconf 83' lang='lat' dir='ltr'><strong>fuerat</strong></span> <span class='ocrx_word' id='word_1_82' title='bbox 474 1018 630 1046; x_wconf 90' lang='lat' dir='ltr'><strong>summo</strong></span> <span class='ocrx_word' id='word_1_83' title='bbox 657 1020 787 1059; x_wconf 87' lang='lat' dir='ltr'><strong>nuper</strong></span> <span class='ocrx_word' id='word_1_84' title='bbox 811 1012 946 1047; x_wconf 82' lang='lat' dir='ltr'><strong>amata</strong></span> <span class='ocrx_word' id='word_1_85' title='bbox 971 1006 1068 1046; x_wconf 90' lang='lat' dir='ltr'><strong>Ioui.</strong></span> 
     </span>
     <span class='ocr_line' id='line_1_15' title="bbox 115 1073 1163 1128; baseline 0 -14"><span class='ocrx_word' id='word_1_86' title='bbox 115 1075 200 1114; x_wconf 88' lang='lat' dir='ltr'><strong>Iam</strong></span> <span class='ocrx_word' id='word_1_87' title='bbox 229 1075 304 1114; x_wconf 81' lang='lat' dir='ltr'><strong>tria</strong></span> <span class='ocrx_word' id='word_1_88' title='bbox 330 1074 457 1113; x_wconf 87' lang='lat' dir='ltr'><strong>lustra</strong></span> <span class='ocrx_word' id='word_1_89' title='bbox 484 1085 584 1126; x_wconf 90' lang='lat' dir='ltr'><strong>puer</strong></span> <span class='ocrx_word' id='word_1_90' title='bbox 611 1074 717 1113; x_wconf 81' lang='lat' dir='ltr'><strong>furto</strong></span> <span class='ocrx_word' id='word_1_91' title='bbox 744 1080 971 1126; x_wconf 86' lang='lat' dir='ltr'><strong>conceptus</strong></span> <span class='ocrx_word' id='word_1_92' title='bbox 1000 1073 1163 1128; x_wconf 86' lang='lat' dir='ltr'><strong>agebat,</strong></span> 
     </span>
     <span class='ocr_line' id='line_1_16' title="bbox 170 1140 1053 1182; baseline -0.001 -1"><span class='ocrx_word' id='word_1_93' title='bbox 170 1140 275 1181; x_wconf 91' lang='lat' dir='ltr'><strong>Cum</strong></span> <span class='ocrx_word' id='word_1_94' title='bbox 303 1145 431 1180; x_wconf 89' lang='lat' dir='ltr'><strong>mater</strong></span> <span class='ocrx_word' id='word_1_95' title='bbox 457 1145 554 1180; x_wconf 86' lang='lat' dir='ltr'><strong>nato</strong></span> <span class='ocrx_word' id='word_1_96' title='bbox 583 1146 650 1180; x_wconf 89' lang='lat' dir='ltr'><strong>est</strong></span> <span class='ocrx_word' id='word_1_97' title='bbox 677 1140 797 1181; x_wconf 90' lang='lat' dir='ltr'><strong>obuia</strong></span> <span class='ocrx_word' id='word_1_98' title='bbox 824 1142 937 1182; x_wconf 87' lang='lat' dir='ltr'><strong>facta</strong></span> <span class='ocrx_word' id='word_1_99' title='bbox 965 1153 1053 1180; x_wconf 92' lang='lat' dir='ltr'><strong>suo.</strong></span> 
     </span>
     <span class='ocr_line' id='line_1_17' title="bbox 112 1207 1491 1262; baseline 0.001 -14"><span class='ocrx_word' id='word_1_100' title='bbox 112 1208 184 1248; x_wconf 87' lang='lat' dir='ltr'><strong>Illa</strong></span> <span class='ocrx_word' id='word_1_101' title='bbox 208 1207 368 1260; x_wconf 90' lang='lat' dir='ltr'><strong>quidem</strong></span> <span class='ocrx_word' id='word_1_102' title='bbox 397 1212 601 1260; x_wconf 85' lang='lat' dir='ltr'><strong>tamquam</strong></span> <span class='ocrx_word' id='word_1_103' title='bbox 631 1214 917 1262; x_wconf 79' lang='lat' dir='ltr'><strong>cognosceret,</strong></span> <span class='ocrx_word' id='word_1_104' title='bbox 946 1207 1077 1248; x_wconf 87' lang='lat' dir='ltr'><strong>astitit</strong></span> <span class='ocrx_word' id='word_1_105' title='bbox 1104 1219 1248 1248; x_wconf 89' lang='lat' dir='ltr'><strong>amens</strong></span> <span class='ocrx_word' id='word_1_106' title='bbox 1415 1213 1491 1249; x_wconf 83' lang='lat'><strong>185</strong></span> 
     </span>
     <span class='ocr_line' id='line_1_18' title="bbox 167 1272 1151 1328; baseline 0 -13"><span class='ocrx_word' id='word_1_107' title='bbox 167 1275 224 1315; x_wconf 88' lang='lat' dir='ltr'><strong>Et</strong></span> <span class='ocrx_word' id='word_1_108' title='bbox 247 1272 416 1328; x_wconf 83' lang='lat' dir='ltr'><strong>gemuit.</strong></span> <span class='ocrx_word' id='word_1_109' title='bbox 455 1276 636 1328; x_wconf 86' lang='lat' dir='ltr'><strong>gemitus</strong></span> <span class='ocrx_word' id='word_1_110' title='bbox 662 1276 788 1316; x_wconf 88' lang='lat' dir='ltr'><strong>uerba</strong></span> <span class='ocrx_word' id='word_1_111' title='bbox 815 1276 996 1328; x_wconf 89' lang='lat' dir='ltr'><strong>parentis</strong></span> <span class='ocrx_word' id='word_1_112' title='bbox 1024 1280 1151 1316; x_wconf 83' lang='lat' dir='ltr'><strong>erant.</strong></span> 
     </span>
     <span class='ocr_line' id='line_1_19' title="bbox 111 1341 1069 1395; baseline -0.001 -11"><span class='ocrx_word' id='word_1_113' title='bbox 111 1343 233 1384; x_wconf 89' lang='lat' dir='ltr'><strong>Hanc</strong></span> <span class='ocrx_word' id='word_1_114' title='bbox 260 1354 360 1395; x_wconf 88' lang='lat' dir='ltr'><strong>puer</strong></span> <span class='ocrx_word' id='word_1_115' title='bbox 388 1342 556 1395; x_wconf 83' lang='lat' dir='ltr'><strong>ignarus</strong></span> <span class='ocrx_word' id='word_1_116' title='bbox 582 1341 716 1384; x_wconf 91' lang='lat' dir='ltr'><strong>iaculo</strong></span> <span class='ocrx_word' id='word_1_117' title='bbox 744 1342 907 1384; x_wconf 88' lang='lat' dir='ltr'><strong>fixisset</strong></span> <span class='ocrx_word' id='word_1_118' title='bbox 934 1348 1069 1395; x_wconf 86' lang='lat' dir='ltr'><strong>acuto,</strong></span> 
     </span>
     <span class='ocr_line' id='line_1_20' title="bbox 167 1409 1179 1464; baseline -0.001 -14"><span class='ocrx_word' id='word_1_119' title='bbox 167 1409 225 1450; x_wconf 92' lang='lat' dir='ltr'><strong>Ni</strong></span> <span class='ocrx_word' id='word_1_120' title='bbox 251 1410 356 1450; x_wconf 86' lang='lat' dir='ltr'><strong>foret</strong></span> <span class='ocrx_word' id='word_1_121' title='bbox 383 1409 424 1448; x_wconf 92' lang='lat' dir='ltr'><strong>in</strong></span> <span class='ocrx_word' id='word_1_122' title='bbox 454 1421 625 1461; x_wconf 87' lang='lat' dir='ltr'><strong>superas</strong></span> <span class='ocrx_word' id='word_1_123' title='bbox 653 1416 795 1464; x_wconf 87' lang='lat' dir='ltr'><strong>raptus</strong></span> <span class='ocrx_word' id='word_1_124' title='bbox 823 1417 996 1464; x_wconf 84' lang='lat' dir='ltr'><strong>uterque</strong></span> <span class='ocrx_word' id='word_1_125' title='bbox 1024 1409 1179 1450; x_wconf 89' lang='lat' dir='ltr'><strong>domos.</strong></span> 
     </span>
     <span class='ocr_line' id='line_1_21' title="bbox 110 1475 1401 1532; baseline 0.001 -15"><span class='ocrx_word' id='word_1_126' title='bbox 110 1477 243 1531; x_wconf 85' lang='lat' dir='ltr'><strong>Signa</strong></span> <span class='ocrx_word' id='word_1_127' title='bbox 260 1475 484 1529; x_wconf 85' lang='lat' dir='ltr'><strong>propinqua</strong></span> <span class='ocrx_word' id='word_1_128' title='bbox 501 1475 665 1519; x_wconf 85' lang='lat' dir='ltr'><strong>micant.</strong></span> <span class='ocrx_word' id='word_1_129' title='bbox 693 1479 799 1532; x_wconf 88' lang='lat' dir='ltr'><strong>prior</strong></span> <span class='ocrx_word' id='word_1_130' title='bbox 816 1485 895 1532; x_wconf 79' lang='lat' dir='ltr'><strong>est,</strong></span> <span class='ocrx_word' id='word_1_131' title='bbox 919 1490 1040 1532; x_wconf 92' lang='lat' dir='ltr'><strong>quam</strong></span> <span class='ocrx_word' id='word_1_132' title='bbox 1059 1477 1230 1518; x_wconf 88' lang='lat' dir='ltr'><strong>dicimus</strong></span> <span class='ocrx_word' id='word_1_133' title='bbox 1246 1482 1401 1531; x_wconf 88' lang='lat' dir='ltr'><strong>arcton,</strong></span> 
     </span>
     <span class='ocr_line' id='line_1_22' title="bbox 164 1544 1491 1601; baseline 0.001 -17"><span class='ocrx_word' id='word_1_134' title='bbox 164 1544 446 1598; x_wconf 84' lang='lat' dir='ltr'><strong>Arctophylax</strong></span> <span class='ocrx_word' id='word_1_135' title='bbox 473 1544 640 1586; x_wconf 83' lang='lat' dir='ltr'><strong>formam</strong></span> <span class='ocrx_word' id='word_1_136' title='bbox 669 1551 788 1601; x_wconf 85' lang='lat' dir='ltr'><strong>terga</strong></span> <span class='ocrx_word' id='word_1_137' title='bbox 816 1546 1030 1600; x_wconf 86' lang='lat' dir='ltr'><strong>sequentis</strong></span> <span class='ocrx_word' id='word_1_138' title='bbox 1056 1545 1194 1586; x_wconf 82' lang='lat' dir='ltr'><strong>habet.</strong></span> <span class='ocrx_word' id='word_1_139' title='bbox 1412 1549 1491 1586; x_wconf 80' lang='lat'><strong>190</strong></span> 
     </span>
    </p>
   </div>
   <div class='ocr_carea' id='block_1_3' title="bbox 49 1636 1492 2339">
    <p class='ocr_par' dir='ltr' id='par_1_3' title="bbox 49 1636 1492 2339">
     <span class='ocr_line' id='line_1_23' title="bbox 107 1636 1489 1687; baseline 0.003 -15"><span class='ocrx_word' id='word_1_140' title='bbox 107 1638 192 1673; x_wconf 85' lang='lat'>171.</span> <span class='ocrx_word' id='word_1_141' title='bbox 218 1636 408 1674; x_wconf 80' lang='lat' dir='ltr'><strong>Extulerat</strong></span> <span class='ocrx_word' id='word_1_142' title='bbox 438 1636 489 1676; x_wconf 85' lang='grc' dir='ltr'><strong>Φ.</strong></span> <span class='ocrx_word' id='word_1_143' title='bbox 530 1639 716 1676; x_wconf 83' lang='lat' dir='ltr'><strong>Exuerant</strong></span> <span class='ocrx_word' id='word_1_144' title='bbox 742 1639 773 1687; x_wconf 77' lang='lat' dir='ltr'><strong>f.</strong></span> <span class='ocrx_word' id='word_1_145' title='bbox 811 1640 967 1677; x_wconf 87' lang='lat' dir='ltr'><strong>tunicam</strong></span> <span class='ocrx_word' id='word_1_146' title='bbox 994 1636 1041 1675; x_wconf 91' lang='grc' dir='ltr'>Π</span> <span class='ocrx_word' id='word_1_147' title='bbox 1049 1638 1081 1678; x_wconf 83' lang='lat' dir='ltr'><strong>b.</strong></span> <span class='ocrx_word' id='word_1_148' title='bbox 1119 1646 1196 1676; x_wconf 81' lang='lat' dir='ltr'><strong>tun.</strong></span> <span class='ocrx_word' id='word_1_149' title='bbox 1223 1640 1356 1676; x_wconf 80' lang='lat' dir='ltr'><strong>uentris</strong></span> <span class='ocrx_word' id='word_1_150' title='bbox 1382 1636 1489 1676; x_wconf 88' lang='grc' dir='ltr'><strong>ΠΤ.</strong></span> 
     </span>
     <span class='ocr_line' id='line_1_24' title="bbox 56 1686 1490 1739; baseline 0.002 -16"><span class='ocrx_word' id='word_1_151' title='bbox 56 1688 180 1723; x_wconf 82' lang='lat' dir='ltr'><strong>manis.</strong></span> <span class='ocrx_word' id='word_1_152' title='bbox 209 1686 349 1735; x_wconf 85' lang='lat' dir='ltr'><strong>pudore</strong></span> <span class='ocrx_word' id='word_1_153' title='bbox 375 1690 417 1725; x_wconf 89' lang='lat' dir='ltr'><strong>F.</strong></span> <span class='ocrx_word' id='word_1_154' title='bbox 458 1695 599 1726; x_wconf 83' lang='lat' dir='ltr'><strong>tumore</strong></span> <span class='ocrx_word' id='word_1_155' title='bbox 625 1697 679 1726; x_wconf 83' lang='lat' dir='ltr'><strong>est</strong></span> <span class='ocrx_word' id='word_1_156' title='bbox 712 1692 750 1727; x_wconf 84' lang='lat' dir='ltr'><strong>G.</strong></span> <span class='ocrx_word' id='word_1_157' title='bbox 854 1693 938 1727; x_wconf 90' lang='grc'><strong>172.</strong></span> <span class='ocrx_word' id='word_1_158' title='bbox 965 1690 1088 1726; x_wconf 88' lang='lat' dir='ltr'><strong>inditio</strong></span> <span class='ocrx_word' id='word_1_159' title='bbox 1116 1693 1165 1726; x_wconf 89' lang='lat' dir='ltr'><strong>D.</strong></span> <span class='ocrx_word' id='word_1_160' title='bbox 1201 1690 1313 1739; x_wconf 87' lang='lat' dir='ltr'><strong>pond.</strong></span> <span class='ocrx_word' id='word_1_161' title='bbox 1342 1690 1402 1726; x_wconf 91' lang='lat' dir='ltr'><strong>illa</strong></span> <span class='ocrx_word' id='word_1_162' title='bbox 1430 1692 1490 1738; x_wconf 81' lang='lat' dir='ltr'><strong>F9</strong></span> 
     </span>
     <span class='ocr_line' id='line_1_25' title="bbox 54 1736 1490 1788; baseline 0.001 -15"><span class='ocrx_word' id='word_1_163' title='bbox 54 1736 79 1773; x_wconf 80' lang='lat' dir='ltr'><em>h</em></span> <span class='ocrx_word' id='word_1_164' title='bbox 106 1738 213 1772; x_wconf 82' lang='lat'><strong>3334</strong></span> <span class='ocrx_word' id='word_1_165' title='bbox 238 1748 375 1774; x_wconf 82' lang='lat' dir='ltr'><strong>nouem.</strong></span> <span class='ocrx_word' id='word_1_166' title='bbox 421 1738 498 1787; x_wconf 87' lang='lat' dir='ltr'><strong>ipsa</strong></span> <span class='ocrx_word' id='word_1_167' title='bbox 525 1752 590 1776; x_wconf 89' lang='lat' dir='ltr'><strong>suo</strong></span> <span class='ocrx_word' id='word_1_168' title='bbox 615 1741 652 1775; x_wconf 87' lang='lat' dir='ltr'><strong><em>A</em></strong></span> <span class='ocrx_word' id='word_1_169' title='bbox 677 1752 751 1776; x_wconf 83' lang='lat' dir='ltr'><strong>ma.</strong></span> <span class='ocrx_word' id='word_1_170' title='bbox 769 1752 825 1788; x_wconf 78' lang='lat' dir='ltr'><strong>pr.</strong></span> <span class='ocrx_word' id='word_1_171' title='bbox 938 1742 1020 1775; x_wconf 89' lang='grc'><strong>173.</strong></span> <span class='ocrx_word' id='word_1_172' title='bbox 1058 1739 1222 1776; x_wconf 86' lang='lat' dir='ltr'><strong>lichaona</strong></span> <span class='ocrx_word' id='word_1_173' title='bbox 1247 1739 1293 1777; x_wconf 85' lang='lat' dir='ltr'><strong>E.</strong></span> <span class='ocrx_word' id='word_1_174' title='bbox 1336 1741 1490 1787; x_wconf 84' lang='lat' dir='ltr'><strong>lycaona</strong></span> 
     </span>
     <span class='ocr_line' id='line_1_26' title="bbox 56 1785 1489 1838; baseline 0.002 -15"><span class='ocrx_word' id='word_1_175' title='bbox 56 1789 93 1823; x_wconf 92' lang='lat' dir='ltr'><em>D</em></span> <span class='ocrx_word' id='word_1_176' title='bbox 103 1786 167 1832; x_wconf 70' lang='lat' dir='ltr'><strong>fin</strong></span> <span class='ocrx_word' id='word_1_177' title='bbox 193 1785 319 1833; x_wconf 68' lang='lat' dir='ltr'><strong>decent.</strong></span> <span class='ocrx_word' id='word_1_178' title='bbox 361 1788 510 1834; x_wconf 86' lang='lat' dir='ltr'><strong>lycaone</strong></span> <span class='ocrx_word' id='word_1_179' title='bbox 529 1787 575 1824; x_wconf 87' lang='lat' dir='ltr'><em>A</em></span> <span class='ocrx_word' id='word_1_180' title='bbox 584 1786 625 1824; x_wconf 86' lang='lat' dir='ltr'><em>A</em></span> <span class='ocrx_word' id='word_1_181' title='bbox 633 1800 686 1838; x_wconf 80' lang='lat' dir='ltr'><strong>pr</strong></span> <span class='ocrx_word' id='word_1_182' title='bbox 711 1791 879 1838; x_wconf 78' lang='lat' dir='ltr'><strong>quinque3</strong></span> <span class='ocrx_word' id='word_1_183' title='bbox 907 1792 942 1826; x_wconf 88' lang='lat' dir='ltr'><strong><em>E</em></strong></span> <span class='ocrx_word' id='word_1_184' title='bbox 958 1801 1040 1825; x_wconf 83' lang='lat' dir='ltr'><strong>uar.</strong></span> <span class='ocrx_word' id='word_1_185' title='bbox 1061 1801 1130 1825; x_wconf 81' lang='lat' dir='ltr'><strong>scr.</strong></span> <span class='ocrx_word' id='word_1_186' title='bbox 1170 1790 1333 1837; x_wconf 83' lang='lat' dir='ltr'><strong>lycaonia</strong></span> <span class='ocrx_word' id='word_1_187' title='bbox 1359 1789 1391 1825; x_wconf 85' lang='lat' dir='ltr'><strong>b.</strong></span> <span class='ocrx_word' id='word_1_188' title='bbox 1429 1801 1489 1826; x_wconf 86' lang='lat' dir='ltr'><strong>ce-</strong></span> 
     </span>
     <span class='ocr_line' id='line_1_27' title="bbox 54 1836 1487 1887; baseline 0.003 -15"><span class='ocrx_word' id='word_1_189' title='bbox 54 1843 111 1873; x_wconf 88' lang='lat' dir='ltr'><strong>tus</strong></span> <span class='ocrx_word' id='word_1_190' title='bbox 138 1839 230 1872; x_wconf 91' lang='lat' dir='ltr'><strong>DE.</strong></span> <span class='ocrx_word' id='word_1_191' title='bbox 334 1839 420 1874; x_wconf 87' lang='lat'>174.</span> <span class='ocrx_word' id='word_1_192' title='bbox 446 1849 491 1875; x_wconf 86' lang='lat' dir='ltr'><strong>ne</strong></span> <span class='ocrx_word' id='word_1_193' title='bbox 518 1845 606 1874; x_wconf 81' lang='lat' dir='ltr'><strong>cast.</strong></span> <span class='ocrx_word' id='word_1_194' title='bbox 627 1839 837 1876; x_wconf 79' lang='lat' dir='ltr'><strong>ADPTs.</strong></span> <span class='ocrx_word' id='word_1_195' title='bbox 876 1850 944 1874; x_wconf 89' lang='lat' dir='ltr'><strong>nec</strong></span> <span class='ocrx_word' id='word_1_196' title='bbox 969 1851 1088 1875; x_wconf 85' lang='lat' dir='ltr'><strong>sacras</strong></span> <span class='ocrx_word' id='word_1_197' title='bbox 1114 1836 1162 1874; x_wconf 88' lang='lat' dir='ltr'><strong><em>H</em></strong></span> <span class='ocrx_word' id='word_1_198' title='bbox 1177 1844 1308 1887; x_wconf 80' lang='lat' dir='ltr'><strong>septem</strong></span> <span class='ocrx_word' id='word_1_199' title='bbox 1317 1852 1329 1884; x_wconf 71' lang='grc' dir='ltr'><strong><em>ς</em></strong></span> <span class='ocrx_word' id='word_1_200' title='bbox 1361 1840 1389 1875; x_wconf 90' lang='lat' dir='ltr'><em>C</em></span> <span class='ocrx_word' id='word_1_201' title='bbox 1404 1851 1487 1876; x_wconf 80' lang='lat' dir='ltr'><strong>nar.</strong></span> 
     </span>
     <span class='ocr_line' id='line_1_28' title="bbox 52 1886 1487 1938; baseline 0.001 -15"><span class='ocrx_word' id='word_1_202' title='bbox 52 1899 123 1923; x_wconf 82' lang='lat' dir='ltr'><strong>scr.</strong></span> <span class='ocrx_word' id='word_1_203' title='bbox 161 1886 286 1935; x_wconf 88' lang='lat' dir='ltr'><strong>pullue</strong></span> <span class='ocrx_word' id='word_1_204' title='bbox 306 1889 409 1923; x_wconf 89' lang='lat' dir='ltr'>P41.</span> <span class='ocrx_word' id='word_1_205' title='bbox 514 1889 599 1924; x_wconf 85' lang='lat'>175.</span> <span class='ocrx_word' id='word_1_206' title='bbox 626 1888 728 1924; x_wconf 88' lang='lat' dir='ltr'><strong>nouis</strong></span> <span class='ocrx_word' id='word_1_207' title='bbox 750 1890 800 1924; x_wconf 88' lang='lat' dir='ltr'><strong>D.</strong></span> <span class='ocrx_word' id='word_1_208' title='bbox 839 1900 968 1924; x_wconf 86' lang='lat' dir='ltr'><strong>nouem</strong></span> <span class='ocrx_word' id='word_1_209' title='bbox 993 1888 1012 1924; x_wconf 84' lang='lat' dir='ltr'><em>b</em></span> <span class='ocrx_word' id='word_1_210' title='bbox 1031 1901 1104 1925; x_wconf 68' lang='lat' dir='ltr'><strong>vna.</strong></span> <span class='ocrx_word' id='word_1_211' title='bbox 1122 1901 1178 1938; x_wconf 78' lang='lat' dir='ltr'><strong>pr.</strong></span> <span class='ocrx_word' id='word_1_212' title='bbox 1216 1890 1430 1937; x_wconf 86' lang='lat' dir='ltr'><strong>impleuerat</strong></span> <span class='ocrx_word' id='word_1_213' title='bbox 1454 1889 1487 1935; x_wconf 72' lang='lat' dir='ltr'><strong>f.</strong></span> 
     </span>
     <span class='ocr_line' id='line_1_29' title="bbox 53 1934 1492 1988; baseline 0.003 -16"><span class='ocrx_word' id='word_1_214' title='bbox 53 1937 217 1985; x_wconf 86' lang='lat' dir='ltr'><strong>impleuit</strong></span> <span class='ocrx_word' id='word_1_215' title='bbox 234 1934 292 1974; x_wconf 87' lang='grc' dir='ltr'><strong>Π.</strong></span> <span class='ocrx_word' id='word_1_216' title='bbox 333 1938 531 1987; x_wconf 87' lang='lat' dir='ltr'><strong>complerat</strong></span> <span class='ocrx_word' id='word_1_217' title='bbox 553 1939 597 1975; x_wconf 88' lang='grc'><strong>0.</strong></span> <span class='ocrx_word' id='word_1_218' title='bbox 637 1938 739 1988; x_wconf 90' lang='lat' dir='ltr'><strong>impl.</strong></span> <span class='ocrx_word' id='word_1_219' title='bbox 767 1939 944 1988; x_wconf 87' lang='lat' dir='ltr'><strong>equitibus</strong></span> <span class='ocrx_word' id='word_1_220' title='bbox 971 1939 1047 1975; x_wconf 88' lang='lat' dir='ltr'><strong>orb.</strong></span> <span class='ocrx_word' id='word_1_221' title='bbox 1068 1938 1100 1975; x_wconf 82' lang='lat' dir='ltr'><strong>b.</strong></span> <span class='ocrx_word' id='word_1_222' title='bbox 1205 1941 1288 1975; x_wconf 89' lang='lat'><strong>177.</strong></span> <span class='ocrx_word' id='word_1_223' title='bbox 1313 1939 1429 1976; x_wconf 86' lang='lat' dir='ltr'><strong>Laeta</strong></span> <span class='ocrx_word' id='word_1_224' title='bbox 1461 1940 1492 1976; x_wconf 80' lang='lat' dir='ltr'><strong><em>G</em></strong></span> 
     </span>
     <span class='ocr_line' id='line_1_30' title="bbox 51 1985 1486 2039; baseline 0.001 -16"><span class='ocrx_word' id='word_1_225' title='bbox 51 1999 126 2023; x_wconf 69' lang='lat' dir='ltr'><strong>vna.</strong></span> <span class='ocrx_word' id='word_1_226' title='bbox 144 1999 200 2036; x_wconf 86' lang='lat' dir='ltr'><strong>pr.</strong></span> <span class='ocrx_word' id='word_1_227' title='bbox 229 1999 265 2023; x_wconf 86' lang='lat' dir='ltr'><strong>m</strong></span> <span class='ocrx_word' id='word_1_228' title='bbox 290 1999 363 2024; x_wconf 72' lang='lat' dir='ltr'><strong>nia.</strong></span> <span class='ocrx_word' id='word_1_229' title='bbox 381 2000 438 2037; x_wconf 84' lang='lat' dir='ltr'><strong>pr.</strong></span> <span class='ocrx_word' id='word_1_230' title='bbox 480 1988 596 2024; x_wconf 83' lang='lat' dir='ltr'><strong>Laesa</strong></span> <span class='ocrx_word' id='word_1_231' title='bbox 622 1988 692 2024; x_wconf 83' lang='lat' dir='ltr'><strong>fuit</strong></span> <span class='ocrx_word' id='word_1_232' title='bbox 721 1985 771 2024; x_wconf 74' lang='grc' dir='ltr'><strong>Ψ.</strong></span> <span class='ocrx_word' id='word_1_233' title='bbox 819 1989 905 2025; x_wconf 88' lang='lat' dir='ltr'><strong>iuno</strong></span> <span class='ocrx_word' id='word_1_234' title='bbox 931 1995 1045 2025; x_wconf 88' lang='lat' dir='ltr'><strong>mutat</strong></span> <span class='ocrx_word' id='word_1_235' title='bbox 1070 1988 1295 2039; x_wconf 83' lang='lat' dir='ltr'><strong>formamque</strong></span> <span class='ocrx_word' id='word_1_236' title='bbox 1321 2001 1352 2026; x_wconf 84' lang='lat' dir='ltr'><strong>s.</strong></span> <span class='ocrx_word' id='word_1_237' title='bbox 1399 1989 1486 2025; x_wconf 89' lang='lat' dir='ltr'><strong>iuno</strong></span> 
     </span>
     <span class='ocr_line' id='line_1_31' title="bbox 52 2035 1486 2086; baseline 0.003 -14"><span class='ocrx_word' id='word_1_238' title='bbox 52 2043 214 2073; x_wconf 74' lang='lat' dir='ltr'><strong>mutatur</strong></span> <span class='ocrx_word' id='word_1_239' title='bbox 239 2038 354 2073; x_wconf 79' lang='lat' dir='ltr'><strong>forma</strong></span> <span class='ocrx_word' id='word_1_240' title='bbox 382 2039 524 2086; x_wconf 88' lang='lat' dir='ltr'><strong>puellae</strong></span> <span class='ocrx_word' id='word_1_241' title='bbox 550 2035 675 2074; x_wconf 82' lang='lat'>1141.</span> <span class='ocrx_word' id='word_1_242' title='bbox 722 2039 873 2074; x_wconf 80' lang='lat' dir='ltr'><strong>formam</strong></span> <span class='ocrx_word' id='word_1_243' title='bbox 901 2046 1040 2075; x_wconf 82' lang='lat' dir='ltr'><strong>mutare</strong></span> <span class='ocrx_word' id='word_1_244' title='bbox 1067 2040 1208 2086; x_wconf 78' lang='lat' dir='ltr'><strong>puellae</strong></span> <span class='ocrx_word' id='word_1_245' title='bbox 1234 2040 1295 2075; x_wconf 88' lang='lat'><strong>40.</strong></span> <span class='ocrx_word' id='word_1_246' title='bbox 1399 2041 1486 2076; x_wconf 82' lang='lat'>178.</span> 
     </span>
     <span class='ocr_line' id='line_1_32' title="bbox 51 2086 1486 2137; baseline 0.002 -15"><span class='ocrx_word' id='word_1_247' title='bbox 51 2087 168 2123; x_wconf 90' lang='lat' dir='ltr'><strong>inuiso</strong></span> <span class='ocrx_word' id='word_1_248' title='bbox 194 2086 255 2125; x_wconf 85' lang='lat' dir='ltr'><strong>A.</strong></span> <span class='ocrx_word' id='word_1_249' title='bbox 294 2088 427 2124; x_wconf 83' lang='lat' dir='ltr'><strong>inuicto</strong></span> <span class='ocrx_word' id='word_1_250' title='bbox 458 2090 541 2126; x_wconf 83' lang='lat' dir='ltr'><strong>Gm.</strong></span> <span class='ocrx_word' id='word_1_251' title='bbox 581 2089 692 2124; x_wconf 83' lang='lat' dir='ltr'><strong>inuito</strong></span> <span class='ocrx_word' id='word_1_252' title='bbox 718 2096 865 2137; x_wconf 86' lang='lat' dir='ltr'><strong>pectore</strong></span> <span class='ocrx_word' id='word_1_253' title='bbox 889 2087 1111 2137; x_wconf 76' lang='grc' dir='ltr'><strong>ΕΦΨΤ9</strong></span> <span class='ocrx_word' id='word_1_254' title='bbox 1137 2100 1214 2126; x_wconf 73' lang='lat' dir='ltr'><strong>sex.</strong></span> <span class='ocrx_word' id='word_1_255' title='bbox 1264 2089 1376 2126; x_wconf 87' lang='lat' dir='ltr'><strong>inuito</strong></span> <span class='ocrx_word' id='word_1_256' title='bbox 1405 2101 1486 2125; x_wconf 87' lang='lat' dir='ltr'><strong>cor-</strong></span> 
     </span>
     <span class='ocr_line' id='line_1_33' title="bbox 49 2135 1484 2189; baseline 0.001 -16"><span class='ocrx_word' id='word_1_257' title='bbox 49 2149 141 2187; x_wconf 90' lang='lat' dir='ltr'><strong>pore</strong></span> <span class='ocrx_word' id='word_1_258' title='bbox 165 2150 195 2173; x_wconf 89' lang='lat' dir='ltr'><strong>s.</strong></span> <span class='ocrx_word' id='word_1_259' title='bbox 243 2144 298 2175; x_wconf 85' lang='lat' dir='ltr'><strong>est</strong></span> <span class='ocrx_word' id='word_1_260' title='bbox 323 2151 475 2188; x_wconf 85' lang='lat' dir='ltr'><strong>corpore</strong></span> <span class='ocrx_word' id='word_1_261' title='bbox 498 2135 544 2174; x_wconf 92' lang='grc' dir='ltr'><em>Π</em></span> <span class='ocrx_word' id='word_1_262' title='bbox 561 2141 608 2175; x_wconf 84' lang='grc'><strong>41</strong></span> <span class='ocrx_word' id='word_1_263' title='bbox 638 2143 803 2187; x_wconf 75' lang='lat' dir='ltr'><strong>quatuor.</strong></span> <span class='ocrx_word' id='word_1_264' title='bbox 851 2151 956 2189; x_wconf 90' lang='lat' dir='ltr'><strong>passa</strong></span> <span class='ocrx_word' id='word_1_265' title='bbox 980 2141 1018 2176; x_wconf 72' lang='lat' dir='ltr'><strong>in</strong></span> <span class='ocrx_word' id='word_1_266' title='bbox 1044 2152 1120 2176; x_wconf 77' lang='lat' dir='ltr'><strong>ras.</strong></span> <span class='ocrx_word' id='word_1_267' title='bbox 1146 2152 1194 2175; x_wconf 83' lang='lat' dir='ltr'><strong>m.</strong></span> <span class='ocrx_word' id='word_1_268' title='bbox 1241 2152 1349 2189; x_wconf 88' lang='lat' dir='ltr'><strong>passa</strong></span> <span class='ocrx_word' id='word_1_269' title='bbox 1375 2139 1484 2175; x_wconf 74' lang='lat' dir='ltr'><strong>deum</strong></span> 
     </span>
     <span class='ocr_line' id='line_1_34' title="bbox 50 2187 1484 2238; baseline 0.001 -14"><span class='ocrx_word' id='word_1_270' title='bbox 50 2194 106 2224; x_wconf 83' lang='lat' dir='ltr'><strong>est</strong></span> <span class='ocrx_word' id='word_1_271' title='bbox 130 2190 176 2224; x_wconf 84' lang='lat' dir='ltr'><strong>E.</strong></span> <span class='ocrx_word' id='word_1_272' title='bbox 213 2190 331 2225; x_wconf 69' lang='lat' dir='ltr'><strong>ionem</strong></span> <span class='ocrx_word' id='word_1_273' title='bbox 357 2195 412 2225; x_wconf 84' lang='lat' dir='ltr'><strong>est</strong></span> <span class='ocrx_word' id='word_1_274' title='bbox 441 2187 564 2238; x_wconf 65' lang='lat' dir='ltr'><strong>(D2P&#39;9</strong></span> <span class='ocrx_word' id='word_1_275' title='bbox 590 2194 674 2226; x_wconf 84' lang='lat' dir='ltr'><strong>tres.</strong></span> <span class='ocrx_word' id='word_1_276' title='bbox 779 2191 863 2225; x_wconf 89' lang='lat'>179.</span> <span class='ocrx_word' id='word_1_277' title='bbox 891 2190 1012 2238; x_wconf 70' lang='lat' dir='ltr'><strong>Vsque</strong></span> <span class='ocrx_word' id='word_1_278' title='bbox 1038 2189 1141 2226; x_wconf 81' lang='lat' dir='ltr'><strong>ferox</strong></span> <span class='ocrx_word' id='word_1_279' title='bbox 1173 2187 1222 2226; x_wconf 73' lang='grc' dir='ltr'><strong>Ψ.</strong></span> <span class='ocrx_word' id='word_1_280' title='bbox 1262 2190 1335 2226; x_wconf 89' lang='lat' dir='ltr'><strong>uid.</strong></span> <span class='ocrx_word' id='word_1_281' title='bbox 1363 2189 1484 2225; x_wconf 86' lang='lat' dir='ltr'><strong>uultus</strong></span> 
     </span>
     <span class='ocr_line' id='line_1_35' title="bbox 50 2237 1483 2289; baseline 0.001 -16"><span class='ocrx_word' id='word_1_282' title='bbox 50 2237 85 2273; x_wconf 88' lang='lat' dir='ltr'><strong>in</strong></span> <span class='ocrx_word' id='word_1_283' title='bbox 110 2250 149 2287; x_wconf 92' lang='lat' dir='ltr'><strong>p.</strong></span> <span class='ocrx_word' id='word_1_284' title='bbox 177 2245 272 2288; x_wconf 79' lang='lat' dir='ltr'><strong>turp.</strong></span> <span class='ocrx_word' id='word_1_285' title='bbox 298 2238 329 2284; x_wconf 75' lang='lat' dir='ltr'><strong>f.</strong></span> <span class='ocrx_word' id='word_1_286' title='bbox 389 2240 484 2286; x_wconf 28' lang='lat' dir='ltr'><strong>,elice</strong></span> <span class='ocrx_word' id='word_1_287' title='bbox 507 2242 624 2276; x_wconf 81' lang='lat' dir='ltr'><strong>DEr.</strong></span> <span class='ocrx_word' id='word_1_288' title='bbox 730 2242 813 2276; x_wconf 91' lang='lat'>180.</span> <span class='ocrx_word' id='word_1_289' title='bbox 841 2241 1011 2289; x_wconf 77' lang='lat' dir='ltr'><strong>amplexu</strong></span> <span class='ocrx_word' id='word_1_290' title='bbox 1039 2242 1109 2277; x_wconf 79' lang='lat' dir='ltr'><strong>Ts.</strong></span> <span class='ocrx_word' id='word_1_291' title='bbox 1149 2240 1280 2289; x_wconf 81' lang='lat' dir='ltr'><strong>iupiter</strong></span> <span class='ocrx_word' id='word_1_292' title='bbox 1304 2243 1348 2276; x_wconf 92' lang='lat' dir='ltr'><strong>P.</strong></span> <span class='ocrx_word' id='word_1_293' title='bbox 1389 2240 1483 2288; x_wconf 86' lang='lat' dir='ltr'><strong>iupi-</strong></span> 
     </span>
     <span class='ocr_line' id='line_1_36' title="bbox 51 2286 1482 2339; baseline 0.001 -16"><span class='ocrx_word' id='word_1_294' title='bbox 51 2292 106 2324; x_wconf 81' lang='lat' dir='ltr'><strong>ter</strong></span> <span class='ocrx_word' id='word_1_295' title='bbox 134 2291 225 2326; x_wconf 85' lang='lat' dir='ltr'><strong>DE.</strong></span> <span class='ocrx_word' id='word_1_296' title='bbox 265 2289 363 2338; x_wconf 79' lang='lat' dir='ltr'><strong>inqui</strong></span> <span class='ocrx_word' id='word_1_297' title='bbox 401 2286 461 2326; x_wconf 64' lang='lat' dir='ltr'><strong>vE.</strong></span> <span class='ocrx_word' id='word_1_298' title='bbox 499 2296 577 2326; x_wconf 82' lang='lat' dir='ltr'><strong>erat</strong></span> <span class='ocrx_word' id='word_1_299' title='bbox 602 2292 638 2326; x_wconf 94' lang='lat' dir='ltr'><em>D</em></span> <span class='ocrx_word' id='word_1_300' title='bbox 662 2302 736 2326; x_wconf 32' lang='lat' dir='ltr'><strong>mia..</strong></span> <span class='ocrx_word' id='word_1_301' title='bbox 755 2302 811 2339; x_wconf 76' lang='lat' dir='ltr'><strong>pr.</strong></span> <span class='ocrx_word' id='word_1_302' title='bbox 915 2293 999 2327; x_wconf 89' lang='lat'>181.</span> <span class='ocrx_word' id='word_1_303' title='bbox 1037 2302 1103 2339; x_wconf 82' lang='lat' dir='ltr'><strong>per</strong></span> <span class='ocrx_word' id='word_1_304' title='bbox 1129 2291 1287 2325; x_wconf 80' lang='lat' dir='ltr'><strong>occultos</strong></span> <span class='ocrx_word' id='word_1_305' title='bbox 1312 2287 1365 2326; x_wconf 85' lang='lat' dir='ltr'><strong>A.</strong></span> <span class='ocrx_word' id='word_1_306' title='bbox 1404 2301 1482 2325; x_wconf 81' lang='lat' dir='ltr'><strong>sca-</strong></span> 
     </span>
    </p>
   </div>
   <div class='ocr_carea' id='block_1_4' title="bbox 51 2334 1551 2384">
    <p class='ocr_par' dir='ltr' id='par_1_4' title="bbox 51 2334 1551 2384">
     <span class='ocr_line' id='line_1_37' title="bbox 51 2334 1551 2384; baseline 0.003 -11"><span class='ocrx_word' id='word_1_307' title='bbox 51 2335 123 2374; x_wconf 77' lang='lat' dir='ltr'><strong>lida</strong></span> <span class='ocrx_word' id='word_1_308' title='bbox 146 2341 191 2375; x_wconf 90' lang='lat' dir='ltr'><strong>P.</strong></span> <span class='ocrx_word' id='word_1_309' title='bbox 266 2334 387 2375; x_wconf 48' lang='grc' dir='ltr'><strong>ἢ182.</strong></span> <span class='ocrx_word' id='word_1_310' title='bbox 425 2339 579 2376; x_wconf 72' lang='lat' dir='ltr'><strong>amanda</strong></span> <span class='ocrx_word' id='word_1_311' title='bbox 608 2341 779 2377; x_wconf 86' lang='lat' dir='ltr'><strong>BGZm.</strong></span> <span class='ocrx_word' id='word_1_312' title='bbox 888 2342 972 2376; x_wconf 81' lang='grc'><strong>183.</strong></span> <span class='ocrx_word' id='word_1_313' title='bbox 1008 2352 1110 2376; x_wconf 85' lang='lat' dir='ltr'><strong>conc.</strong></span> <span class='ocrx_word' id='word_1_314' title='bbox 1139 2339 1294 2375; x_wconf 82' lang='lat' dir='ltr'><strong>habebat</strong></span> <span class='ocrx_word' id='word_1_315' title='bbox 1318 2345 1407 2384; x_wconf 77' lang='lat' dir='ltr'><strong>tres‚·</strong></span> <span class='ocrx_word' id='word_1_316' title='bbox 1433 2342 1482 2377; x_wconf 93' lang='lat' dir='ltr'><strong><em>M</em></strong></span> <span class='ocrx_word' id='word_1_317' title='bbox 1547 2370 1551 2371; x_wconf 17' lang='grc' dir='ltr'><em>γ</em></span> 
     </span>
    </p>
   </div>
   <div class='ocr_carea' id='block_1_5' title="bbox 48 2388 1482 2742">
    <p class='ocr_par' dir='ltr' id='par_1_5' title="bbox 51 2388 1482 2540">
     <span class='ocr_line' id='line_1_38' title="bbox 51 2388 1481 2439; baseline 0.002 -16"><span class='ocrx_word' id='word_1_318' title='bbox 51 2397 131 2424; x_wconf 68' lang='grc' dir='ltr'><strong>παν.</strong></span> <span class='ocrx_word' id='word_1_319' title='bbox 152 2401 222 2426; x_wconf 82' lang='lat' dir='ltr'><strong>scr.</strong></span> <span class='ocrx_word' id='word_1_320' title='bbox 333 2389 418 2426; x_wconf 82' lang='lat'>185.</span> <span class='ocrx_word' id='word_1_321' title='bbox 452 2396 623 2439; x_wconf 85' lang='lat' dir='ltr'><strong>tanquam</strong></span> <span class='ocrx_word' id='word_1_322' title='bbox 653 2402 870 2439; x_wconf 82' lang='lat' dir='ltr'><strong>cognoscens</strong></span> <span class='ocrx_word' id='word_1_323' title='bbox 896 2388 940 2426; x_wconf 88' lang='grc' dir='ltr'><strong>Π</strong></span> <span class='ocrx_word' id='word_1_324' title='bbox 957 2391 1019 2426; x_wconf 81' lang='lat'><strong>41..</strong></span> <span class='ocrx_word' id='word_1_325' title='bbox 1061 2390 1176 2426; x_wconf 77' lang='lat' dir='ltr'><strong>extitit</strong></span> <span class='ocrx_word' id='word_1_326' title='bbox 1202 2392 1244 2427; x_wconf 80' lang='lat' dir='ltr'><strong>F.</strong></span> <span class='ocrx_word' id='word_1_327' title='bbox 1290 2393 1481 2438; x_wconf 60' lang='lat' dir='ltr'><strong>cognosset</strong></span> 
     </span>
     <span class='ocr_line' id='line_1_39' title="bbox 52 2438 1482 2490; baseline 0.003 -19"><span class='ocrx_word' id='word_1_328' title='bbox 52 2438 176 2475; x_wconf 61' lang='lat' dir='ltr'><strong>restitit</strong></span> <span class='ocrx_word' id='word_1_329' title='bbox 193 2439 226 2477; x_wconf 80' lang='lat' dir='ltr'><strong>b.</strong></span> <span class='ocrx_word' id='word_1_330' title='bbox 254 2446 426 2489; x_wconf 86' lang='lat' dir='ltr'><strong>tanquam</strong></span> <span class='ocrx_word' id='word_1_331' title='bbox 445 2447 569 2476; x_wconf 87' lang='lat' dir='ltr'><strong>natum</strong></span> <span class='ocrx_word' id='word_1_332' title='bbox 586 2447 820 2490; x_wconf 81' lang='lat' dir='ltr'><strong>cognosceret</strong></span> <span class='ocrx_word' id='word_1_333' title='bbox 838 2453 960 2477; x_wconf 77' lang='lat' dir='ltr'><strong>amens</strong></span> <span class='ocrx_word' id='word_1_334' title='bbox 980 2440 1020 2476; x_wconf 87' lang='lat' dir='ltr'><em>A</em></span> <span class='ocrx_word' id='word_1_335' title='bbox 1034 2453 1107 2477; x_wconf 81' lang='lat' dir='ltr'><strong>ma.</strong></span> <span class='ocrx_word' id='word_1_336' title='bbox 1120 2452 1176 2488; x_wconf 86' lang='lat' dir='ltr'><strong>pr.</strong></span> <span class='ocrx_word' id='word_1_337' title='bbox 1278 2442 1360 2476; x_wconf 85' lang='lat'><strong>187.</strong></span> <span class='ocrx_word' id='word_1_338' title='bbox 1389 2452 1482 2489; x_wconf 85' lang='lat' dir='ltr'><strong>puer</strong></span> 
     </span>
     <span class='ocr_line' id='line_1_40' title="bbox 52 2486 1478 2540; baseline 0.004 -19"><span class='ocrx_word' id='word_1_339' title='bbox 52 2486 192 2535; x_wconf 84' lang='lat' dir='ltr'><strong>ignotus</strong></span> <span class='ocrx_word' id='word_1_340' title='bbox 218 2492 264 2526; x_wconf 92' lang='grc' dir='ltr'><strong>Ρ.</strong></span> <span class='ocrx_word' id='word_1_341' title='bbox 302 2490 363 2527; x_wconf 81' lang='lat' dir='ltr'><strong>fix.</strong></span> <span class='ocrx_word' id='word_1_342' title='bbox 391 2502 502 2527; x_wconf 90' lang='lat' dir='ltr'><strong>acuco</strong></span> <span class='ocrx_word' id='word_1_343' title='bbox 531 2492 589 2527; x_wconf 83' lang='lat'><strong>14.</strong></span> <span class='ocrx_word' id='word_1_344' title='bbox 694 2493 778 2528; x_wconf 84' lang='lat'><strong>188.</strong></span> <span class='ocrx_word' id='word_1_345' title='bbox 806 2491 901 2528; x_wconf 81' lang='lat' dir='ltr'><strong>soret</strong></span> <span class='ocrx_word' id='word_1_346' title='bbox 926 2491 971 2526; x_wconf 88' lang='lat' dir='ltr'><strong>ad</strong></span> <span class='ocrx_word' id='word_1_347' title='bbox 998 2503 1078 2540; x_wconf 89' lang='lat' dir='ltr'><strong>sup.</strong></span> <span class='ocrx_word' id='word_1_348' title='bbox 1108 2489 1127 2526; x_wconf 88' lang='lat' dir='ltr'><em>b</em></span> <span class='ocrx_word' id='word_1_349' title='bbox 1153 2494 1227 2527; x_wconf 70' lang='lat' dir='ltr'><strong>tres</strong></span> <span class='ocrx_word' id='word_1_350' title='bbox 1251 2495 1286 2526; x_wconf 77' lang='lat' dir='ltr'><strong>et</strong></span> <span class='ocrx_word' id='word_1_351' title='bbox 1309 2495 1396 2527; x_wconf 76' lang='lat' dir='ltr'><strong>uett.</strong></span> <span class='ocrx_word' id='word_1_352' title='bbox 1423 2489 1478 2527; x_wconf 75' lang='lat' dir='ltr'><strong>ed.</strong></span> 
     </span>
    </p>

    <p class='ocr_par' dir='ltr' id='par_1_6' title="bbox 48 2537 1479 2742">
     <span class='ocr_line' id='line_1_41' title="bbox 102 2537 1478 2591; baseline 0.002 -18"><span class='ocrx_word' id='word_1_353' title='bbox 102 2539 187 2576; x_wconf 82' lang='lat'><strong>189.</strong></span> <span class='ocrx_word' id='word_1_354' title='bbox 212 2541 343 2577; x_wconf 83' lang='lat' dir='ltr'><strong>micant</strong></span> <span class='ocrx_word' id='word_1_355' title='bbox 368 2541 515 2591; x_wconf 87' lang='lat' dir='ltr'><strong>proprio</strong></span> <span class='ocrx_word' id='word_1_356' title='bbox 533 2537 595 2577; x_wconf 55' lang='lat' dir='ltr'><strong>⁴«est</strong></span> <span class='ocrx_word' id='word_1_357' title='bbox 613 2540 649 2578; x_wconf 79' lang='lat' dir='ltr'><strong>h.</strong></span> <span class='ocrx_word' id='word_1_358' title='bbox 690 2547 744 2577; x_wconf 88' lang='lat' dir='ltr'><strong>est</strong></span> <span class='ocrx_word' id='word_1_359' title='bbox 768 2552 861 2590; x_wconf 88' lang='lat' dir='ltr'><strong>quae</strong></span> <span class='ocrx_word' id='word_1_360' title='bbox 886 2541 1018 2577; x_wconf 79' lang='lat' dir='ltr'><strong>dicitur</strong></span> <span class='ocrx_word' id='word_1_361' title='bbox 1043 2546 1166 2576; x_wconf 85' lang='lat' dir='ltr'><strong>arcton</strong></span> <span class='ocrx_word' id='word_1_362' title='bbox 1188 2542 1237 2576; x_wconf 90' lang='lat' dir='ltr'><strong>D.</strong></span> <span class='ocrx_word' id='word_1_363' title='bbox 1276 2547 1330 2577; x_wconf 87' lang='lat' dir='ltr'><strong>est</strong></span> <span class='ocrx_word' id='word_1_364' title='bbox 1357 2547 1397 2577; x_wconf 91' lang='lat' dir='ltr'><strong>ut</strong></span> <span class='ocrx_word' id='word_1_365' title='bbox 1423 2540 1478 2576; x_wconf 89' lang='lat' dir='ltr'><strong>di-</strong></span> 
     </span>
     <span class='ocr_line' id='line_1_42' title="bbox 49 2585 1479 2642; baseline 0.003 -21"><span class='ocrx_word' id='word_1_366' title='bbox 49 2585 164 2623; x_wconf 85' lang='lat' dir='ltr'><strong>ximus</strong></span> <span class='ocrx_word' id='word_1_367' title='bbox 188 2596 308 2627; x_wconf 85' lang='lat' dir='ltr'><strong>arctos</strong></span> <span class='ocrx_word' id='word_1_368' title='bbox 332 2595 418 2627; x_wconf 68' lang='lat' dir='ltr'><strong>vett.</strong></span> <span class='ocrx_word' id='word_1_369' title='bbox 445 2591 499 2628; x_wconf 82' lang='lat' dir='ltr'><strong>ed.</strong></span> <span class='ocrx_word' id='word_1_370' title='bbox 547 2604 654 2641; x_wconf 87' lang='lat' dir='ltr'><strong>quam</strong></span> <span class='ocrx_word' id='word_1_371' title='bbox 679 2590 832 2627; x_wconf 86' lang='lat' dir='ltr'><strong>diximus</strong></span> <span class='ocrx_word' id='word_1_372' title='bbox 858 2593 900 2628; x_wconf 90' lang='lat' dir='ltr'><strong><em>N</em></strong></span> <span class='ocrx_word' id='word_1_373' title='bbox 905 2603 936 2628; x_wconf 79' lang='lat' dir='ltr'><strong>s.</strong></span> <span class='ocrx_word' id='word_1_374' title='bbox 1053 2592 1135 2627; x_wconf 88' lang='lat'>190.</span> <span class='ocrx_word' id='word_1_375' title='bbox 1173 2591 1397 2642; x_wconf 58' lang='lat' dir='ltr'><strong>Arctorifilax</strong></span> <span class='ocrx_word' id='word_1_376' title='bbox 1423 2593 1479 2627; x_wconf 83' lang='lat' dir='ltr'><strong>D.-</strong></span> 
     </span>
     <span class='ocr_line' id='line_1_43' title="bbox 49 2635 1476 2692; baseline 0.004 -21"><span class='ocrx_word' id='word_1_377' title='bbox 49 2635 284 2686; x_wconf 84' lang='lat' dir='ltr'><strong>Arctophylas</strong></span> <span class='ocrx_word' id='word_1_378' title='bbox 305 2641 344 2677; x_wconf 83' lang='lat' dir='ltr'><strong>G.</strong></span> <span class='ocrx_word' id='word_1_379' title='bbox 382 2641 613 2691; x_wconf 84' lang='lat' dir='ltr'><strong>Arctophilax</strong></span> <span class='ocrx_word' id='word_1_380' title='bbox 630 2644 674 2678; x_wconf 91' lang='lat' dir='ltr'><strong>E.</strong></span> <span class='ocrx_word' id='word_1_381' title='bbox 715 2641 952 2692; x_wconf 71' lang='lat' dir='ltr'><strong>Arthophilax</strong></span> <span class='ocrx_word' id='word_1_382' title='bbox 974 2653 1007 2679; x_wconf 83' lang='lat' dir='ltr'><strong>r.</strong></span> <span class='ocrx_word' id='word_1_383' title='bbox 1048 2640 1220 2691; x_wconf 80' lang='lat' dir='ltr'><strong>Arctoph.</strong></span> <span class='ocrx_word' id='word_1_384' title='bbox 1246 2638 1349 2690; x_wconf 78' lang='lat' dir='ltr'><strong>tergo</strong></span> <span class='ocrx_word' id='word_1_385' title='bbox 1375 2641 1476 2690; x_wconf 80' lang='lat' dir='ltr'><strong>signa</strong></span> 
     </span>
     <span class='ocr_line' id='line_1_44' title="bbox 48 2689 761 2742; baseline 0.008 -19"><span class='ocrx_word' id='word_1_386' title='bbox 48 2698 124 2737; x_wconf 86' lang='lat' dir='ltr'><strong>seq.</strong></span> <span class='ocrx_word' id='word_1_387' title='bbox 154 2689 213 2725; x_wconf 80' lang='lat'><strong>14.</strong></span> <span class='ocrx_word' id='word_1_388' title='bbox 251 2689 401 2730; x_wconf 79' lang='lat' dir='ltr'><strong>formam</strong></span> <span class='ocrx_word' id='word_1_389' title='bbox 425 2693 525 2742; x_wconf 84' lang='lat' dir='ltr'><strong>signa</strong></span> <span class='ocrx_word' id='word_1_390' title='bbox 550 2704 627 2742; x_wconf 86' lang='lat' dir='ltr'><strong>seq.</strong></span> <span class='ocrx_word' id='word_1_391' title='bbox 652 2691 761 2729; x_wconf 69' lang='lat' dir='ltr'><strong>tetius.</strong></span> 
     </span>
    </p>
   </div>
  </div>
 </body>
</html>
