1685 2954
667 91 838 121 TvscvM
869 93 1058 122 SECVTVS
1481 97 1585 127 Lxlx

140 190 200 228 die
236 190 369 229 diserte
400 200 509 227 mane
543 189 627 226 oriri
670 188 822 237 dicitur,
860 191 958 240 quod
993 191 1136 229 Eudoxi
1171 200 1225 229 est
1258 193 1356 243 apud
1392 195 1585 233 Geminum

139 266 178 303 p.
199 254 249 289 64
270 255 314 291 C.
365 251 546 289 intellexit
571 251 679 300 igitur
705 250 874 295 Ouidius,
903 259 942 287 ut
967 265 1089 301 supra,
1117 254 1223 290 linem
1252 255 1364 291 noctis
1389 258 1584 305 sequentis,

139 315 249 364 idque
267 328 312 352 eo
331 313 456 362 magis,
483 324 565 349 cum
589 318 708 348 ortum
736 312 906 361 Delphini
932 312 1105 362 adiungat
1131 316 1313 365 pauloque
1337 318 1501 366 superius
1527 331 1584 355 re-

137 383 254 426 petat,
281 374 377 425 quod
404 373 536 411 indicat
562 372 649 410 illud
677 375 846 410 continua
871 379 984 411 nocte.
1029 375 1156 412 Oritur
1181 385 1314 422 autem,
1342 380 1391 414 uti
1418 379 1584 427 uidimus,

137 437 282 484 1V1d.,
320 436 497 486 repetitur
526 443 646 473 autem
683 436 790 472 etiam
827 434 925 485 apud
953 436 1147 485 Clodium,
1185 446 1221 474 et
1259 439 1342 476 iude
1380 440 1583 478 admonitus

136 504 246 549 poeta
271 509 354 534 eum
381 498 515 547 posuit.

235 558 292 595 De
319 558 462 595 Cancro
497 570 645 609 quoque
679 565 778 596 recte
814 564 916 596 notat
949 562 986 608 1,
1014 562 1084 597 511
1121 572 1202 597 eum
1239 562 1286 598 ΙΙΙ
1313 561 1410 599 Non.
1439 563 1583 602 dimidia

134 625 274 656 tautum
302 627 406 668 parte
432 621 624 656 extiturum
652 633 742 658 esse.
795 620 949 658 Brachia
983 623 1077 659 enim
1112 623 1226 672 pridie
1259 625 1335 660 eius
1369 625 1437 661 diei
1465 633 1582 663 matu-

134 681 210 718 tino
236 680 445 718 occiderant
471 687 563 719 teste
589 683 732 731 Clodio,
761 689 800 719 ut
825 684 991 732 proxima
1019 690 1124 720 nocte
1150 684 1282 721 frustra
1309 694 1582 734 quaererentur.

132 743 363 780 Correximus
395 743 515 779 locum
550 744 659 780 etiam
695 756 716 781 e
750 744 857 782 codd.
923 745 970 782 lll
996 745 1121 782 Nonas
1150 747 1292 795 uesperi
1316 747 1377 783 illa
1403 747 1581 794 occidere,

131 804 231 854 quod
258 810 363 854 putat
389 804 564 853 ldelerus,
591 806 627 842 id
655 806 803 843 minime
830 806 918 842 dixit
945 805 1114 846 Ouidius.
1165 807 1322 843 Biduum
1350 808 1497 846 interest
1523 811 1582 845 in-

132 872 189 903 ter
214 864 386 903 Ouidium
415 866 656 916 Clodiumque
683 873 719 903 et
745 874 1035 903 astronomorum
1063 867 1232 906 calculos.

233 927 319 963 Non
345 928 449 964 nimis
475 927 597 965 diflert
620 940 642 964 a
663 940 750 964 uero
772 928 930 964 Crateris
953 935 1053 965 ortus
1076 931 1316 979 uespertinus,
1343 943 1450 981 quem
1472 937 1581 980 poeta

131 1001 178 1027 ex
198 987 327 1026 Clodio
354 989 565 1039 desumpsit,
592 988 742 1039 postrid.
771 988 825 1025 Id.
843 989 953 1027 Febr.
999 989 1109 1034 Quod
1136 991 1299 1029 adiunxit
1324 991 1369 1029 de
1391 994 1518 1041 Angue
1543 998 1580 1029 et

132 1052 256 1089 Coruo
283 1062 370 1087 sane
396 1050 443 1087 de
468 1063 535 1088 suo
561 1057 599 1088 et
622 1050 716 1087 falso
742 1049 883 1087 addidit
909 1050 1064 1088 docente
1090 1051 1243 1089 ldelero.

232 1112 428 1161 Aquarium
453 1112 538 1148 item
563 1118 663 1148 recte
689 1118 842 1161 uterque
869 1113 954 1150 oriri
979 1113 1098 1149 media
1125 1121 1228 1150 tenus
1251 1121 1358 1164 parte
1377 1114 1461 1151 dicit
1480 1115 1578 1153 Non.

129 1174 243 1212 Febr.
293 1173 507 1223 Sequuntur
533 1173 616 1221 loci,
642 1173 702 1209 ubi
730 1172 884 1210 Ouidius
909 1186 990 1210 cum
1018 1173 1146 1211 Clodio
1173 1176 1381 1224 conspirat,
1406 1175 1471 1212 sed
1496 1188 1579 1212 cum

128 1236 190 1274 lllo
219 1248 241 1273 a
269 1236 421 1272 ueritate
449 1235 691 1272 astronomiae
717 1234 854 1273 recedit
879 1235 1034 1285 longius.

230 1296 342 1342 Quod
369 1300 407 1344 3,
423 1297 497 1332 407
523 1303 607 1345 post
632 1299 847 1342 Arcturum,
884 1296 930 1333 de
956 1310 1028 1347 quo
1056 1305 1183 1348 postea
1213 1297 1335 1347 leges,
1371 1296 1418 1334 de
1441 1296 1578 1334 Vinde-

128 1361 257 1398 mitore
283 1358 439 1396 dicitura
471 1357 524 1395 At
548 1370 621 1395 non
647 1357 792 1407 effugiet
822 1358 1066 1404 Vindemitor,
1102 1372 1212 1410 quam
1243 1366 1330 1409 apte
1355 1358 1490 1395 dictum
1516 1359 1576 1406 sit,

128 1423 240 1460 immo
265 1420 375 1457 latine
394 1419 529 1456 dictum
548 1431 626 1456 esse
648 1432 721 1456 non
739 1421 929 1469 intelliges,
957 1421 1022 1457 nisi
1039 1421 1237 1458 secundum
1256 1419 1424 1459 Clodium
1443 1419 1578 1456 dictum

128 1483 381 1534 perspexeris,
415 1481 476 1531 qui
504 1481 611 1517 tertio
641 1480 699 1517 die
726 1488 812 1519 ante
838 1481 1121 1521 Vindemitorom
1148 1484 1278 1521 exoriri
1303 1481 1433 1526 tradit,
1458 1487 1576 1517 matu-

127 1547 205 1583 tino
232 1543 393 1595 quidem,
420 1542 519 1593 quod
545 1551 681 1592 negant
705 1544 915 1581 astronomi.

226 1606 284 1644 De
302 1605 424 1654 Lyrae
449 1611 578 1642 exortu
603 1605 782 1642 matutino
805 1604 903 1642 Non.
931 1604 1008 1642 Ian.
1036 1603 1120 1644 salsi
1143 1613 1228 1644 sunt
1254 1612 1396 1644 ueteres
1422 1604 1578 1641 docente

128 1668 283 1715 melem,
309 1678 434 1704 omnes
460 1673 582 1704 tamen
609 1679 690 1703 cum
719 1665 857 1704 Ouidio
883 1672 920 1704 et
945 1666 1075 1704 Clodio
1101 1669 1152 1706 ita
1176 1669 1326 1706 habent.

230 1729 365 1778 Lyram
390 1728 440 1764 111
458 1727 557 1765 Non.
578 1728 666 1765 Mai.
691 1729 821 1766 exoriri
846 1735 992 1778 praeter
1010 1728 1183 1767 Ouidium
1210 1737 1247 1767 et
1274 1728 1442 1766 Clodium
1469 1738 1576 1763 nemo

129 1790 254 1837 tradit,
279 1788 378 1839 quod
405 1789 606 1825 sententiae
632 1797 776 1827 nostrae
803 1791 948 1839 egregie
972 1789 1095 1827 fauet:
1132 1802 1351 1840 quamquam
1376 1787 1475 1837 apud
1503 1788 1577 1824 Co-

128 1853 312 1891 lumellam
340 1854 402 1898 11,
418 1853 442 1886 2
469 1849 630 1886 fortassis
656 1850 706 1886 ita
731 1863 799 1900 pro
826 1851 874 1887 111
894 1850 948 1886 Id.
973 1851 1238 1888 emendandum
1265 1858 1330 1888 est.
1375 1849 1453 1887 Sed
1478 1849 1578 1899 quod

128 1913 291 1951 ldelerus
317 1918 424 1963 putat
449 1917 568 1950 ortum
595 1912 842 1960 uespertinum
861 1917 989 1948 notare
1011 1913 1166 1950 uoluisse
1183 1911 1369 1959 Ouidium,
1397 1912 1471 1948 eius
1497 1911 1577 1960 opi-

128 1975 244 2012 nionis
270 1986 391 2024 neque
416 1985 561 2010 causam
588 1971 711 2021 uideo,
739 1978 776 2010 et
791 1972 940 2011 Clodius
962 1972 1101 2010 disertis
1126 1975 1243 2010 uerbis
1263 1973 1395 2010 habet:
1421 1965 1445 2022 ἢ
1473 1965 1577 2021 λύρα

128 2032 257 2074 ἕωθεν
286 2030 449 2083 ἀνίσχει.

228 2098 315 2135 Kal.
333 2097 448 2147 April.
477 2095 631 2134 Ouidius
657 2097 791 2144 ‘isles
817 2103 854 2133 et
881 2097 1030 2134 Clodius
1053 2098 1245 2148 Scorpium
1273 2095 1437 2133 occidere
1462 2107 1577 2132 anno-

127 2167 217 2198 tant.
270 2159 328 2196 Do
353 2171 482 2196 occasu
508 2158 686 2195 matutino
714 2170 785 2195 non
813 2160 953 2208 optime
978 2161 1170 2206 conuenit,
1207 2172 1314 2210 quem
1341 2158 1441 2194 solus
1465 2157 1577 2193 Colu-

127 2222 236 2259 mella
261 2220 391 2258 tradit:
418 2221 482 2257 sed
510 2219 622 2257 credo
647 2219 693 2256 de
721 2221 946 2269 uespertino,
975 2221 1021 2258 de
1048 2235 1122 2271 quo
1142 2234 1209 2270 per
1230 2219 1400 2257 Clodium
1426 2219 1578 2268 cogitari

126 2283 266 2331 liceret,
291 2283 394 2333 peius
420 2283 544 2329 etiam,
572 2282 657 2331 quia
685 2281 845 2319 {delei-us
874 2290 984 2320 tacet.

226 2345 268 2382 Si
302 2345 423 2381 locum
460 2343 506 2380 de
541 2343 661 2380 Boote
695 2344 732 2388 5,
759 2346 832 2380 733
868 2345 918 2379 ita
958 2343 1230 2392 interpretari5‚
1274 2340 1578 2392 quemadmodum

125 2418 238 2456 supra
262 2405 348 2452 dixi,
374 2412 415 2442 ut
440 2407 586 2442 ueniens
604 2405 754 2443 Aurora
779 2405 956 2454 significet
978 2417 1144 2441 oceasum
1166 2405 1397 2451 matutinum,
1422 2415 1496 2439 non
1523 2408 1578 2438 ta-

128 2481 212 2505 men
231 2468 298 2505 Vll
311 2467 391 2515 ΚΡ,
417 2468 481 2504 sed
506 2468 583 2504 eius
610 2466 694 2514 diei,
721 2478 827 2516 quem
847 2467 996 2504 Clodius
1023 2466 1146 2512 habet,
1173 2465 1239 2501 XII
1252 2466 1330 2513 ΚΓ,
1354 2477 1425 2502 non
1453 2464 1578 2500 melius

129 2527 282 2566 Ouidius
307 2541 416 2579 quam
444 2528 648 2566 Columella
683 2529 924 2564 astronomiae
952 2526 1142 2564 conuenit:
1177 2538 1252 2563 non
1287 2526 1363 2563 duo
1393 2525 1491 2573 dies,
1527 2524 1579 2560 uti

133 2589 230 2639 apud
255 2588 449 2638 ldelerum‚
475 2589 540 2637 sed
566 2596 707 2639 septem
735 2590 971 2626 intercedent.

233 2650 323 2690 Item
358 2665 431 2690 uno
467 2651 526 2691 die
553 2652 655 2702 peius
680 2651 865 2702 conspirat
891 2649 1047 2691 Ouidius
1079 2663 1160 2688 cum
1187 2649 1406 2687 astronomia
1431 2649 1466 2687 iu
1493 2643 1580 2684 Del—
