1685 2954
573 102 672 131 mn.
704 101 950 136 QVARTVS
1412 86 1492 130 169

167 201 285 254 Mira,
313 200 388 243 sed
416 199 458 241 et
485 213 613 242 scena
642 202 866 243 testificata
894 202 1052 255 loquar:

112 270 228 309 Mota
256 261 334 309 deu
363 274 442 321 est,
471 269 735 323 sequiturque
764 270 923 319 ducem,
954 269 1171 323 laudatque
1200 267 1421 322 sequendo.

165 337 291 378 Index
318 334 497 376 laetitiae
525 336 650 377 fertur
674 337 726 377 ad
755 343 866 377 astra
894 349 1031 377 sonus.

110 403 306 444 Fluminis
334 403 386 442 ad
413 403 564 444 flexum
593 403 778 444 ueniunt:
810 403 1000 444 Tiberina
1030 404 1183 457 priores

164 472 281 510 Atria
308 470 508 511 dixerunt.
547 470 655 511 unde
683 471 847 512 sinister
873 472 968 511 abit.
1411 474 1490 509 330

109 538 205 578 Nox
234 537 385 578 aderat.
424 551 576 591 querno
603 539 778 594 religant
806 552 831 580 a
861 539 1001 592 stipite
1031 540 1179 592 funem,

163 605 353 659 Dantque
381 605 462 646 leui
487 619 629 647 somno
660 618 827 658 corpora
850 607 991 647 functa
1022 606 1123 646 cibo.

108 670 200 711 Lux
228 672 382 714 aderat.
424 687 575 727 querno
602 674 766 714 soluunt
795 686 819 713 a
848 673 986 726 stipite
1014 674 1175 713 funem:

163 739 276 780 Ante
303 747 441 781 tamen
470 741 605 794 posito
633 741 752 780 thura
781 740 931 780 dedere
960 740 1066 793 foco,

107 807 217 847 Ante
245 815 486 850 coronarunt
514 809 677 861 puppim
704 814 746 848 et
774 809 863 848 sine
892 808 983 848 labe
1012 809 1224 850 iuuencum
1412 807 1490 844 335

163 875 398 917 Mactarunt
427 889 593 930 operum
622 875 881 929 coniugiique
906 874 1059 914 rudem.

108 942 187 983 Est
214 943 342 996 locus,
371 945 411 984 in
440 943 616 984 Tiberim
647 956 727 996 qua
755 941 931 982 lubricus
959 941 1090 981 influit
1117 942 1248 994 Almo,

160 1011 217 1050 Et
246 1025 392 1051 nomen
420 1024 568 1065 magno
594 1010 726 1063 perdit
754 1010 803 1049 ab
834 1021 951 1049 amne
979 1010 1117 1050 minor.

104 1077 190 1118 [nie
218 1091 416 1131 purpurea
444 1091 572 1119 canus
600 1091 692 1118 cum
721 1083 841 1117 ueste
870 1076 1066 1117 sacerdos

162 1145 346 1186 Almonis
375 1145 573 1186 dominam
604 1157 803 1198 sacraque
832 1145 931 1186 lauit
960 1144 1088 1197 aquis.
1409 1142 1491 1182 340

103 1302 189 1337 326.
215 1303 289 1345 Ita,
315 1301 377 1338 sed
406 1308 442 1338 et
466 1314 585 1347 scena,
611 1300 925 1350 AIlf.BFGF9
936 1300 1298 1350 ma.pr.mr62022
1308 1298 1355 1335 43
1374 1296 1490 1335 vmdc-

53 1352 142 1397 cim;
174 1351 378 1389 Cum·.scr.
418 1352 482 1389 sed
509 1365 530 1389 e
555 1365 661 1389 scena
694 1354 723 1390 G
744 1365 809 1389 sex
834 1358 868 1389 et
893 1351 970 1388 edd.
993 1363 1087 1388 saec.
1108 1363 1183 1387 xv.
1222 1349 1284 1386 sed
1312 1355 1346 1386 et
1372 1349 1488 1385 scenis

54 1403 115 1438 14.
165 1402 228 1437 sed
261 1415 304 1438 ex
337 1413 445 1438 scena
476 1415 583 1441 umus.
630 1403 692 1438 sed
724 1405 871 1450 {oscena
898 1405 988 1439 DE.
1039 1402 1102 1437 sed
1138 1402 1173 1436 in
1206 1412 1313 1437 scena
1345 1400 1489 1436 caeteri.

51 1454 126 1497 Ita,
149 1452 293 1501 loquar,
310 1452 422 1498 ΑΕΓ.
437 1452 646 1492 BFGOEF
644 1451 693 1490 A
700 1449 751 1490 M
765 1452 901 1490 Obhm
912 1456 957 1489 33
984 1453 1114 1500 uiyinti
1134 1463 1243 1495 unus;
1274 1452 1303 1487 G
1315 1461 1397 1487 aar.
1413 1460 1485 1486 sor.

52 1502 183 1551 loquor
207 1507 337 1541 caeteri
362 1508 395 1540 et
420 1507 469 1541 M
481 1517 564 1541 nar.
580 1516 649 1541 scr.
763 1507 851 1542 327.
887 1504 1003 1552 sequit
1029 1503 1157 1538 ducem
1183 1500 1251 1547 Ilf.
1268 1513 1340 1537 ma.
1354 1511 1411 1549 pr.

104 1554 189 1588 328.
226 1553 366 1591 leticiae
393 1557 531 1591 DEG.
580 1556 673 1591 letic.
703 1556 799 1591 uenit
826 1556 848 1590 l'
875 1555 991 1590 fertur
1016 1553 1063 1590 ad
1093 1554 1140 1589 G.
1187 1552 1303 1587 fertur
1328 1551 1363 1587 in
1389 1555 1488 1587 astra

51 1602 133 1638 1133
158 1607 244 1639 tres.
287 1603 301 1606 ”
345 1606 431 1640 329.
463 1606 582 1642 Flum.
610 1606 644 1641 in
672 1605 804 1641 fluxum
835 1617 918 1640 uen.
944 1601 1006 1641 A.
1051 1603 1097 1639 ad
1125 1603 1256 1639 flexum
1283 1613 1351 1638 om.
1370 1603 1485 1638 Ema.

51 1665 108 1703 pr.
146 1652 310 1701 tyberina
336 1652 382 1690 Γ.
496 1658 581 1694 330.
618 1656 728 1692 ..tria
754 1653 794 1691 Γ
793 1683 802 1692 .
843 1655 970 1691 Hostia
996 1653 1069 1690 dix.
1100 1651 1180 1701 (129.
1223 1651 1325 1689 Ostia
1351 1651 1422 1688 dix.
1454 1651 1487 1688 0

54 1704 333 1739 1213202633
350 1710 518 1752 quatuor.
555 1706 698 1742 sinister
723 1706 797 1741 adit
822 1705 854 1741 b.
895 1705 1015 1742 Gloss.
1032 1707 1082 1740 E:
1109 1709 1282 1752 quantum
1309 1701 1355 1737 ad
1380 1702 1488 1737 situm

52 1766 153 1790 rome
175 1752 347 1791 fortassis.
450 1759 534 1790 331.
561 1755 644 1791 Nox
671 1762 749 1791 erat
769 1762 805 1791 et
824 1766 961 1803 querno
979 1755 1002 1791 h
1018 1759 1091 1790 tres
1111 1759 1144 1789 et
1162 1758 1248 1788 vett.
1270 1751 1322 1788 ed.
1360 1751 1488 1787 aderat

52 1816 148 1852 quae
173 1816 273 1840 more
298 1806 409 1853 ligant
433 1804 500 1850 Ilf.
545 1817 756 1854 quernoque
783 1806 895 1853 ligant
921 1808 983 1841 28.
1023 1806 1096 1847 Sic,
1123 1816 1143 1839 a
1170 1803 1306 1851 stipite,
1331 1801 1397 1848 1ῑῖ.
1414 1802 1491 1839 BG

59 1851 437 1892 GOEOPZmduo.
478 1867 614 1903 querno
641 1856 837 1905 religarunt
863 1855 982 1903 stipite
1008 1859 1033 1890 t.
1074 1854 1172 1902 relig.
1200 1854 1233 1889 in
1260 1852 1378 1902 stipite
1403 1863 1487 1889 care-

52 1907 131 1942 leri.
235 1908 320 1942 332.
347 1918 498 1956 sompno
519 1909 564 1944 E.
601 1905 725 1942 functa
751 1918 849 1941 mero
870 1904 949 1950 Af.
984 1908 1089 1941 Hunc
1115 1909 1147 1940 et
1172 1914 1278 1952 prox.
1304 1914 1398 1939 πονε.
1415 1914 1485 1939 oni.

58 1956 104 1992 Ο.
207 1958 291 1991 333.
327 1953 496 1992 Dux'ad.
519 1956 647 2003 glossa
683 1957 818 1992 Caesar
852 1957 889 1992 G.
936 1955 1018 1990 Lux
1046 1962 1124 1990 erat
1145 1962 1181 1989 et
1208 1965 1344 2002 querno
1371 1952 1394 1989 h
1415 1957 1487 1990 tres

54 2011 87 2041 et
113 2010 197 2042 uett.
226 2005 281 2041 ed.
392 2009 480 2043 334.
514 2015 595 2043 tura
626 2006 692 2053 Ilf.
740 2006 873 2042 dedere
906 2017 1005 2041 mero
1039 2004 1126 2050 duo3
1154 2007 1202 2040 M
1218 2015 1298 2040 παν.
1316 2015 1386 2039 scr.

104 2057 190 2092 335.
225 2058 285 2093 Ita
312 2056 419 2105 plane
444 2059 565 2094 onmia
590 2056 656 2103 llf.
672 2057 741 2093 Gm
755 2060 805 2091 20
828 2056 880 2092 etl.
899 2055 987 2092 Ala..
1006 2058 1113 2104 prim.
1158 2056 1251 2089 Ante
1278 2058 1485 2089 coronatam

50 2119 213 2156 puppem
240 2106 280 2142 A
300 2112 466 2156 qttatuor.
506 2109 598 2144 Ante
624 2119 837 2143 coronarum
865 2118 1024 2155 puppem
1050 2105 1069 2141 b
1088 2110 1149 2141 21.
1193 2107 1286 2140 Ante
1310 2115 1487 2139 coronan-

53 2165 112 2192 tur
137 2169 255 2206 pupp.
284 2169 389 2194 nnus.
432 2170 566 2207 pupein
594 2161 666 2195 Er.
710 2169 870 2207 puppem
897 2159 1026 2193 caeteri.
1050 2167 1169 2192 omues
1194 2156 1350 2202 exceptis
1374 2152 1488 2198 111⁰.ss

57 2209 127 2244 Gm
141 2210 191 2242 20
203 2211 251 2242 22
279 2213 432 2256 (mutuor
458 2209 554 2245 attis.
599 2221 758 2257 puppem
784 2210 957 2256 (pupeni,
985 2206 1160 2255 puppim)
1194 2206 1268 2241 sine
1294 2206 1428 2240 omisso
1452 2208 1488 2239 et

51 2257 135 2294 libri
157 2257 284 2306 reliqui
310 2263 426 2303 extra
443 2258 553 2304 ΔΗΕ,
568 2261 600 2294 Β
615 2259 643 2295 G
652 2256 728 2295 FF
726 2256 775 2294 A
790 2257 937 2305 Thmp
960 2261 1040 2293 test.
1064 2258 1175 2292 Gron-
1201 2257 1282 2289 420
1306 2253 1488 2290 duodecim

54 2312 87 2344 et
111 2308 196 2344 Am.
222 2311 330 2356 prim.
434 2311 519 2345 336.
547 2321 696 2357 operum
724 2309 962 2356 coniungique
992 2309 1036 2343 G.
1148 2307 1232 2341 337.
1259 2305 1410 2352 tyberim
1435 2306 1484 2340 D.

55 2357 179 2394 tiberin
208 2356 346 2394 ΓΣΉ]
366 2363 424 2395 ll.
478 2359 579 2395 tiberi
607 2362 712 2395 Emi·
738 2370 814 2394 sex.
865 2359 927 2393 tib.
956 2370 1062 2406 quem
1097 2357 1189 2392 lubr.
1217 2354 1277 2392 A.
1326 2355 1388 2390 tib.
1414 2367 1486 2403 quo

54 2406 148 2444 lubr.
177 2406 217 2444 (D
232 2409 297 2455 lif.
311 2421 464 2452 masec.
490 2421 603 2458 supra
630 2409 692 2446 lin.
719 2409 771 2445 hs
789 2420 915 2444 nouem
934 2412 967 2443 ot
983 2406 1060 2443 edd.
1081 2418 1175 2442 saec.
1192 2418 1265 2441 xv,
1305 2406 1424 2440 almon
1442 2401 1493 2440 Π

58 2459 216 2506 quinque.
317 2462 402 2496 338.
430 2462 505 2506 Ita,
527 2461 576 2497 ,ab
604 2471 722 2505 mnne,
750 2458 1029 2504 Ilf.BCms2O
1040 2461 1086 2491 22
1113 2461 1259 2504 septena
1284 2467 1484 2504 pnar.scr.

57 2506 92 2541 in
126 2519 229 2544 amne
262 2512 393 2546 caeteri.
423 2512 548 2558 scripti.
579 2514 686 2558 atque
713 2509 797 2545 editt
829 2513 862 2544 et
894 2507 960 2553 uf.
987 2519 1061 2543 ma.
1088 2518 1156 2542 sec.
1182 2518 1296 2554 snpra
1322 2505 1386 2541 lin.

108 2559 191 2593 339.
217 2558 304 2595 llluc
328 2559 394 2606 Ilf.
421 2560 485 2596 sub
512 2572 587 2596 ras.
614 2572 661 2597 m.
712 2571 818 2608 purp.
847 2569 950 2593 casus
976 2570 1055 2593 cum
1085 2554 1142 2593 Π.
1184 2569 1292 2606 purp.
1318 2562 1437 2592 castus
1463 2556 1487 2590 6

57 2617 134 2642 sex.
181 2608 286 2657 purp.
312 2622 403 2647 cano
429 2623 509 2647 cum
537 2612 597 2647 41.
708 2612 791 2646 340.
831 2608 988 2646 Almonis
1015 2607 1117 2644 deam
1145 2606 1175 2653 f.
1214 2606 1393 2644 dominam
1419 2605 1486 2641 flu-

55 2657 149 2693 mina
177 2657 264 2694 lauit
289 2658 308 2694 b
326 2673 399 2700 ma.
414 2668 473 2708 pr.
