1685 2954
137 87 300 119 CCXXIV
756 85 812 116 DE
842 85 944 117 Dm&
962 91 966 95 '

134 200 226 240 quos
247 187 394 226 selectos
416 189 565 234 uocum,
593 184 761 224 Felicitas
785 184 982 225 constituta
1005 190 1082 236 est,
1106 191 1149 225 ut
1173 187 1343 238 temptum
1368 185 1515 240 aliquod
1539 191 1572 229 ei

134 249 246 299 fieret,
272 247 365 298 quod
382 251 417 284 et
434 246 503 285 loci,
528 245 745 285 mtblimitatc
768 252 802 285 et
826 251 946 298 operis
969 249 1142 299 dignitate
1164 250 1431 299 praeemineret.
1471 251 1571 288 Idem

135 315 174 360 8,
199 311 223 348 5
251 310 334 347 deos
363 311 539 347 „natorum
563 309 722 357 yentium
755 320 778 346 a
802 308 969 348 Varrone
1002 317 1189 348 enai-ratos
1219 311 1396 349 existimat
1420 315 1459 348 et
1482 313 1520 356 7,
1546 316 1572 348 2

136 374 184 410 de
209 383 318 409 causa
351 371 443 407 illius
479 369 731 420 appellationis
763 371 971 409 selectorum
1005 370 1112 408 ualde
1143 372 1292 422 satagit:
1329 379 1369 408 ut
1397 378 1575 422 appareat

135 433 337 471 Varronem
363 431 411 469 de
436 444 481 469 ea
507 444 546 468 re
574 431 760 468 uerbosius
787 444 860 469 non
888 432 1108 470 disseruisse.
1160 433 1213 469 Ac
1237 431 1442 470 sufficiebat
1466 433 1574 471 intel-

136 494 260 544 ligenti
290 493 500 543 templorum
525 499 562 529 et
586 493 770 540 signorum
793 493 952 542 plurium
977 495 1285 542 commemoratio,
1312 495 1369 531 cui
1394 495 1487 532 inest
1510 507 1575 532 sa·-

137 569 280 593 crorum
302 556 526 606 publicorum
548 553 793 604 amplificatio,
816 555 1011 592 artium-ex
1026 556 1280 605 superstitione
1299 556 1576 605 incrementum,

137 617 399 669 superstitionis
425 629 471 653 ex
497 617 632 652 artibus
661 616 876 652 uernaculae
902 616 1171 661 nutrimentum,
1198 617 1336 654 alienae
1361 618 1577 655 inuitamen-

136 687 226 718 tum.
280 680 372 717 Cum
399 677 470 714 hoe
495 677 593 713 cultu
625 676 718 712 ciuili
745 680 917 725 serpsisse
942 676 1085 714 fabulas
1112 683 1302 727 poetarum
1329 690 1401 714 non
1425 679 1577 728 ignora-

139 743 202 780 bat
227 743 357 785 Varro,
386 738 458 776 uid.
487 739 551 775 lib.
574 738 603 784 Ι,
628 736 675 774 fr.
693 736 752 785 15,
779 737 861 775 coll.
889 738 981 786 Aug.
1004 750 1036 774 c.
1059 737 1098 774 d.
1123 740 1161 786 6,
1182 739 1218 775 9.
1270 738 1311 775 ld
1336 738 1472 776 sactum
1498 752 1578 778 esse

139 805 246 842 etiam
273 804 311 840 in
337 802 414 839 deis
440 799 584 837 incertis
604 798 769 844 uidimus,
795 799 857 835 ubi
877 798 984 835 modo
1004 798 1254 844 coalescentia,
1279 799 1387 836 modo
1413 811 1580 850 pugnan-

137 866 188 903 tia
215 876 258 902 ea
284 865 488 909 elementa,
523 859 701 898 interdum
728 860 850 909 iniqua
876 861 1042 911 portione
1067 861 1202 896 uictum
1228 867 1339 910 atque
1363 874 1579 912 oppressum

138 926 284 964 nomine
309 932 413 961 tenus
440 924 593 960 alterum
621 922 667 958 ab
694 922 808 965 altero
827 922 1117 972 introspeximus.
1169 921 1267 958 Deos
1293 922 1401 971 igitur
1424 925 1577 961 selectos

137 987 284 1024 dixerim
312 993 431 1022 certos
457 985 643 1034 utriusque
680 983 819 1032 generis
850 984 900 1020 ita
935 984 1020 1020 olim
1056 983 1276 1033 descriptos,
1303 990 1345 1020 ut
1376 985 1476 1022 uelut
1510 985 1579 1035 ipsi

136 1049 292 1086 Romani
317 1047 363 1084 ad
384 1047 557 1084 Varronis
584 1057 700 1095 usque
726 1057 856 1082 aeuum
882 1044 1135 1081 contumeliam
1163 1052 1202 1082 et
1226 1045 1401 1082 luxuriam
1423 1045 1580 1096 perinde

139 1111 307 1158 tulerint,
333 1110 369 1146 in
397 1116 551 1158 utraque
578 1107 780 1156 ualuerint,
813 1108 860 1144 ab
892 1114 1046 1156 utraque
1080 1106 1314 1156 profecerint.
1368 1107 1498 1144 Nullus
1525 1113 1580 1144 est

138 1172 228 1210 deus
253 1172 430 1219 selectus,
458 1171 545 1221 quin
571 1168 732 1206 fabulam
769 1169 913 1218 publica
947 1169 1161 1205 auctoritate
1194 1168 1326 1205 babeat
1357 1168 1578 1216 adiunctam,

139 1235 209 1272 hoc
234 1241 303 1282 est,
331 1245 426 1284 quae
452 1244 474 1269 a
500 1231 599 1268 cultu
620 1231 805 1280 sacrisque
830 1230 983 1280 publicis
1009 1231 1190 1279 segregari
1216 1236 1384 1279 nequeat.
1424 1230 1502 1267 Eae
1523 1229 1580 1266 sa-

138 1297 247 1334 bulae
272 1296 370 1346 quod
397 1301 610 1332 tantumnon
637 1304 762 1329 omnes
789 1293 989 1341 Augustino
1016 1298 1109 1328 teste
1136 1294 1212 1336 7,4
1235 1290 1436 1340 impudicae
1461 1297 1580 1339 erant,

139 1371 213 1396 non
240 1360 390 1394 multum
418 1358 566 1394 attinet:
594 1366 742 1404 graecas
769 1365 893 1390 omnes
914 1365 993 1389 esse
1011 1365 1083 1389 non
1101 1353 1214 1401 magis
1242 1359 1362 1403 potest
1387 1352 1580 1391 affirmari:

140 1420 397 1470 plerorumque
431 1418 614 1455 numinum
649 1429 716 1466 per
749 1415 908 1452 fabulam
948 1420 1122 1451 mutatam
1156 1427 1234 1452 esse
1259 1413 1444 1464 pristinam
1471 1420 1583 1450 natu-

141 1493 241 1530 ram,
275 1494 346 1518 non
374 1487 429 1517 est
463 1477 731 1528 negligendum.
782 1477 1085 1514 Recensebuntur
1114 1476 1266 1525 singuli,
1300 1476 1329 1512 si
1355 1487 1473 1525 pauca
1499 1488 1582 1512 mo-

141 1556 256 1581 nuero
283 1542 330 1580 de
363 1554 420 1587 re,
457 1553 566 1590 quam
599 1552 620 1576 a
653 1540 940 1589 fragmentorum
965 1538 1164 1588 digestione
1189 1549 1351 1574 seorsum
1377 1536 1582 1574 habendam

140 1604 353 1643 existimaui.
394 1602 716 1653 Interpretationes
738 1600 888 1637 deorum
915 1599 1099 1637 naturales
1120 1598 1289 1635 credibile
1316 1604 1371 1634 est
1395 1604 1478 1647 post
1492 1598 1584 1648 Epi-

139 1666 326 1703 charmum
362 1666 408 1702 ab
440 1666 560 1702 Ennio
593 1664 766 1713 scriptum
802 1662 852 1697 ita
889 1660 969 1698 fere
1006 1660 1191 1696 hominum
1227 1661 1363 1696 animos
1396 1659 1582 1708 insedisse,

140 1727 445 1777 quemadmodum
480 1725 666 1775 superiore
702 1724 791 1759 libro
825 1734 975 1769 graecas
1008 1720 1152 1757 fabulas
1185 1721 1378 1758 accessisse
1403 1721 1451 1758 ad
1477 1728 1585 1759 uete-

140 1802 216 1826 rem
237 1789 485 1825 Romanorum
511 1787 720 1835 religionem
746 1782 1004 1820 demonstraui.
1052 1783 1206 1819 Constat
1225 1782 1426 1820 Varronem
1452 1783 1489 1820 in
1514 1783 1587 1821 hoc

141 1851 233 1889 libro
260 1850 306 1887 de
333 1849 515 1898 theologia
540 1848 606 1884 ista
632 1846 782 1897 physica
808 1844 928 1881 denuo
955 1843 1180 1882 disseruisse:
1206 1845 1393 1894 quaeritur
1413 1843 1583 1894 primum,

142 1924 216 1964 qua
254 1917 359 1962 parte
392 1911 472 1948 libri
513 1910 549 1947 id
585 1909 724 1947 fecerit.
789 1906 847 1943 De
884 1907 963 1956 ipso
996 1905 1145 1944 exordio
1179 1912 1332 1942 testatur
1364 1907 1585 1956 Augustinus

142 1975 347 2024 fragmento
369 1977 389 2010 1
419 1978 456 2010 et
479 1973 540 2009 lib.
556 1973 596 2018 7,
621 1983 654 2007 c.
674 1971 716 2007 5:
744 1972 799 2007 De
823 1968 989 2006 natm-alt
1014 1970 1107 2005 enim
1130 1970 1353 2016 paucissima
1377 1968 1585 2018 praeloqui-

142 2041 204 2074 tur
229 2038 268 2073 in
293 2035 360 2074 hoc
385 2034 476 2072 libro
499 2055 568 2070 -.
605 2032 691 2069 Non
718 2030 826 2069 ualde
852 2031 1011 2078 obnitor‚
1037 2030 1067 2067 si
1092 2030 1172 2079 quis
1197 2029 1282 2067 inde
1306 2036 1490 2080 sumptum
1515 2041 1584 2080 pu-

141 2099 233 2136 tabit
258 2097 448 2147 Augustini
473 2096 574 2132 lib.7
600 2106 680 2144 cap.
698 2095 743 2141 6,
776 2092 875 2143 quod
909 2104 1021 2142 supra
1053 2104 1091 2141 p.
1115 2102 1225 2127 cvnr
1259 2091 1352 2129 inter
1383 2091 1583 2141 fragmenta

142 2160 224 2197 libri
251 2159 356 2210 primi
381 2158 451 2195 feci
477 2157 681 2207 septimum.
734 2154 810 2192 Sed
844 2154 921 2190 fieri
955 2160 1077 2190 tamen
1103 2152 1215 2203 possit
1241 2153 1370 2201 etiam,
1404 2159 1444 2189 ut
1466 2151 1583 2188 varro

143 2221 190 2258 ab
217 2221 256 2257 iis
283 2220 413 2257 librum
441 2231 590 2256 exorsus
615 2216 740 2264 suerit,
767 2227 862 2266 quae
888 2214 988 2265 apud
1014 2215 1252 2264 Augustinum
1277 2217 1317 2262 7,
1342 2217 1390 2250 23
1415 2213 1584 2261 leguntur

142 2289 226 2332 post
253 2281 344 2319 haec
371 2282 500 2318 uerba:
537 2283 587 2317 Et
621 2283 713 2316 certe
745 2277 838 2314 idem
866 2278 987 2314 Varro
1022 2278 1061 2313 in
1095 2275 1215 2314 eodem
1247 2275 1335 2313 libro
1360 2274 1403 2311 de
1428 2273 1497 2311 diis
1519 2286 1583 2310 se-

142 2343 243 2381 lectis
267 2366 338 2381 —.
380 2345 502 2391 Haec,
539 2353 634 2392 quae
669 2339 762 2377 infra
796 2345 1003 2389 ponentur,
1037 2339 1167 2388 quibus
1196 2339 1235 2374 in
1269 2336 1370 2373 illam
1402 2335 1585 2372 naturalis

141 2403 339 2452 theologiae
372 2405 470 2441 uelut
502 2404 702 2442 libertatem
735 2404 843 2451 caput
878 2402 1009 2449 erigere
1037 2399 1226 2449 pandulum
1257 2397 1432 2441 uoluisse,
1467 2397 1585 2434 adhuc

141 2470 262 2503 tamen
288 2465 381 2502 hunc
400 2466 529 2507 librum
555 2476 720 2511 uersatus,
750 2463 870 2499 Varro
897 2461 1041 2509 dicitur,
1069 2459 1288 2497 conueniunt
1314 2459 1419 2495 etiam
1446 2459 1478 2495 ei
1504 2459 1585 2495 libri

141 2528 252 2578 parti,
285 2528 343 2563 ubi
373 2534 454 2577 post
483 2533 667 2564 enarratos
694 2525 782 2562 deos
808 2524 855 2561 ad
882 2523 969 2561 deas
995 2529 1143 2559 uentum
1170 2526 1243 2566 est,
1278 2520 1359 2556 uide
1385 2521 1430 2556 sis
1456 2520 1502 2556 sr.
1523 2521 1583 2556 16.

140 2589 307 2639 Denique
333 2591 372 2637 7,
399 2591 448 2626 29
482 2589 632 2626 deorum
659 2586 779 2623 officia
805 2584 932 2623 eadem
965 2585 1000 2620 in
1026 2594 1130 2620 suum
1157 2581 1265 2618 deum
1293 2581 1457 2630 confert,
1493 2593 1586 2631 quae

140 2649 210 2689 diis
235 2649 373 2688 selectis
398 2652 534 2696 nescio,
561 2650 700 2700 inquit,
726 2659 790 2698 per
815 2658 907 2696 quas
932 2646 1100 2696 physicas
1125 2645 1437 2694 interpretatiotws
1465 2645 1586 2682 Varro
