1685 2954
141 70 198 114 86
694 79 1015 110 FAsronvM

200 183 309 226 Dum
336 192 413 223 nos
441 180 642 222 sollicitos
669 180 786 235 pigro
814 186 930 222 tenet
956 181 1095 223 Ardea
1122 181 1228 222 bello
1507 185 1588 223 725

255 251 351 293 Nec
379 248 478 289 sinit
506 248 558 289 ad
587 249 742 302 patrios
769 261 882 290 arma
909 249 1059 290 referre
1087 248 1203 301 deos,

200 315 362 370 Ecquid
389 316 431 355 in
459 314 596 355 officio
624 321 738 356 torus
767 322 833 357 est
860 315 1037 369 socialis,
1068 322 1111 357 et
1140 315 1287 370 ecquid

258 380 516 437 Coniugibus
544 384 694 424 nostris
719 390 860 425 mutua
887 397 984 425 cura
1011 380 1186 425 sumus?

204 450 391 504 Quisque
420 461 536 490 suam
567 450 717 491 laudat.
756 450 902 492 studiis
931 452 1154 492 certamina
1181 455 1389 504 crescunt,

259 519 317 559 Et
343 518 504 558 seruent
532 518 657 558 multo
686 519 910 572 linguaque
939 530 1090 572 corque
1119 531 1242 560 mero.
1514 520 1595 557 730

207 585 351 639 Surgit
380 583 447 626 cui
476 584 644 626 dederat
672 586 822 626 clarum
843 585 1020 625 Collatia
1040 598 1206 636 nomen:

261 654 357 694 Non
388 664 493 705 opus
523 657 590 692 est
616 653 774 704 uerbis,
806 651 962 692 credite
989 651 1131 703 rebus,
1161 652 1236 693 ait:

205 722 304 763 Nox
329 725 532 772 superest.
567 720 755 759 tollamur
786 719 916 772 equis,
945 718 1166 771 urbemque
1195 724 1396 772 petamus.

199 796 202 799 '
263 788 387 828 Dicta
414 787 590 839 placent.
627 786 754 826 frenis
781 785 1053 838 impediuntur
1082 784 1189 838 equi.

204 855 467 897 Pertulerant
501 853 698 894 dominos.
744 853 921 908 Regalia
955 850 1140 905 protinus
1175 851 1231 892 illi
1518 856 1598 895 735

262 921 399 961 'recta
425 925 582 973 petunt.
629 926 772 962 custos
808 922 848 961 in
884 920 970 960 fore
1006 919 1141 960 nullus
1177 924 1277 961 erat.

205 989 322 1030 Ecce
349 1000 491 1028 nurum
521 988 633 1042 regis
661 988 765 1029 fusis
790 1002 864 1041 per
892 988 997 1028 colla
1026 986 1186 1028 coronis

263 1053 480 1097 Inueniunt
506 1055 643 1108 posito
671 1054 915 1109 peruigilare
943 1067 1066 1095 mer0.

207 1122 307 1166 Inde
335 1123 419 1164 cito
448 1134 576 1176 passu
603 1122 755 1177 petitur
780 1122 985 1163 Lucretia.
1023 1122 1160 1175 nebat,

263 1191 375 1232 Ante
408 1195 537 1229 torum
569 1188 720 1231 calathi
748 1190 922 1243 lanaque
950 1190 1082 1230 mollis
1111 1195 1236 1231 erant.
1517 1191 1599 1231 740

204 1259 364 1302 Lumen
392 1255 446 1298 ad
475 1256 670 1311 exiguum
698 1257 874 1298 famulae
903 1257 1001 1299 data
1029 1270 1160 1310 pensa
1187 1257 1417 1311 trahebant,

263 1327 372 1368 Inter
399 1336 503 1379 quas
532 1324 644 1364 tenui
671 1324 735 1364 sic
762 1324 821 1364 ait
847 1324 939 1377 ipsa
967 1337 1089 1366 sono:

207 1392 413 1437 Mittenda
441 1396 510 1432 est
537 1390 712 1444 domino,
739 1404 860 1445 nunc,
889 1405 998 1433 nunc
1026 1397 1256 1446 properate,
1285 1393 1461 1446 puellae,

264 1459 398 1512 Quam
425 1459 596 1514 primum
623 1464 764 1500 nostra
792 1460 904 1501 facta
931 1461 1096 1501 lacerna
1124 1472 1258 1501 manu.

203 1636 293 1674 725.
318 1636 414 1674 Dum
441 1648 506 1674 uos
532 1635 594 1673 bs.
642 1636 781 1674 sollicit.
808 1638 846 1674 in
871 1648 950 1674 ras.
976 1648 1050 1673 πια.
1077 1640 1160 1673 tert.
1187 1635 1313 1683 meld.
1358 1647 1424 1672 nos
1450 1633 1607 1671 difficilis

154 1689 372 1728 Bczm12
390 1699 469 1725 sex.
571 1689 658 1725 726.
685 1688 820 1737 patrias
839 1700 873 1724 a.
895 1699 926 1724 r.
948 1686 1074 1722 domos
1101 1685 1321 1735 'P'qu'mqua
1424 1687 1512 1722 727.
1539 1685 1607 1721 Et-

155 1738 409 1789 quid-etquid
435 1737 503 1786 Ilf.
517 1750 591 1776 ma.
605 1750 662 1787 pr.
711 1736 1075 1788 Hecquid-hecquid
1101 1740 1136 1774 E
1149 1749 1225 1773 ma.
1240 1748 1297 1785 pr.
1342 1736 1399 1772 En
1427 1735 1546 1786 quid—
1560 1747 1605 1772 en

155 1788 242 1839 quid
261 1799 294 1825 s.
336 1787 515 1825 inoffenso
534 1795 633 1824 torus
650 1791 694 1825 P.
737 1788 852 1824 offitio
870 1784 963 1824 DF.
1003 1787 1128 1823 thorus
1149 1786 1213 1833 Ilf.
1228 1784 1414 1824 DEGF.
1516 1787 1606 1823 729.
1667 1819 1673 1826 ,

155 1839 259 1876 ludat
287 1840 332 1877 B.
372 1839 521 1875 laudant
547 1840 583 1875 6.
687 1840 774 1876 730.
802 1838 958 1874 Exercet
985 1837 1097 1874 multo
1125 1840 1338 1887 Erma.pr.
1379 1838 1499 1874 seruet
1524 1835 1608 1874 libri

157 1894 264 1927 extra
282 1886 712 1937 Ilfeld.BGfflozhm
740 1891 892 1938 quinque
910 1887 1016 1924 ahos.
1115 1891 1203 1925 731.
1241 1890 1299 1924 cui
1325 1888 1437 1925 dedat
1466 1885 1519 1924 (D.
1551 1888 1608 1924 cui

158 1940 295 1976 clarum
323 1939 475 1976 dederat
503 1943 563 1977 10.
605 1940 755 1978 collacia
782 1942 842 1977 Μ.
881 1938 1109 1985 Gloss.11f..·
1137 1939 1356 1989 tripliorinus
1382 1939 1444 1988 qui
1471 1944 1508 1974 et
1533 1937 1609 1974 col·

155 1990 300 2028 latinus.
416 1992 504 2027 733.
539 1990 619 2027 Rex
646 2001 753 2028 unus.
802 2001 913 2038 super
947 1997 1002 2025 est
1027 1992 1120 2027 DE.
1231 1990 1318 2026 734.
1351 1987 1474 2026 Verba
1499 1999 1608 2025 τιηιιε.

157 2039 394 2090 inpediuntur
418 2042 466 2078 D.
569 2042 658 2078 735.
686 2040 918 2076 Protulerant
935 2041 979 2076 P.
1017 2040 1066 2076 Et
1092 2040 1251 2076 tulerant
1268 2039 1298 2088 f.
1338 2039 1478 2076 Pertul.
1504 2050 1608 2075 mon-

158 2097 213 2128 tes
241 2103 316 2140 reg.
341 2101 546 2140 mma.pr.;
576 2091 776 2128 Guar.scsr.
826 2096 923 2140 prot.
950 2091 1018 2140 ipsi
1043 2103 1063 2127 s
1088 2090 1172 2128 duo.
1282 2091 1369 2127 736.
1405 2096 1550 2126 constes
1575 2089 1611 2125 E

157 2153 303 2190 παρτ.
350 2147 426 2191 pet.
453 2143 480 2177 si
511 2142 563 2176 nis
590 2141 626 2176 in
653 2153 762 2178 rma.
780 2153 835 2190 pr.
938 2143 1025 2179 737.
1053 2141 1146 2177 colla
1173 2141 1308 2177 catenis
1336 2137 1382 2176 Σ.
1429 2139 1522 2176 colla
1547 2148 1608 2174 ca·

156 2193 252 2241 pillis
280 2189 461 2229 ΒΟΦΝ
520 2188 610 2228 ΡΠ
623 2189 711 2228 ΨΑ
724 2190 955 2241 be9p1)3
967 2195 1013 2227 33
1025 2193 1127 2229 3441
1156 2191 1397 2239 undeuiyinm
1423 2191 1606 2227 EMuar.

158 2254 229 2278 scr.
268 2244 465 2292 Receptum
495 2243 524 2279 C
532 2240 573 2278 A
579 2254 603 2290 9
627 2254 693 2291 pro
713 2254 796 2280 uar-
814 2254 885 2280 scr.
990 2244 1078 2278 738.
1111 2244 1213 2279 Vers.
1239 2244 1278 2278 ’ὶη
1303 2252 1421 2289 niary.
1439 2236 1486 2275 Γ.
1525 2237 1607 2276 1nu.

157 2293 272 2328 multo
299 2297 469 2341 quatuor.
519 2293 760 2342 praeuigilare
790 2293 829 2331 G.
932 2294 1019 2329 739.
1057 2296 1130 2337 Ita,
1160 2293 1283 2340 nebat,
1311 2294 1542 2338 Zmnm.pr.
1561 2291 1604 2324 ll

158 2345 207 2379 23
220 2344 267 2377 24
293 2347 338 2388 et,
363 2347 405 2379 ‘ut
430 2342 548 2390 credo,
573 2342 638 2381 sub
666 2341 830 2391 improba
855 2354 990 2380 rasura
1019 2342 1103 2380 olim
1122 2342 1247 2390 Ilfelcl.
1289 2343 1377 2378 lucr.
1397 2339 1496 2375 cuius
1524 2350 1609 2375 cae-

159 2394 238 2428 teri.
357 2395 443 2429 740.
481 2393 624 2430 thorum
651 2391 915 2440 11f.DEGF.
964 2393 1096 2430 colathi
1124 2395 1168 2430 E.
1212 2392 1320 2429 kalati
1343 2390 1375 2438 f.
1421 2396 1499 2426 erat
1526 2388 1609 2425 libri

156 2447 302 2493 praeter
329 2441 414 2479 DF
426 2441 512 2480 ³1¹2*
535 2448 568 2480 et
595 2448 752 2492 quatuor
778 2443 884 2481 alios.
989 2445 1077 2480 742.
1113 2444 1163 2479 ait
1188 2455 1257 2480 οηι.
1286 2441 1323 2478 G.
1366 2439 1415 2476 ait
1441 2440 1502 2475 ina
1527 2437 1610 2476 labri

158 2493 331 2530 detractis
355 2493 479 2543 Ilseld.
500 2492 587 2531 ΒΣ
592 2492 632 2529 Ζ
639 2491 734 2541 (mil)
761 2499 918 2543 qitatuor
943 2498 1007 2530 aut
1033 2496 1184 2543 quinque
1206 2492 1302 2530 aliis.
1407 2492 1494 2527 743.
1521 2501 1610 2539 pro-

159 2550 311 2594 peratae
335 2555 368 2581 r.
471 2547 558 2581 744.
588 2545 818 2594 Quamprim.
845 2544 928 2581 libri
945 2546 1014 2580 mei
1034 2547 1176 2594 praeter
1190 2541 1258 2590 llf.
1299 2541 1404 2591 prim.
1431 2540 1529 2577 sacta
1555 2544 1610 2576 est

158 2600 283 2682 {mostra
309 2593 378 2630 lac.
405 2595 449 2631 E.
497 2596 604 2645 prim.
634 2602 754 2634 uestra
781 2597 806 2631 6
832 2594 922 2640 dmm
948 2607 972 2644 p
988 2605 1069 2631 aar.
1085 2604 1154 2630 scr.
1202 2598 1328 2629 nostra
1356 2597 1412 2629 est
1437 2591 1533 2629 facta
1559 2586 1609 2628 Γ.

175 2655 307 2681 ucerna
332 2655 369 2693 p.
