1685 2954
98 118 233 153 etxw
639 132 644 138 ·
705 119 763 150 DE
791 119 937 152 SACRIS

98 217 312 259 Miscendas
335 228 460 268 parce,
484 216 671 268 intelligot
695 217 795 269 large
821 221 963 270 agebat.
1015 221 1102 259 Non
1128 221 1297 272 equidem
1324 222 1493 272 alterum,
1517 226 1548 261 si

98 282 181 320 libri
207 281 331 332 optimi
356 279 554 323 haberent,
587 279 777 318 molestum
804 289 922 332 esset,
950 283 1255 333 quemadmodum
1282 284 1312 320 si
1339 285 1418 333 quis
1450 286 1549 335 apud

98 344 287 381 Tibullum
309 344 344 385 3,
358 341 397 388 6,
414 343 436 376 3
458 342 595 390 pariter
609 341 813 380 medicanda
830 345 1030 393 intelligere
1049 346 1134 382 uelit
1154 345 1200 382 de
1220 346 1390 382 mixtione
1405 346 1551 384 Graeca

98 405 187 452 uini,
214 399 302 440 ἴσον
322 397 422 446 ἴσως
439 407 479 438 ut
501 408 556 440 est
573 403 671 454 apud
688 405 912 443 Athenaeum
935 409 997 453 10,
1015 409 1081 443 27:
1109 407 1368 456 simplicissima
1386 408 1462 444 eius
1480 409 1551 445 loci

95 465 348 516 interpretatio
375 476 419 501 ex
440 463 514 501 ou.
533 472 602 502 art.
622 477 693 502 am.
717 470 753 514 l,
774 468 848 503 256
867 467 961 515 sugit
983 467 1203 505 Huschkium
1231 476 1342 516 certe,
1370 470 1429 506 alii
1456 460 1551 506 enim

97 527 145 565 ad
172 539 318 564 manum
345 532 530 563 non-sunt
554 527 796 576 interpretes;
823 535 945 564 metuo
972 540 1018 565 ne
1040 537 1218 579 occupata
1242 532 1303 579 sit,
1328 530 1457 580 putida
1478 543 1550 568 non

99 594 169 626 est.
220 587 427 625 Proximum
465 594 520 625 est
552 589 720 625 columba
755 589 968 625 sacrificium
995 602 1033 626 ιι.
1059 591 1158 638 451,
1190 592 1250 628 ubi
1281 605 1352 629 non
1389 592 1552 629 dubitaui

97 650 239 688 Heinsii
271 649 495 699 ingeniosam
531 650 775 686 coniecturam
812 658 1107 698 repraesentare,
1130 651 1192 703 <de
1227 664 1298 702 qua
1327 653 1554 691 Schraderus

96 713 288 750 iuuenibus
315 711 389 748 suis
415 712 467 747 ita
492 710 660 747 dictauit:
698 711 800 746 Aras
825 710 966 759 quidem
993 712 1134 749 calidas
1158 715 1303 762 proprie
1331 714 1401 752 dici
1425 717 1555 763 regerit

98 776 340 812 Burmannus
366 777 474 821 atque
498 770 577 808 ideo
602 771 793 820 vulgatam
819 772 1054 810 semunciam.
1099 773 1172 811 Sed
1196 775 1369 812 eiusmodi
1396 775 1555 822 defensio

97 834 238 884 friuola
262 839 316 871 est
341 838 376 871 el
402 834 523 870 critico
551 831 713 880 indiyna.
765 834 854 870 Non
881 836 1088 882 quaeritur,
1115 847 1202 872 num
1229 836 1335 872 calidi
1359 835 1433 872 soci
1462 842 1557 874 recto

98 895 170 935 dici
195 901 344 945 queant,
372 894 466 944 quod
491 906 594 931 nemo
618 895 780 942 neyauit,
806 895 869 932 sed
887 907 974 932 num
995 894 1078 932 huic
1105 895 1180 933 loco
1207 899 1434 941 conueniant,
1461 898 1555 947 quod

97 955 220 995 solida
258 958 401 994 ratione
433 958 579 1006 negauit
611 956 798 995 Heinsius.
865 957 1073 994 Proximum
1112 964 1167 994 est
1201 957 1302 994 Isidis
1342 959 1556 997 sacrificium

97 1031 136 1056 ιι.
159 1019 259 1067 453,
296 1018 343 1055 de
378 1030 451 1067 quo
486 1019 666 1054 annotatis
703 1019 749 1054 ab
783 1018 930 1055 Heinsio
965 1018 1113 1055 adiicies
1148 1019 1364 1056 Pausaniam
1404 1023 1465 1069 10,
1493 1025 1555 1067 32,

97 1079 197 1117 unde
222 1080 377 1117 maxime
403 1079 581 1129 intelliges
608 1091 674 1116 cur
698 1079 806 1118 lauta
832 1079 990 1117 dicatur:
1019 1075 1171 1118 θύουσι
1199 1078 1244 1117 δὲ
1270 1078 1336 1118 καὶ
1362 1081 1462 1129 βοῦς
1487 1081 1556 1120 καὶ

99 1135 277 1192 ἐλάφους
310 1136 349 1178 οἱ
386 1135 725 1190 εὖδαιμονέςεροι,
762 1135 852 1178 ὅσοι
886 1138 930 1178 δέ
967 1139 1065 1179 εἰσιν
1102 1137 1340 1186 ἀποδέοντες
1377 1139 1556 1196 πλούτῳ,

99 1199 166 1242 καὶ
189 1203 322 1252 χῆνας
347 1201 414 1240 καὶ
442 1198 617 1252 ὄρνιθας
649 1198 724 1246 τὰς
746 1199 1025 1253 μελεαγρίδας.
1074 1197 1141 1241 ὑσὶ
1168 1200 1212 1240 δὲ
1239 1199 1281 1247 ἐς
1307 1200 1378 1253 τὴν
1404 1203 1556 1243 θυσίαν

101 1259 150 1302 οὗ
176 1261 406 1313 νομίζουσιν
440 1260 535 1302 οὐδὲ
569 1261 649 1301 οῗσὶ
677 1264 867 1313 χρῆσθαι
901 1262 966 1301 καὶ
994 1261 1111 1310 αῗξίν.
1163 1266 1354 1303 Consentit
1378 1267 1557 1316 interpres

100 1326 322 1365 Veronensis
343 1325 391 1364 ad
408 1327 498 1364 Aen.
517 1331 556 1375 2,
572 1327 661 1363 714.
709 1325 900 1363 Postremo
928 1327 975 1363 de
1000 1327 1095 1376 gallo
1122 1327 1321 1376 gallinaceo
1348 1327 1446 1377 quod
1473 1340 1558 1364 nar-

101 1395 205 1426 ratur
230 1402 269 1426 u.
289 1388 382 1437 455,
396 1389 458 1433 56,
491 1387 737 1425 difficillimum
764 1395 819 1425 est
845 1389 1043 1439 explicatu:
1079 1389 1180 1426 lubet
1211 1388 1357 1426 differre
1386 1389 1556 1440 aliquan-

101 1451 217 1501 tisper
241 1450 279 1488 in
304 1451 438 1488 librum
463 1450 549 1488 XIV
576 1456 641 1487 aut
666 1450 735 1488 XV
761 1451 1023 1500 quaestionem.

569 1596 723 1635 LIBER
749 1595 1094 1634 DVODECIMVS.

205 1696 354 1746 Fragm.
405 1695 547 1733 Nonius
573 1709 611 1746 p.
632 1698 723 1744 510,
742 1700 784 1733 2:
825 1699 944 1735 Varro
967 1709 1088 1735 rerum
1114 1696 1341 1733 diuinarum.-
1375 1697 1561 1734 Etenim

104 1762 156 1796 ut
181 1757 288 1796 deos
316 1757 472 1795 colere
498 1757 626 1794 debet
652 1760 968 1795 communitus
1002 1761 1206 1802 ciuitas,
1239 1760 1309 1795 sic
1334 1758 1561 1806 singulae

105 1819 324 1868 familiae
349 1819 559 1856 debemus.

206 1881 387 1931 Exempla
413 1881 502 1917 dant
527 1881 658 1917 Festus
685 1893 722 1930 p.
738 1882 826 1928 242,
846 1883 895 1917 28
916 1880 1013 1918 dext.
1042 1881 1117 1918 dies
1142 1879 1297 1924 natales,
1324 1882 1561 1929 operationes,

108 1941 304 1990 denecales,
334 1943 584 1979 Tertullianus
611 1942 658 1979 de
683 1941 807 1980 idolol.
829 1956 867 1992 p.
885 1944 960 1979 624
982 1943 1039 1980 ed.
1055 1943 1162 1980 Pan:
1195 1943 1300 1979 Circa
1326 1939 1452 1988 officia
1477 1954 1564 1981 uero

107 2006 342 2053 priuatarum
369 2009 403 2041 et
429 2006 668 2042 communium
694 2004 952 2041 solennitatum
979 2010 1020 2041 ut
1047 2010 1149 2053 togae
1173 2015 1308 2052 purae,
1341 2008 1383 2040 ut
1407 2015 1564 2053 sponsa-

108 2065 210 2110 lium,
237 2070 279 2101 ul
302 2065 535 2114 nuptialium,
563 2070 602 2102 ut
629 2066 864 2103 nominalium
889 2066 1029 2102 nullum
1057 2071 1177 2114 putem
1202 2055 1411 2114 periculum.
1465 2067 1564 2103 Haec

109 2126 307 2163 secundum
326 2127 475 2164 Festum
497 2127 668 2163 uidentur
691 2127 788 2164 dicta
813 2128 927 2164 fuisse
946 2139 1057 2164 sacra
1075 2129 1244 2177 propria:
1272 2126 1318 2163 de
1338 2128 1468 2176 quibus
1485 2127 1563 2165 fere

108 2187 179 2224 Dio
196 2188 297 2225 Cass.
318 2190 381 2235 57,
400 2193 464 2226 11:
494 2182 514 2225 ὃ
547 2184 735 2237 Τιβέριος
764 2189 849 2233 τοῖς
876 2181 1108 2237 ἑταίροις-
1125 2182 1275 2224 θύουσι
1304 2184 1560 2237 συνεώρταζε.

109 2250 189 2285 Alia
216 2262 303 2287 uero
329 2257 414 2287 sunt
439 2262 534 2299 quae
555 2245 764 2299 συγγενικὰ
785 2249 870 2287 dicit
887 2250 1079 2298 Dionysius
1100 2251 1182 2286 Hal.
1201 2253 1238 2295 2,
1260 2250 1323 2297 65,
1349 2251 1448 2287 uelut
1472 2261 1562 2298 gen·-

111 2311 158 2348 tis
185 2311 365 2349 Claudiae
389 2311 641 2361 propudianus
665 2323 811 2360 porcus,
837 2312 936 2351 Fest.
963 2325 1001 2362 p.
1018 2314 1107 2360 238,
1129 2314 1176 2349 17
1203 2311 1301 2348 dext.

214 2372 269 2409 Ad
298 2372 470 2410 Ouidium
497 2374 641 2411 festino.
686 2373 933 2411 Domesticum
960 2374 1108 2423 aliquod
1133 2373 1347 2410 sacrificium
1376 2375 1414 2419 2,
1434 2375 1482 2409 23
1508 2373 1563 2409 in-

112 2431 226 2470 dicari
253 2433 418 2482 uidetur,
447 2436 611 2472 codicum
639 2442 760 2472 tamen
787 2436 990 2485 scripturae
1017 2437 1118 2472 uocis
1144 2442 1349 2485 postremae
1374 2441 1496 2471 metuo
1524 2442 1564 2472 ut

112 2495 286 2544 explicari
314 2496 464 2543 possint.
516 2497 606 2534 Siue
641 2497 908 2535 emendandum
940 2504 996 2534 est
1027 2499 1164 2544 uersis,
1199 2495 1296 2545 quod
1323 2495 1459 2532 recedit
1483 2497 1565 2534 lon·

114 2555 193 2606 gius
228 2567 252 2592 a
286 2556 460 2593 librorum
496 2559 710 2596 auctoritate
748 2567 785 2597 et
820 2560 914 2596 tueri
947 2571 987 2596 se
1019 2564 1138 2608 potest
1163 2557 1326 2594 Senecae
1359 2556 1566 2608 fragmento

113 2616 215 2667 apud
233 2617 446 2656 Diomedem
475 2623 511 2666 1,
539 2632 575 2668 p.
591 2619 664 2656 375
682 2620 738 2665 P„
764 2620 843 2657 siue
865 2620 1056 2670 legendum
1083 2623 1216 2663 ternus,
1243 2618 1342 2668 quod
1368 2619 1405 2655 in
1433 2618 1566 2657 codicis

113 2678 415 2720 Manersdorfiani
446 2680 625 2731 praeclari
653 2683 853 2732 scriptura,
885 2681 1031 2732 qualem
1065 2680 1140 2718 aliis
1174 2681 1210 2718 in
1243 2681 1330 2718 locis
1357 2681 1566 2730 obseruaui,
