<?xml version="1.0" encoding="UTF-8"?>
<!DOCTYPE html PUBLIC "-//W3C//DTD XHTML 1.0 Transitional//EN"
    "http://www.w3.org/TR/xhtml1/DTD/xhtml1-transitional.dtd">
<html xmlns="http://www.w3.org/1999/xhtml" xml:lang="en" lang="en">
 <head>
  <title>
</title>
<meta http-equiv="Content-Type" content="text/html;charset=utf-8" />
  <meta name='ocr-system' content='tesseract 3.04.00' />
  <meta name='ocr-capabilities' content='ocr_page ocr_carea ocr_par ocr_line ocrx_word'/>
</head>
<body>
  <div class='ocr_page' id='page_1' title='image "./fastorumlibrisex00oviduoft_0143.png"; bbox 0 0 1685 2954; ppageno 0'>
   <div class='ocr_carea' id='block_1_1' title="bbox 0 278 5 1446">
    <p class='ocr_par' dir='ltr' id='par_1_1' title="bbox 0 278 5 1446">
     <span class='ocr_line' id='line_1_1' title="bbox 0 278 5 1446; baseline 0 0"><span class='ocrx_word' id='word_1_1' title='bbox 0 278 5 1446; x_wconf 95' lang='lat' dir='ltr'> </span> 
     </span>
    </p>
   </div>
   <div class='ocr_carea' id='block_1_2' title="bbox 613 112 1556 146">
    <p class='ocr_par' dir='ltr' id='par_1_2' title="bbox 613 112 1556 146">
     <span class='ocr_line' id='line_1_2' title="bbox 613 112 1556 146; baseline -0.005 0"><span class='ocrx_word' id='word_1_2' title='bbox 613 116 670 146; x_wconf 72' lang='lat' dir='ltr'>DF.</span> <span class='ocrx_word' id='word_1_3' title='bbox 701 112 883 146; x_wconf 70' lang='lat' dir='ltr'>AEDIBVS</span> <span class='ocrx_word' id='word_1_4' title='bbox 914 115 1056 145; x_wconf 65' lang='lat' dir='ltr'>sacms</span> <span class='ocrx_word' id='word_1_5' title='bbox 1415 113 1556 144; x_wconf 53' lang='lat' dir='ltr'>CXXX&amp;</span> 
     </span>
    </p>
   </div>
   <div class='ocr_carea' id='block_1_3' title="bbox 98 213 1564 2725">
    <p class='ocr_par' dir='ltr' id='par_1_3' title="bbox 107 213 1564 879">
     <span class='ocr_line' id='line_1_3' title="bbox 113 213 1564 270; baseline -0.004 -14"><span class='ocrx_word' id='word_1_6' title='bbox 113 219 265 270; x_wconf 69' lang='lat' dir='ltr'>pontinia</span> <span class='ocrx_word' id='word_1_7' title='bbox 290 217 435 268; x_wconf 65' lang='lat' dir='ltr'>publica</span> <span class='ocrx_word' id='word_1_8' title='bbox 459 217 498 254; x_wconf 74' lang='lat' dir='ltr'>in</span> <span class='ocrx_word' id='word_1_9' title='bbox 521 215 720 264; x_wconf 74' lang='lat' dir='ltr'>planitiam</span> <span class='ocrx_word' id='word_1_10' title='bbox 742 213 929 252; x_wconf 80' lang='lat' dir='ltr'>redactum</span> <span class='ocrx_word' id='word_1_11' title='bbox 954 227 1044 263; x_wconf 77' lang='lat' dir='ltr'>esse,</span> <span class='ocrx_word' id='word_1_12' title='bbox 1071 213 1140 252; x_wconf 85' lang='lat' dir='ltr'>hoc</span> <span class='ocrx_word' id='word_1_13' title='bbox 1165 219 1235 262; x_wconf 87' lang='lat' dir='ltr'>est,</span> <span class='ocrx_word' id='word_1_14' title='bbox 1261 213 1313 252; x_wconf 89' lang='lat' dir='ltr'>uti</span> <span class='ocrx_word' id='word_1_15' title='bbox 1338 213 1407 250; x_wconf 87' lang='lat' dir='ltr'>alia</span> <span class='ocrx_word' id='word_1_16' title='bbox 1431 225 1564 251; x_wconf 90' lang='lat' dir='ltr'>monu-</span> 
     </span>
     <span class='ocr_line' id='line_1_4' title="bbox 114 275 1564 324; baseline -0.004 -7"><span class='ocrx_word' id='word_1_17' title='bbox 114 287 238 317; x_wconf 83' lang='lat' dir='ltr'>menta</span> <span class='ocrx_word' id='word_1_18' title='bbox 265 291 287 316; x_wconf 86' lang='lat' dir='ltr'>a</span> <span class='ocrx_word' id='word_1_19' title='bbox 313 278 477 316; x_wconf 86' lang='lat' dir='ltr'>Nardino</span> <span class='ocrx_word' id='word_1_20' title='bbox 502 276 663 313; x_wconf 84' lang='lat' dir='ltr'>adhibita</span> <span class='ocrx_word' id='word_1_21' title='bbox 690 276 837 322; x_wconf 78' lang='lat' dir='ltr'><strong>docent,</strong></span> <span class='ocrx_word' id='word_1_22' title='bbox 865 276 1189 313; x_wconf 77' lang='lat' dir='ltr'>substructionibus</span> <span class='ocrx_word' id='word_1_23' title='bbox 1215 275 1362 313; x_wconf 86' lang='lat' dir='ltr'>adiectis</span> <span class='ocrx_word' id='word_1_24' title='bbox 1388 275 1564 324; x_wconf 85' lang='lat' dir='ltr'>superiori</span> 
     </span>
     <span class='ocr_line' id='line_1_5' title="bbox 113 337 1562 391; baseline -0.005 -13"><span class='ocrx_word' id='word_1_25' title='bbox 113 348 222 391; x_wconf 85' lang='lat' dir='ltr'>parte</span> <span class='ocrx_word' id='word_1_26' title='bbox 247 344 486 388; x_wconf 86' lang='lat' dir='ltr'>exaequatum</span> <span class='ocrx_word' id='word_1_27' title='bbox 514 349 605 376; x_wconf 90' lang='lat' dir='ltr'>esse.</span> <span class='ocrx_word' id='word_1_28' title='bbox 659 338 852 375; x_wconf 86' lang='lat' dir='ltr'>Miliarium</span> <span class='ocrx_word' id='word_1_29' title='bbox 879 349 967 374; x_wconf 89' lang='lat' dir='ltr'>uero</span> <span class='ocrx_word' id='word_1_30' title='bbox 994 337 1097 385; x_wconf 88' lang='lat' dir='ltr'>illud,</span> <span class='ocrx_word' id='word_1_31' title='bbox 1124 337 1222 387; x_wconf 88' lang='lat' dir='ltr'>quod</span> <span class='ocrx_word' id='word_1_32' title='bbox 1248 337 1355 374; x_wconf 88' lang='lat' dir='ltr'>hodie</span> <span class='ocrx_word' id='word_1_33' title='bbox 1381 342 1562 384; x_wconf 86' lang='lat' dir='ltr'>seruatur,</span> 
     </span>
     <span class='ocr_line' id='line_1_6' title="bbox 114 396 1563 450; baseline -0.003 -11"><span class='ocrx_word' id='word_1_34' title='bbox 114 402 188 439; x_wconf 90' lang='lat' dir='ltr'>uid.</span> <span class='ocrx_word' id='word_1_35' title='bbox 209 402 370 447; x_wconf 90' lang='lat' dir='ltr'>Bunsen,</span> <span class='ocrx_word' id='word_1_36' title='bbox 398 398 515 436; x_wconf 85' lang='lat' dir='ltr'>deser.</span> <span class='ocrx_word' id='word_1_37' title='bbox 538 399 627 437; x_wconf 87' lang='lat' dir='ltr'>Vrb.</span> <span class='ocrx_word' id='word_1_38' title='bbox 650 403 688 450; x_wconf 83' lang='lat'>3,</span> <span class='ocrx_word' id='word_1_39' title='bbox 710 402 747 446; x_wconf 86' lang='lat'>1,</span> <span class='ocrx_word' id='word_1_40' title='bbox 773 412 810 448; x_wconf 88' lang='lat' dir='ltr'>p.</span> <span class='ocrx_word' id='word_1_41' title='bbox 829 400 916 446; x_wconf 85' lang='lat'>100,</span> <span class='ocrx_word' id='word_1_42' title='bbox 945 399 1026 435; x_wconf 87' lang='lat' dir='ltr'>uiae</span> <span class='ocrx_word' id='word_1_43' title='bbox 1053 399 1193 448; x_wconf 86' lang='lat' dir='ltr'>Appiae</span> <span class='ocrx_word' id='word_1_44' title='bbox 1219 400 1425 449; x_wconf 88' lang='lat' dir='ltr'>appositum</span> <span class='ocrx_word' id='word_1_45' title='bbox 1449 396 1563 434; x_wconf 80' lang='lat' dir='ltr'>fuisse</span> 
     </span>
     <span class='ocr_line' id='line_1_7' title="bbox 112 459 1561 511; baseline -0.006 -10"><span class='ocrx_word' id='word_1_46' title='bbox 112 469 268 510; x_wconf 87' lang='lat' dir='ltr'>constat,</span> <span class='ocrx_word' id='word_1_47' title='bbox 295 473 317 498; x_wconf 87' lang='lat' dir='ltr'>a</span> <span class='ocrx_word' id='word_1_48' title='bbox 342 473 415 510; x_wconf 92' lang='lat' dir='ltr'>qua</span> <span class='ocrx_word' id='word_1_49' title='bbox 443 462 501 497; x_wconf 87' lang='lat' dir='ltr'>uia</span> <span class='ocrx_word' id='word_1_50' title='bbox 526 460 654 497; x_wconf 87' lang='lat' dir='ltr'>aedem</span> <span class='ocrx_word' id='word_1_51' title='bbox 683 472 755 497; x_wconf 92' lang='lat' dir='ltr'>non</span> <span class='ocrx_word' id='word_1_52' title='bbox 784 459 894 509; x_wconf 82' lang='lat' dir='ltr'>longe</span> <span class='ocrx_word' id='word_1_53' title='bbox 919 460 1053 497; x_wconf 80' lang='lat' dir='ltr'>afuisse</span> <span class='ocrx_word' id='word_1_54' title='bbox 1081 473 1152 496; x_wconf 94' lang='lat' dir='ltr'>non</span> <span class='ocrx_word' id='word_1_55' title='bbox 1180 461 1324 511; x_wconf 84' lang='lat' dir='ltr'>quidem</span> <span class='ocrx_word' id='word_1_56' title='bbox 1346 459 1470 496; x_wconf 91' lang='lat' dir='ltr'>Liuius</span> <span class='ocrx_word' id='word_1_57' title='bbox 1498 460 1561 506; x_wconf 86' lang='grc'>10,</span> 
     </span>
     <span class='ocr_line' id='line_1_8' title="bbox 112 519 1561 575; baseline -0.003 -14"><span class='ocrx_word' id='word_1_58' title='bbox 112 529 177 574; x_wconf 86' lang='grc'>23,</span> <span class='ocrx_word' id='word_1_59' title='bbox 203 522 302 575; x_wconf 89' lang='lat' dir='ltr'>quod</span> <span class='ocrx_word' id='word_1_60' title='bbox 326 522 419 559; x_wconf 80' lang='lat' dir='ltr'>salso</span> <span class='ocrx_word' id='word_1_61' title='bbox 446 527 551 571; x_wconf 88' lang='lat' dir='ltr'>putat</span> <span class='ocrx_word' id='word_1_62' title='bbox 569 521 755 570; x_wconf 86' lang='lat' dir='ltr'>Sachsius,</span> <span class='ocrx_word' id='word_1_63' title='bbox 781 522 889 558; x_wconf 89' lang='lat' dir='ltr'>immo</span> <span class='ocrx_word' id='word_1_64' title='bbox 916 533 963 559; x_wconf 91' lang='lat' dir='ltr'>ne</span> <span class='ocrx_word' id='word_1_65' title='bbox 982 523 1046 568; x_wconf 82' lang='lat'>38,</span> <span class='ocrx_word' id='word_1_66' title='bbox 1067 523 1116 557; x_wconf 88' lang='grc'>28</span> <span class='ocrx_word' id='word_1_67' title='bbox 1143 522 1286 571; x_wconf 86' lang='lat' dir='ltr'>quidem</span> <span class='ocrx_word' id='word_1_68' title='bbox 1315 521 1448 570; x_wconf 83' lang='lat' dir='ltr'>arguit,</span> <span class='ocrx_word' id='word_1_69' title='bbox 1473 519 1561 557; x_wconf 86' lang='lat' dir='ltr'>Ser-</span> 
     </span>
     <span class='ocr_line' id='line_1_9' title="bbox 111 582 1561 632; baseline -0.005 -8"><span class='ocrx_word' id='word_1_70' title='bbox 111 588 191 625; x_wconf 84' lang='lat' dir='ltr'>uius</span> <span class='ocrx_word' id='word_1_71' title='bbox 217 592 337 622; x_wconf 89' lang='lat' dir='ltr'>tamen</span> <span class='ocrx_word' id='word_1_72' title='bbox 363 583 411 620; x_wconf 87' lang='lat' dir='ltr'>ad</span> <span class='ocrx_word' id='word_1_73' title='bbox 438 585 530 620; x_wconf 83' lang='lat' dir='ltr'>Aen.</span> <span class='ocrx_word' id='word_1_74' title='bbox 557 586 594 631; x_wconf 91' lang='lat' dir='ltr'>l,</span> <span class='ocrx_word' id='word_1_75' title='bbox 623 585 697 619; x_wconf 89' lang='grc'>296</span> <span class='ocrx_word' id='word_1_76' title='bbox 723 582 869 619; x_wconf 88' lang='lat' dir='ltr'>indicat.</span> <span class='ocrx_word' id='word_1_77' title='bbox 924 585 995 619; x_wconf 84' lang='lat' dir='ltr'>Aut</span> <span class='ocrx_word' id='word_1_78' title='bbox 1022 582 1129 632; x_wconf 83' lang='lat' dir='ltr'>igitur</span> <span class='ocrx_word' id='word_1_79' title='bbox 1155 582 1251 619; x_wconf 89' lang='lat' dir='ltr'>mille</span> <span class='ocrx_word' id='word_1_80' title='bbox 1277 582 1463 631; x_wconf 87' lang='lat' dir='ltr'>passibus,</span> <span class='ocrx_word' id='word_1_81' title='bbox 1498 586 1561 617; x_wconf 87' lang='lat' dir='ltr'>aut</span> 
     </span>
     <span class='ocr_line' id='line_1_10' title="bbox 108 641 1560 696; baseline -0.003 -13"><span class='ocrx_word' id='word_1_82' title='bbox 108 646 262 696; x_wconf 83' lang='lat' dir='ltr'>amplius</span> <span class='ocrx_word' id='word_1_83' title='bbox 289 645 446 682; x_wconf 87' lang='lat' dir='ltr'>distabat</span> <span class='ocrx_word' id='word_1_84' title='bbox 473 656 518 682; x_wconf 86' lang='lat' dir='ltr'>ea</span> <span class='ocrx_word' id='word_1_85' title='bbox 543 644 654 682; x_wconf 85' lang='lat' dir='ltr'>aedes</span> <span class='ocrx_word' id='word_1_86' title='bbox 683 645 776 681; x_wconf 89' lang='lat' dir='ltr'>cliuo</span> <span class='ocrx_word' id='word_1_87' title='bbox 802 645 970 695; x_wconf 86' lang='lat' dir='ltr'>imposita</span> <span class='ocrx_word' id='word_1_88' title='bbox 994 655 1016 680; x_wconf 88' lang='lat' dir='ltr'>a</span> <span class='ocrx_word' id='word_1_89' title='bbox 1040 650 1146 693; x_wconf 88' lang='lat' dir='ltr'>porta</span> <span class='ocrx_word' id='word_1_90' title='bbox 1164 644 1328 693; x_wconf 83' lang='lat' dir='ltr'>Capena,</span> <span class='ocrx_word' id='word_1_91' title='bbox 1356 655 1451 692; x_wconf 87' lang='lat' dir='ltr'>quae</span> <span class='ocrx_word' id='word_1_92' title='bbox 1469 641 1560 679; x_wconf 94' lang='lat' dir='ltr'>Oui-</span> 
     </span>
     <span class='ocr_line' id='line_1_11' title="bbox 107 704 1559 754; baseline -0.004 -9"><span class='ocrx_word' id='word_1_93' title='bbox 107 707 156 745; x_wconf 90' lang='lat' dir='ltr'>dii</span> <span class='ocrx_word' id='word_1_94' title='bbox 182 719 277 745; x_wconf 85' lang='lat' dir='ltr'>aeuo</span> <span class='ocrx_word' id='word_1_95' title='bbox 303 706 386 744; x_wconf 85' lang='lat' dir='ltr'>suit.</span> <span class='ocrx_word' id='word_1_96' title='bbox 436 705 564 743; x_wconf 90' lang='lat' dir='ltr'>Potest</span> <span class='ocrx_word' id='word_1_97' title='bbox 590 705 682 744; x_wconf 90' lang='lat' dir='ltr'>adeo</span> <span class='ocrx_word' id='word_1_98' title='bbox 709 718 730 742; x_wconf 92' lang='lat' dir='ltr'>a</span> <span class='ocrx_word' id='word_1_99' title='bbox 758 718 847 743; x_wconf 81' lang='lat' dir='ltr'>uero</span> <span class='ocrx_word' id='word_1_100' title='bbox 878 718 950 743; x_wconf 89' lang='lat' dir='ltr'>non</span> <span class='ocrx_word' id='word_1_101' title='bbox 976 705 1085 754; x_wconf 86' lang='lat' dir='ltr'>longe</span> <span class='ocrx_word' id='word_1_102' title='bbox 1110 705 1237 741; x_wconf 87' lang='lat' dir='ltr'>abesse</span> <span class='ocrx_word' id='word_1_103' title='bbox 1261 704 1471 753; x_wconf 87' lang='lat' dir='ltr'>Appianus,</span> <span class='ocrx_word' id='word_1_104' title='bbox 1498 704 1559 752; x_wconf 88' lang='lat' dir='ltr'>qui</span> 
     </span>
     <span class='ocr_line' id='line_1_12' title="bbox 107 765 1558 819; baseline -0.004 -12"><span class='ocrx_word' id='word_1_105' title='bbox 107 769 196 807; x_wconf 90' lang='lat' dir='ltr'>bell.</span> <span class='ocrx_word' id='word_1_106' title='bbox 223 769 296 806; x_wconf 86' lang='lat' dir='ltr'>eiu.</span> <span class='ocrx_word' id='word_1_107' title='bbox 322 771 361 817; x_wconf 84' lang='lat'>3,</span> <span class='ocrx_word' id='word_1_108' title='bbox 381 769 429 819; x_wconf 71' lang='lat'>41</span> <span class='ocrx_word' id='word_1_109' title='bbox 457 767 662 819; x_wconf 89' lang='lat' dir='ltr'>quindecim</span> <span class='ocrx_word' id='word_1_110' title='bbox 690 767 830 815; x_wconf 88' lang='lat' dir='ltr'>stadia,</span> <span class='ocrx_word' id='word_1_111' title='bbox 863 766 901 804; x_wconf 83' lang='lat' dir='ltr'>h.</span> <span class='ocrx_word' id='word_1_112' title='bbox 929 779 964 806; x_wconf 89' lang='lat' dir='ltr'>e.</span> <span class='ocrx_word' id='word_1_113' title='bbox 991 777 1109 816; x_wconf 90' lang='lat' dir='ltr'>paene</span> <span class='ocrx_word' id='word_1_114' title='bbox 1143 765 1216 802; x_wconf 91' lang='lat' dir='ltr'>duo</span> <span class='ocrx_word' id='word_1_115' title='bbox 1250 765 1361 802; x_wconf 89' lang='lat' dir='ltr'>millia</span> <span class='ocrx_word' id='word_1_116' title='bbox 1387 777 1558 815; x_wconf 81' lang='lat' dir='ltr'>passuum</span> 
     </span>
     <span class='ocr_line' id='line_1_13' title="bbox 107 828 1455 879; baseline -0.005 -10"><span class='ocrx_word' id='word_1_117' title='bbox 107 829 232 869; x_wconf 81' lang='lat' dir='ltr'>tradit.</span> <span class='ocrx_word' id='word_1_118' title='bbox 283 829 342 867; x_wconf 90' lang='lat' dir='ltr'>De</span> <span class='ocrx_word' id='word_1_119' title='bbox 368 834 463 868; x_wconf 75' lang='lat' dir='ltr'>tecta</span> <span class='ocrx_word' id='word_1_120' title='bbox 486 831 551 867; x_wconf 73' lang='lat' dir='ltr'>uia</span> <span class='ocrx_word' id='word_1_121' title='bbox 577 828 624 866; x_wconf 88' lang='lat' dir='ltr'>ad</span> <span class='ocrx_word' id='word_1_122' title='bbox 653 829 856 879; x_wconf 78' lang='lat' dir='ltr'>proximum</span> <span class='ocrx_word' id='word_1_123' title='bbox 883 829 1059 868; x_wconf 83' lang='lat' dir='ltr'>Varronis</span> <span class='ocrx_word' id='word_1_124' title='bbox 1085 828 1213 864; x_wconf 87' lang='lat' dir='ltr'>librum</span> <span class='ocrx_word' id='word_1_125' title='bbox 1240 833 1455 876; x_wconf 86' lang='lat' dir='ltr'>exponetur.</span> 
     </span>
    </p>

    <p class='ocr_par' dir='ltr' id='par_1_4' title="bbox 100 887 1559 1369">
     <span class='ocr_line' id='line_1_14' title="bbox 206 887 1557 938; baseline -0.004 -8"><span class='ocrx_word' id='word_1_126' title='bbox 206 892 358 930; x_wconf 82' lang='lat' dir='ltr'>Tertiae</span> <span class='ocrx_word' id='word_1_127' title='bbox 385 890 484 928; x_wconf 83' lang='lat' dir='ltr'>aedis</span> <span class='ocrx_word' id='word_1_128' title='bbox 511 889 640 927; x_wconf 88' lang='lat' dir='ltr'>eodem</span> <span class='ocrx_word' id='word_1_129' title='bbox 667 889 725 926; x_wconf 83' lang='lat' dir='ltr'>die</span> <span class='ocrx_word' id='word_1_130' title='bbox 752 902 834 926; x_wconf 88' lang='lat' dir='ltr'>cum</span> <span class='ocrx_word' id='word_1_131' title='bbox 853 889 1099 938; x_wconf 87' lang='lat' dir='ltr'>superioribus</span> <span class='ocrx_word' id='word_1_132' title='bbox 1120 888 1260 925; x_wconf 83' lang='lat' dir='ltr'>duabus</span> <span class='ocrx_word' id='word_1_133' title='bbox 1281 887 1470 924; x_wconf 82' lang='lat' dir='ltr'>dedicatae</span> <span class='ocrx_word' id='word_1_134' title='bbox 1491 899 1557 924; x_wconf 92' lang='lat' dir='ltr'>no-</span> 
     </span>
     <span class='ocr_line' id='line_1_15' title="bbox 104 949 1557 1004; baseline -0.005 -12"><span class='ocrx_word' id='word_1_135' title='bbox 104 965 205 1004; x_wconf 89' lang='lat' dir='ltr'>men,</span> <span class='ocrx_word' id='word_1_136' title='bbox 230 954 365 1001; x_wconf 89' lang='lat' dir='ltr'>locum,</span> <span class='ocrx_word' id='word_1_137' title='bbox 391 960 536 1003; x_wconf 89' lang='lat' dir='ltr'>tempus</span> <span class='ocrx_word' id='word_1_138' title='bbox 563 965 636 989; x_wconf 87' lang='lat' dir='ltr'>non</span> <span class='ocrx_word' id='word_1_139' title='bbox 661 959 826 988; x_wconf 86' lang='lat' dir='ltr'>tenemus</span> <span class='ocrx_word' id='word_1_140' title='bbox 852 956 992 987; x_wconf 81' lang='lat' dir='ltr'>exacte.</span> <span class='ocrx_word' id='word_1_141' title='bbox 1041 951 1078 987; x_wconf 94' lang='lat' dir='ltr'>T</span> <span class='ocrx_word' id='word_1_142' title='bbox 1087 962 1152 987; x_wconf 87' lang='lat' dir='ltr'>em</span> <span class='ocrx_word' id='word_1_143' title='bbox 1164 950 1367 1000; x_wconf 90' lang='lat' dir='ltr'>pestatis</span> <span class='ocrx_word' id='word_1_144' title='bbox 1393 949 1557 999; x_wconf 87' lang='lat' dir='ltr'>appella-</span> 
     </span>
     <span class='ocr_line' id='line_1_16' title="bbox 106 1011 1559 1062; baseline -0.005 -9"><span class='ocrx_word' id='word_1_145' title='bbox 106 1022 168 1054; x_wconf 89' lang='lat' dir='ltr'>tur</span> <span class='ocrx_word' id='word_1_146' title='bbox 193 1017 238 1053; x_wconf 88' lang='lat' dir='ltr'>ab</span> <span class='ocrx_word' id='word_1_147' title='bbox 266 1015 402 1053; x_wconf 87' lang='lat' dir='ltr'>Ouidio</span> <span class='ocrx_word' id='word_1_148' title='bbox 428 1022 465 1051; x_wconf 90' lang='lat' dir='ltr'>et</span> <span class='ocrx_word' id='word_1_149' title='bbox 493 1015 528 1051; x_wconf 91' lang='lat' dir='ltr'>in</span> <span class='ocrx_word' id='word_1_150' title='bbox 556 1013 681 1051; x_wconf 89' lang='lat' dir='ltr'>notitia</span> <span class='ocrx_word' id='word_1_151' title='bbox 707 1011 830 1059; x_wconf 77' lang='lat' dir='ltr'>Vrbis,</span> <span class='ocrx_word' id='word_1_152' title='bbox 857 1011 893 1047; x_wconf 84' lang='lat' dir='ltr'>T</span> <span class='ocrx_word' id='word_1_153' title='bbox 905 1024 1060 1062; x_wconf 88' lang='lat' dir='ltr'>empes</span> <span class='ocrx_word' id='word_1_154' title='bbox 1071 1018 1217 1049; x_wconf 86' lang='lat' dir='ltr'>tatum</span> <span class='ocrx_word' id='word_1_155' title='bbox 1242 1011 1279 1047; x_wconf 92' lang='lat' dir='ltr'>in</span> <span class='ocrx_word' id='word_1_156' title='bbox 1306 1011 1410 1047; x_wconf 90' lang='lat' dir='ltr'>titulo</span> <span class='ocrx_word' id='word_1_157' title='bbox 1434 1011 1559 1061; x_wconf 84' lang='lat' dir='ltr'>sepul-</span> 
     </span>
     <span class='ocr_line' id='line_1_17' title="bbox 107 1071 1558 1126; baseline -0.004 -11"><span class='ocrx_word' id='word_1_158' title='bbox 107 1077 195 1115; x_wconf 89' lang='lat' dir='ltr'>crali</span> <span class='ocrx_word' id='word_1_159' title='bbox 220 1077 265 1114; x_wconf 91' lang='lat' dir='ltr'>L.</span> <span class='ocrx_word' id='word_1_160' title='bbox 291 1076 470 1126; x_wconf 84' lang='lat' dir='ltr'>Scipionis</span> <span class='ocrx_word' id='word_1_161' title='bbox 497 1075 649 1113; x_wconf 88' lang='lat' dir='ltr'>Barbati</span> <span class='ocrx_word' id='word_1_162' title='bbox 683 1073 712 1110; x_wconf 78' lang='lat' dir='ltr'>s.</span> <span class='ocrx_word' id='word_1_163' title='bbox 751 1085 826 1112; x_wconf 82' lang='lat' dir='ltr'>cOS.</span> <span class='ocrx_word' id='word_1_164' title='bbox 861 1085 898 1110; x_wconf 88' lang='lat' dir='ltr'>a.</span> <span class='ocrx_word' id='word_1_165' title='bbox 935 1074 980 1112; x_wconf 89' lang='lat' dir='ltr'>V.</span> <span class='ocrx_word' id='word_1_166' title='bbox 1007 1074 1052 1112; x_wconf 91' lang='lat' dir='ltr'>C.</span> <span class='ocrx_word' id='word_1_167' title='bbox 1077 1075 1172 1121; x_wconf 81' lang='lat'>494,</span> <span class='ocrx_word' id='word_1_168' title='bbox 1209 1071 1292 1109; x_wconf 88' lang='lat' dir='ltr'>uide</span> <span class='ocrx_word' id='word_1_169' title='bbox 1324 1071 1486 1108; x_wconf 89' lang='lat' dir='ltr'>Bunsen.</span> <span class='ocrx_word' id='word_1_170' title='bbox 1520 1076 1558 1109; x_wconf 87' lang='lat' dir='ltr'>et</span> 
     </span>
     <span class='ocr_line' id='line_1_18' title="bbox 103 1133 1556 1186; baseline -0.004 -10"><span class='ocrx_word' id='word_1_171' title='bbox 103 1139 264 1177; x_wconf 83' lang='lat' dir='ltr'>Platner.</span> <span class='ocrx_word' id='word_1_172' title='bbox 293 1138 329 1174; x_wconf 91' lang='lat' dir='ltr'>in</span> <span class='ocrx_word' id='word_1_173' title='bbox 363 1136 481 1174; x_wconf 86' lang='lat' dir='ltr'>deser.</span> <span class='ocrx_word' id='word_1_174' title='bbox 511 1137 602 1173; x_wconf 89' lang='lat' dir='ltr'>Vrb.</span> <span class='ocrx_word' id='word_1_175' title='bbox 629 1142 657 1173; x_wconf 89' lang='lat' dir='ltr'>t.</span> <span class='ocrx_word' id='word_1_176' title='bbox 678 1138 717 1184; x_wconf 77' lang='lat'>3,</span> <span class='ocrx_word' id='word_1_177' title='bbox 744 1147 782 1185; x_wconf 89' lang='lat' dir='ltr'>p.</span> <span class='ocrx_word' id='word_1_178' title='bbox 805 1138 843 1183; x_wconf 85' lang='lat'>1,</span> <span class='ocrx_word' id='word_1_179' title='bbox 871 1148 910 1186; x_wconf 89' lang='lat' dir='ltr'>p.</span> <span class='ocrx_word' id='word_1_180' title='bbox 933 1137 1033 1183; x_wconf 85' lang='lat'>616,</span> <span class='ocrx_word' id='word_1_181' title='bbox 1068 1142 1106 1173; x_wconf 87' lang='lat' dir='ltr'>et</span> <span class='ocrx_word' id='word_1_182' title='bbox 1140 1133 1238 1184; x_wconf 86' lang='lat' dir='ltr'>apud</span> <span class='ocrx_word' id='word_1_183' title='bbox 1265 1133 1457 1170; x_wconf 85' lang='lat' dir='ltr'>Horatium</span> <span class='ocrx_word' id='word_1_184' title='bbox 1486 1133 1556 1170; x_wconf 83' lang='lat' dir='ltr'>ecl.</span> 
     </span>
     <span class='ocr_line' id='line_1_19' title="bbox 103 1195 1554 1247; baseline -0.005 -10"><span class='ocrx_word' id='word_1_185' title='bbox 103 1202 166 1247; x_wconf 85' lang='grc'>10,</span> <span class='ocrx_word' id='word_1_186' title='bbox 186 1201 248 1235; x_wconf 82' lang='grc'>24.</span> <span class='ocrx_word' id='word_1_187' title='bbox 300 1198 341 1235; x_wconf 90' lang='lat' dir='ltr'>ln</span> <span class='ocrx_word' id='word_1_188' title='bbox 374 1198 523 1247; x_wconf 84' lang='lat' dir='ltr'>regione</span> <span class='ocrx_word' id='word_1_189' title='bbox 558 1197 675 1247; x_wconf 87' lang='lat' dir='ltr'>prima</span> <span class='ocrx_word' id='word_1_190' title='bbox 710 1196 806 1233; x_wconf 80' lang='lat' dir='ltr'>circa</span> <span class='ocrx_word' id='word_1_191' title='bbox 834 1203 976 1246; x_wconf 87' lang='lat' dir='ltr'>portam</span> <span class='ocrx_word' id='word_1_192' title='bbox 1003 1198 1192 1247; x_wconf 84' lang='lat' dir='ltr'>Capenam</span> <span class='ocrx_word' id='word_1_193' title='bbox 1219 1195 1347 1232; x_wconf 86' lang='lat' dir='ltr'>notitia</span> <span class='ocrx_word' id='word_1_194' title='bbox 1381 1206 1461 1231; x_wconf 87' lang='lat' dir='ltr'>eam</span> <span class='ocrx_word' id='word_1_195' title='bbox 1496 1205 1554 1230; x_wconf 81' lang='lat' dir='ltr'>re·</span> 
     </span>
     <span class='ocr_line' id='line_1_20' title="bbox 101 1253 1553 1306; baseline -0.006 -8"><span class='ocrx_word' id='word_1_196' title='bbox 101 1267 238 1298; x_wconf 86' lang='lat' dir='ltr'>censet.</span> <span class='ocrx_word' id='word_1_197' title='bbox 289 1261 426 1296; x_wconf 88' lang='lat' dir='ltr'>Auctor</span> <span class='ocrx_word' id='word_1_198' title='bbox 450 1259 510 1297; x_wconf 91' lang='lat' dir='ltr'>ille</span> <span class='ocrx_word' id='word_1_199' title='bbox 536 1258 632 1297; x_wconf 88' lang='lat' dir='ltr'>idem</span> <span class='ocrx_word' id='word_1_200' title='bbox 659 1257 704 1295; x_wconf 88' lang='lat' dir='ltr'>L.</span> <span class='ocrx_word' id='word_1_201' title='bbox 727 1257 918 1295; x_wconf 87' lang='lat' dir='ltr'>Cornelius</span> <span class='ocrx_word' id='word_1_202' title='bbox 944 1258 989 1296; x_wconf 93' lang='lat' dir='ltr'>L.</span> <span class='ocrx_word' id='word_1_203' title='bbox 1012 1258 1040 1296; x_wconf 78' lang='lat' dir='ltr'>f.</span> <span class='ocrx_word' id='word_1_204' title='bbox 1063 1259 1131 1296; x_wconf 90' lang='lat' dir='ltr'>Cn.</span> <span class='ocrx_word' id='word_1_205' title='bbox 1156 1269 1192 1295; x_wconf 90' lang='lat' dir='ltr'>n.</span> <span class='ocrx_word' id='word_1_206' title='bbox 1220 1256 1344 1306; x_wconf 84' lang='lat' dir='ltr'>Scipio</span> <span class='ocrx_word' id='word_1_207' title='bbox 1369 1254 1453 1302; x_wconf 88' lang='lat' dir='ltr'>suit,</span> <span class='ocrx_word' id='word_1_208' title='bbox 1477 1253 1553 1291; x_wconf 87' lang='lat' dir='ltr'>uid.</span> 
     </span>
     <span class='ocr_line' id='line_1_21' title="bbox 100 1321 486 1369; baseline -0.003 -10"><span class='ocrx_word' id='word_1_209' title='bbox 100 1321 203 1360; x_wconf 90' lang='lat' dir='ltr'>Flor.</span> <span class='ocrx_word' id='word_1_210' title='bbox 228 1325 267 1369; x_wconf 83' lang='grc'>2,</span> <span class='ocrx_word' id='word_1_211' title='bbox 283 1324 322 1369; x_wconf 89' lang='grc'>2,</span> <span class='ocrx_word' id='word_1_212' title='bbox 345 1321 406 1369; x_wconf 83' lang='grc'>15,</span> <span class='ocrx_word' id='word_1_213' title='bbox 426 1322 486 1358; x_wconf 81' lang='grc'>16.</span> 
     </span>
    </p>

    <p class='ocr_par' dir='ltr' id='par_1_5' title="bbox 98 1377 1554 2664">
     <span class='ocr_line' id='line_1_22' title="bbox 202 1377 1554 1432; baseline -0.004 -13"><span class='ocrx_word' id='word_1_214' title='bbox 202 1382 364 1432; x_wconf 82' lang='lat' dir='ltr'>Templa</span> <span class='ocrx_word' id='word_1_215' title='bbox 390 1381 616 1419; x_wconf 86' lang='lat' dir='ltr'>Bellonae</span> <span class='ocrx_word' id='word_1_216' title='bbox 643 1389 686 1419; x_wconf 92' lang='lat' dir='ltr'>et</span> <span class='ocrx_word' id='word_1_217' title='bbox 713 1381 930 1419; x_wconf 89' lang='lat' dir='ltr'>Herculis</span> <span class='ocrx_word' id='word_1_218' title='bbox 957 1378 1176 1416; x_wconf 84' lang='lat' dir='ltr'>Custodis</span> <span class='ocrx_word' id='word_1_219' title='bbox 1203 1377 1388 1430; x_wconf 86' lang='lat' dir='ltr'>propridie</span> <span class='ocrx_word' id='word_1_220' title='bbox 1415 1383 1454 1415; x_wconf 89' lang='lat' dir='ltr'>et</span> <span class='ocrx_word' id='word_1_221' title='bbox 1477 1378 1554 1428; x_wconf 86' lang='lat' dir='ltr'>pri·</span> 
     </span>
     <span class='ocr_line' id='line_1_23' title="bbox 99 1439 1552 1491; baseline -0.004 -8"><span class='ocrx_word' id='word_1_222' title='bbox 99 1445 160 1484; x_wconf 88' lang='lat' dir='ltr'>die</span> <span class='ocrx_word' id='word_1_223' title='bbox 192 1444 291 1483; x_wconf 84' lang='lat' dir='ltr'>Non.</span> <span class='ocrx_word' id='word_1_224' title='bbox 325 1444 404 1482; x_wconf 93' lang='lat' dir='ltr'>Iun.</span> <span class='ocrx_word' id='word_1_225' title='bbox 442 1443 610 1481; x_wconf 88' lang='lat' dir='ltr'>dedicata</span> <span class='ocrx_word' id='word_1_226' title='bbox 644 1451 729 1481; x_wconf 89' lang='lat' dir='ltr'>sunt</span> <span class='ocrx_word' id='word_1_227' title='bbox 764 1443 917 1481; x_wconf 87' lang='lat' dir='ltr'>testibus</span> <span class='ocrx_word' id='word_1_228' title='bbox 953 1440 1088 1480; x_wconf 89' lang='lat' dir='ltr'>Ouidio</span> <span class='ocrx_word' id='word_1_229' title='bbox 1123 1448 1161 1479; x_wconf 91' lang='lat' dir='ltr'>et</span> <span class='ocrx_word' id='word_1_230' title='bbox 1197 1440 1319 1491; x_wconf 85' lang='lat' dir='ltr'>lapide</span> <span class='ocrx_word' id='word_1_231' title='bbox 1346 1439 1552 1479; x_wconf 86' lang='lat' dir='ltr'>Venusino.</span> 
     </span>
     <span class='ocr_line' id='line_1_24' title="bbox 99 1502 1552 1557; baseline -0.005 -12"><span class='ocrx_word' id='word_1_232' title='bbox 99 1508 262 1546; x_wconf 87' lang='lat' dir='ltr'>Alterum</span> <span class='ocrx_word' id='word_1_233' title='bbox 288 1507 376 1543; x_wconf 88' lang='lat' dir='ltr'>secit</span> <span class='ocrx_word' id='word_1_234' title='bbox 401 1507 540 1557; x_wconf 82' lang='lat' dir='ltr'>Appius</span> <span class='ocrx_word' id='word_1_235' title='bbox 568 1506 742 1543; x_wconf 89' lang='lat' dir='ltr'>Claudius</span> <span class='ocrx_word' id='word_1_236' title='bbox 769 1506 935 1552; x_wconf 85' lang='lat' dir='ltr'>Caecus,</span> <span class='ocrx_word' id='word_1_237' title='bbox 972 1515 1046 1540; x_wconf 91' lang='lat' dir='ltr'>non</span> <span class='ocrx_word' id='word_1_238' title='bbox 1072 1503 1108 1540; x_wconf 91' lang='lat' dir='ltr'>in</span> <span class='ocrx_word' id='word_1_239' title='bbox 1135 1515 1290 1541; x_wconf 86' lang='lat' dir='ltr'>censura</span> <span class='ocrx_word' id='word_1_240' title='bbox 1316 1503 1402 1540; x_wconf 86' lang='lat' dir='ltr'>anni</span> <span class='ocrx_word' id='word_1_241' title='bbox 1429 1502 1476 1539; x_wconf 89' lang='lat' dir='ltr'>V.</span> <span class='ocrx_word' id='word_1_242' title='bbox 1505 1502 1552 1539; x_wconf 90' lang='lat' dir='ltr'>C.</span> 
     </span>
     <span class='ocr_line' id='line_1_25' title="bbox 100 1564 1551 1618; baseline -0.005 -12"><span class='ocrx_word' id='word_1_243' title='bbox 100 1571 196 1618; x_wconf 80' lang='lat'>442,</span> <span class='ocrx_word' id='word_1_244' title='bbox 223 1569 274 1606; x_wconf 92' lang='lat' dir='ltr'>uti</span> <span class='ocrx_word' id='word_1_245' title='bbox 300 1569 415 1605; x_wconf 84' lang='lat' dir='ltr'>uideri</span> <span class='ocrx_word' id='word_1_246' title='bbox 440 1568 552 1618; x_wconf 86' lang='lat' dir='ltr'>possit</span> <span class='ocrx_word' id='word_1_247' title='bbox 576 1566 776 1605; x_wconf 86' lang='lat' dir='ltr'>secundum</span> <span class='ocrx_word' id='word_1_248' title='bbox 802 1566 959 1616; x_wconf 88' lang='lat' dir='ltr'>lapidem</span> <span class='ocrx_word' id='word_1_249' title='bbox 987 1566 1210 1614; x_wconf 89' lang='lat' dir='ltr'>litteratum,</span> <span class='ocrx_word' id='word_1_250' title='bbox 1238 1577 1346 1615; x_wconf 90' lang='lat' dir='ltr'>quem</span> <span class='ocrx_word' id='word_1_251' title='bbox 1372 1564 1551 1613; x_wconf 87' lang='lat' dir='ltr'>interpre-</span> 
     </span>
     <span class='ocr_line' id='line_1_26' title="bbox 101 1626 1552 1678; baseline -0.005 -10"><span class='ocrx_word' id='word_1_252' title='bbox 101 1638 199 1669; x_wconf 85' lang='lat' dir='ltr'>tatur</span> <span class='ocrx_word' id='word_1_253' title='bbox 222 1630 429 1668; x_wconf 80' lang='lat' dir='ltr'>Morceuius</span> <span class='ocrx_word' id='word_1_254' title='bbox 454 1628 500 1666; x_wconf 87' lang='lat' dir='ltr'>de</span> <span class='ocrx_word' id='word_1_255' title='bbox 525 1630 606 1666; x_wconf 90' lang='lat' dir='ltr'>stilo</span> <span class='ocrx_word' id='word_1_256' title='bbox 633 1629 739 1666; x_wconf 89' lang='lat' dir='ltr'>inser.</span> <span class='ocrx_word' id='word_1_257' title='bbox 769 1632 806 1676; x_wconf 89' lang='lat'>1,</span> <span class='ocrx_word' id='word_1_258' title='bbox 833 1641 871 1678; x_wconf 89' lang='lat' dir='ltr'>p.</span> <span class='ocrx_word' id='word_1_259' title='bbox 891 1630 980 1676; x_wconf 85' lang='lat'>263,</span> <span class='ocrx_word' id='word_1_260' title='bbox 1008 1626 1074 1664; x_wconf 87' lang='lat' dir='ltr'>cfr.</span> <span class='ocrx_word' id='word_1_261' title='bbox 1102 1627 1281 1664; x_wconf 86' lang='lat' dir='ltr'>Niebuhr.</span> <span class='ocrx_word' id='word_1_262' title='bbox 1310 1626 1392 1662; x_wconf 89' lang='lat' dir='ltr'>hist.</span> <span class='ocrx_word' id='word_1_263' title='bbox 1413 1626 1486 1665; x_wconf 86' lang='lat' dir='ltr'>Ro.</span> <span class='ocrx_word' id='word_1_264' title='bbox 1512 1627 1552 1672; x_wconf 82' lang='grc'>3,</span> 
     </span>
     <span class='ocr_line' id='line_1_27' title="bbox 101 1687 1551 1743; baseline -0.004 -14"><span class='ocrx_word' id='word_1_265' title='bbox 101 1706 141 1743; x_wconf 84' lang='lat' dir='ltr'>p.</span> <span class='ocrx_word' id='word_1_266' title='bbox 157 1695 254 1737; x_wconf 80' lang='lat'>430,</span> <span class='ocrx_word' id='word_1_267' title='bbox 279 1691 344 1728; x_wconf 86' lang='lat' dir='ltr'>sed</span> <span class='ocrx_word' id='word_1_268' title='bbox 369 1697 454 1742; x_wconf 85' lang='lat' dir='ltr'>post</span> <span class='ocrx_word' id='word_1_269' title='bbox 478 1702 614 1728; x_wconf 85' lang='lat' dir='ltr'>annum</span> <span class='ocrx_word' id='word_1_270' title='bbox 640 1691 740 1739; x_wconf 79' lang='lat'>456,</span> <span class='ocrx_word' id='word_1_271' title='bbox 765 1702 840 1739; x_wconf 92' lang='lat' dir='ltr'>quo</span> <span class='ocrx_word' id='word_1_272' title='bbox 868 1696 993 1727; x_wconf 86' lang='lat' dir='ltr'>uotum</span> <span class='ocrx_word' id='word_1_273' title='bbox 1021 1695 1191 1726; x_wconf 84' lang='lat' dir='ltr'>narratur</span> <span class='ocrx_word' id='word_1_274' title='bbox 1217 1699 1239 1724; x_wconf 91' lang='lat' dir='ltr'>a</span> <span class='ocrx_word' id='word_1_275' title='bbox 1264 1687 1371 1724; x_wconf 85' lang='lat' dir='ltr'>Liuio</span> <span class='ocrx_word' id='word_1_276' title='bbox 1399 1690 1461 1735; x_wconf 88' lang='grc'>10,</span> <span class='ocrx_word' id='word_1_277' title='bbox 1490 1688 1551 1723; x_wconf 87' lang='grc'>19.</span> 
     </span>
     <span class='ocr_line' id='line_1_28' title="bbox 100 1748 1551 1802; baseline -0.006 -10"><span class='ocrx_word' id='word_1_278' title='bbox 100 1754 260 1802; x_wconf 88' lang='lat' dir='ltr'>Plinius,</span> <span class='ocrx_word' id='word_1_279' title='bbox 294 1765 403 1802; x_wconf 86' lang='lat' dir='ltr'>quem</span> <span class='ocrx_word' id='word_1_280' title='bbox 430 1752 513 1790; x_wconf 90' lang='lat' dir='ltr'>uide</span> <span class='ocrx_word' id='word_1_281' title='bbox 538 1760 613 1790; x_wconf 91' lang='lat' dir='ltr'>nat.</span> <span class='ocrx_word' id='word_1_282' title='bbox 641 1751 723 1789; x_wconf 88' lang='lat' dir='ltr'>hist.</span> <span class='ocrx_word' id='word_1_283' title='bbox 751 1753 815 1799; x_wconf 79' lang='lat'>35,</span> <span class='ocrx_word' id='word_1_284' title='bbox 841 1754 877 1795; x_wconf 87' lang='grc'>3,</span> <span class='ocrx_word' id='word_1_285' title='bbox 906 1754 928 1798; x_wconf 84' lang='lat'>§</span> <span class='ocrx_word' id='word_1_286' title='bbox 951 1755 1011 1795; x_wconf 89' lang='lat'>12,</span> <span class='ocrx_word' id='word_1_287' title='bbox 1037 1750 1193 1787; x_wconf 83' lang='lat' dir='ltr'>sortasse</span> <span class='ocrx_word' id='word_1_288' title='bbox 1218 1748 1255 1786; x_wconf 89' lang='lat' dir='ltr'>id</span> <span class='ocrx_word' id='word_1_289' title='bbox 1281 1749 1455 1786; x_wconf 81' lang='lat' dir='ltr'>traditum</span> <span class='ocrx_word' id='word_1_290' title='bbox 1482 1748 1551 1785; x_wconf 90' lang='lat' dir='ltr'>ali-</span> 
     </span>
     <span class='ocr_line' id='line_1_29' title="bbox 101 1809 1550 1862; baseline -0.006 -9"><span class='ocrx_word' id='word_1_291' title='bbox 101 1817 185 1854; x_wconf 92' lang='lat' dir='ltr'>cubi</span> <span class='ocrx_word' id='word_1_292' title='bbox 210 1816 349 1852; x_wconf 88' lang='lat' dir='ltr'>inuenit</span> <span class='ocrx_word' id='word_1_293' title='bbox 374 1826 470 1850; x_wconf 91' lang='lat' dir='ltr'>anno</span> <span class='ocrx_word' id='word_1_294' title='bbox 489 1814 576 1850; x_wconf 80' lang='lat'>459.</span> <span class='ocrx_word' id='word_1_295' title='bbox 617 1814 783 1850; x_wconf 90' lang='lat' dir='ltr'>Herculis</span> <span class='ocrx_word' id='word_1_296' title='bbox 809 1813 935 1862; x_wconf 88' lang='lat' dir='ltr'>templi</span> <span class='ocrx_word' id='word_1_297' title='bbox 961 1812 1145 1849; x_wconf 88' lang='lat' dir='ltr'>historiam</span> <span class='ocrx_word' id='word_1_298' title='bbox 1164 1812 1262 1848; x_wconf 90' lang='lat' dir='ltr'>solus</span> <span class='ocrx_word' id='word_1_299' title='bbox 1285 1809 1438 1847; x_wconf 82' lang='lat' dir='ltr'>Ouidius</span> <span class='ocrx_word' id='word_1_300' title='bbox 1463 1820 1550 1858; x_wconf 88' lang='lat' dir='ltr'>pro-</span> 
     </span>
     <span class='ocr_line' id='line_1_30' title="bbox 101 1870 1549 1925; baseline -0.004 -11"><span class='ocrx_word' id='word_1_301' title='bbox 101 1878 169 1925; x_wconf 88' lang='lat' dir='ltr'>dit,</span> <span class='ocrx_word' id='word_1_302' title='bbox 196 1876 382 1914; x_wconf 84' lang='lat' dir='ltr'>decretum</span> <span class='ocrx_word' id='word_1_303' title='bbox 408 1875 518 1912; x_wconf 87' lang='lat' dir='ltr'>fuisse</span> <span class='ocrx_word' id='word_1_304' title='bbox 543 1886 587 1911; x_wconf 82' lang='lat' dir='ltr'>ex</span> <span class='ocrx_word' id='word_1_305' title='bbox 612 1875 710 1911; x_wconf 90' lang='lat' dir='ltr'>iussu</span> <span class='ocrx_word' id='word_1_306' title='bbox 736 1875 907 1911; x_wconf 87' lang='lat' dir='ltr'>librorum</span> <span class='ocrx_word' id='word_1_307' title='bbox 926 1872 1200 1920; x_wconf 79' lang='lat' dir='ltr'>Sibyllinorum,</span> <span class='ocrx_word' id='word_1_308' title='bbox 1227 1870 1429 1920; x_wconf 87' lang='lat' dir='ltr'>perfectum</span> <span class='ocrx_word' id='word_1_309' title='bbox 1456 1882 1477 1907; x_wconf 87' lang='lat' dir='ltr'>a</span> <span class='ocrx_word' id='word_1_310' title='bbox 1503 1870 1549 1908; x_wconf 93' lang='lat' dir='ltr'>L.</span> 
     </span>
     <span class='ocr_line' id='line_1_31' title="bbox 100 1932 1550 1985; baseline -0.006 -9"><span class='ocrx_word' id='word_1_311' title='bbox 100 1939 206 1977; x_wconf 89' lang='lat' dir='ltr'>Sulla</span> <span class='ocrx_word' id='word_1_312' title='bbox 230 1937 428 1974; x_wconf 87' lang='lat' dir='ltr'>dictatore:</span> <span class='ocrx_word' id='word_1_313' title='bbox 453 1949 496 1973; x_wconf 87' lang='lat' dir='ltr'>ea</span> <span class='ocrx_word' id='word_1_314' title='bbox 521 1936 615 1973; x_wconf 88' lang='lat' dir='ltr'>enim</span> <span class='ocrx_word' id='word_1_315' title='bbox 644 1943 823 1985; x_wconf 82' lang='lat' dir='ltr'>potestate</span> <span class='ocrx_word' id='word_1_316' title='bbox 848 1934 1020 1984; x_wconf 73' lang='lat' dir='ltr'>probasse</span> <span class='ocrx_word' id='word_1_317' title='bbox 1044 1933 1208 1981; x_wconf 87' lang='lat' dir='ltr'>uidetur,</span> <span class='ocrx_word' id='word_1_318' title='bbox 1236 1932 1334 1982; x_wconf 87' lang='lat' dir='ltr'>quod</span> <span class='ocrx_word' id='word_1_319' title='bbox 1361 1944 1550 1969; x_wconf 87' lang='lat' dir='ltr'>censorum</span> 
     </span>
     <span class='ocr_line' id='line_1_32' title="bbox 100 1995 1552 2048; baseline -0.006 -10"><span class='ocrx_word' id='word_1_320' title='bbox 100 2001 190 2038; x_wconf 88' lang='lat' dir='ltr'>alias</span> <span class='ocrx_word' id='word_1_321' title='bbox 212 2000 293 2048; x_wconf 83' lang='lat' dir='ltr'>suit,</span> <span class='ocrx_word' id='word_1_322' title='bbox 319 1999 401 2035; x_wconf 91' lang='lat' dir='ltr'>Liu.</span> <span class='ocrx_word' id='word_1_323' title='bbox 431 2000 469 2047; x_wconf 89' lang='lat'>4,</span> <span class='ocrx_word' id='word_1_324' title='bbox 496 2000 559 2035; x_wconf 89' lang='grc'>22.</span> <span class='ocrx_word' id='word_1_325' title='bbox 611 1997 668 2033; x_wconf 93' lang='lat' dir='ltr'>De</span> <span class='ocrx_word' id='word_1_326' title='bbox 697 1997 778 2034; x_wconf 89' lang='lat' dir='ltr'>loco</span> <span class='ocrx_word' id='word_1_327' title='bbox 813 1997 939 2033; x_wconf 86' lang='lat' dir='ltr'>harum</span> <span class='ocrx_word' id='word_1_328' title='bbox 978 1995 1119 2032; x_wconf 88' lang='lat' dir='ltr'>aedium</span> <span class='ocrx_word' id='word_1_329' title='bbox 1148 2006 1299 2042; x_wconf 85' lang='lat' dir='ltr'>uereor,</span> <span class='ocrx_word' id='word_1_330' title='bbox 1335 2001 1375 2031; x_wconf 88' lang='lat' dir='ltr'>ut</span> <span class='ocrx_word' id='word_1_331' title='bbox 1401 2005 1552 2031; x_wconf 87' lang='lat' dir='ltr'>accura-</span> 
     </span>
     <span class='ocr_line' id='line_1_33' title="bbox 100 2056 1550 2112; baseline -0.006 -12"><span class='ocrx_word' id='word_1_332' title='bbox 100 2063 171 2100; x_wconf 85' lang='lat' dir='ltr'>tius</span> <span class='ocrx_word' id='word_1_333' title='bbox 197 2062 282 2112; x_wconf 88' lang='lat' dir='ltr'>quid</span> <span class='ocrx_word' id='word_1_334' title='bbox 309 2062 391 2099; x_wconf 90' lang='lat' dir='ltr'>sciri</span> <span class='ocrx_word' id='word_1_335' title='bbox 416 2061 545 2111; x_wconf 86' lang='lat' dir='ltr'>possit,</span> <span class='ocrx_word' id='word_1_336' title='bbox 572 2071 681 2108; x_wconf 85' lang='lat' dir='ltr'>quam</span> <span class='ocrx_word' id='word_1_337' title='bbox 702 2058 901 2105; x_wconf 58' lang='lat' dir='ltr'>auouidio</span> <span class='ocrx_word' id='word_1_338' title='bbox 929 2057 1096 2105; x_wconf 87' lang='lat' dir='ltr'>traditur,</span> <span class='ocrx_word' id='word_1_339' title='bbox 1124 2056 1222 2106; x_wconf 88' lang='lat' dir='ltr'>apud</span> <span class='ocrx_word' id='word_1_340' title='bbox 1243 2068 1350 2106; x_wconf 89' lang='lat' dir='ltr'>quem</span> <span class='ocrx_word' id='word_1_341' title='bbox 1372 2056 1437 2093; x_wconf 90' lang='lat' dir='ltr'>etsi</span> <span class='ocrx_word' id='word_1_342' title='bbox 1461 2068 1550 2105; x_wconf 88' lang='lat' dir='ltr'>pro-</span> 
     </span>
     <span class='ocr_line' id='line_1_34' title="bbox 99 2118 1550 2169; baseline -0.006 -8"><span class='ocrx_word' id='word_1_343' title='bbox 99 2125 254 2162; x_wconf 85' lang='lat' dir='ltr'>babilius</span> <span class='ocrx_word' id='word_1_344' title='bbox 279 2130 335 2160; x_wconf 88' lang='lat' dir='ltr'>est</span> <span class='ocrx_word' id='word_1_345' title='bbox 360 2134 539 2159; x_wconf 73' lang='lat' dir='ltr'>suinmum</span> <span class='ocrx_word' id='word_1_346' title='bbox 568 2121 708 2158; x_wconf 59' lang='lat' dir='ltr'>circum</span> <span class='ocrx_word' id='word_1_347' title='bbox 737 2133 772 2157; x_wconf 88' lang='lat' dir='ltr'>u.</span> <span class='ocrx_word' id='word_1_348' title='bbox 792 2120 866 2156; x_wconf 83' lang='lat'>205</span> <span class='ocrx_word' id='word_1_349' title='bbox 902 2119 1104 2169; x_wconf 82' lang='lat' dir='ltr'>significare</span> <span class='ocrx_word' id='word_1_350' title='bbox 1138 2126 1279 2168; x_wconf 89' lang='lat' dir='ltr'>partem</span> <span class='ocrx_word' id='word_1_351' title='bbox 1315 2118 1550 2166; x_wconf 83' lang='lat' dir='ltr'>anteriorem,</span> 
     </span>
     <span class='ocr_line' id='line_1_35' title="bbox 100 2179 1551 2234; baseline -0.006 -12"><span class='ocrx_word' id='word_1_352' title='bbox 100 2191 228 2222; x_wconf 88' lang='lat' dir='ltr'>contra</span> <span class='ocrx_word' id='word_1_353' title='bbox 255 2190 366 2234; x_wconf 92' lang='lat' dir='ltr'>atque</span> <span class='ocrx_word' id='word_1_354' title='bbox 388 2182 539 2220; x_wconf 85' lang='lat' dir='ltr'>Sachsio</span> <span class='ocrx_word' id='word_1_355' title='bbox 564 2182 685 2232; x_wconf 85' lang='lat' dir='ltr'>placet</span> <span class='ocrx_word' id='word_1_356' title='bbox 704 2186 738 2227; x_wconf 95' lang='lat' dir='ltr'>l,</span> <span class='ocrx_word' id='word_1_357' title='bbox 759 2195 798 2233; x_wconf 92' lang='lat' dir='ltr'>p.</span> <span class='ocrx_word' id='word_1_358' title='bbox 816 2184 903 2228; x_wconf 82' lang='lat'>402,</span> <span class='ocrx_word' id='word_1_359' title='bbox 931 2188 1053 2218; x_wconf 86' lang='lat' dir='ltr'>tamen</span> <span class='ocrx_word' id='word_1_360' title='bbox 1081 2181 1311 2231; x_wconf 88' lang='lat' dir='ltr'>quantumuis</span> <span class='ocrx_word' id='word_1_361' title='bbox 1336 2180 1429 2215; x_wconf 88' lang='lat' dir='ltr'>notis</span> <span class='ocrx_word' id='word_1_362' title='bbox 1455 2179 1551 2215; x_wconf 86' lang='lat' dir='ltr'>Circi</span> 
     </span>
     <span class='ocr_line' id='line_1_36' title="bbox 98 2241 1547 2293; baseline -0.006 -9"><span class='ocrx_word' id='word_1_363' title='bbox 98 2247 267 2284; x_wconf 86' lang='lat' dir='ltr'>Flaminii</span> <span class='ocrx_word' id='word_1_364' title='bbox 290 2246 421 2283; x_wconf 84' lang='lat' dir='ltr'>finibus</span> <span class='ocrx_word' id='word_1_365' title='bbox 439 2244 637 2281; x_wconf 86' lang='lat' dir='ltr'>secundum</span> <span class='ocrx_word' id='word_1_366' title='bbox 658 2256 734 2292; x_wconf 85' lang='lat' dir='ltr'>eos,</span> <span class='ocrx_word' id='word_1_367' title='bbox 762 2256 852 2293; x_wconf 90' lang='lat' dir='ltr'>quos</span> <span class='ocrx_word' id='word_1_368' title='bbox 870 2243 1052 2279; x_wconf 88' lang='lat' dir='ltr'>Nardinus</span> <span class='ocrx_word' id='word_1_369' title='bbox 1073 2246 1094 2278; x_wconf 81' lang='lat'><strong>3</strong></span> <span class='ocrx_word' id='word_1_370' title='bbox 1115 2256 1151 2292; x_wconf 82' lang='lat' dir='ltr'>p.</span> <span class='ocrx_word' id='word_1_371' title='bbox 1168 2245 1214 2277; x_wconf 86' lang='lat'>21</span> <span class='ocrx_word' id='word_1_372' title='bbox 1235 2241 1396 2289; x_wconf 86' lang='lat' dir='ltr'>adhibet,</span> <span class='ocrx_word' id='word_1_373' title='bbox 1424 2246 1547 2284; x_wconf 88' lang='lat' dir='ltr'>testes,</span> 
     </span>
     <span class='ocr_line' id='line_1_37' title="bbox 100 2300 1548 2357; baseline -0.006 -12"><span class='ocrx_word' id='word_1_374' title='bbox 100 2308 219 2346; x_wconf 73' lang='lat' dir='ltr'>ulem-a</span> <span class='ocrx_word' id='word_1_375' title='bbox 242 2319 334 2357; x_wconf 78' lang='lat' dir='ltr'>pars</span> <span class='ocrx_word' id='word_1_376' title='bbox 360 2320 396 2343; x_wconf 93' lang='lat' dir='ltr'>u.</span> <span class='ocrx_word' id='word_1_377' title='bbox 418 2308 494 2343; x_wconf 80' lang='grc'>209</span> <span class='ocrx_word' id='word_1_378' title='bbox 519 2306 657 2352; x_wconf 64' lang='lat' dir='ltr'>nibus,</span> <span class='ocrx_word' id='word_1_379' title='bbox 685 2305 744 2341; x_wconf 92' lang='lat' dir='ltr'>uel</span> <span class='ocrx_word' id='word_1_380' title='bbox 771 2311 929 2354; x_wconf 86' lang='lat' dir='ltr'>quatuor</span> <span class='ocrx_word' id='word_1_381' title='bbox 955 2305 1068 2342; x_wconf 84' lang='lat' dir='ltr'>modis</span> <span class='ocrx_word' id='word_1_382' title='bbox 1095 2304 1243 2352; x_wconf 80' lang='lat' dir='ltr'>intelligi</span> <span class='ocrx_word' id='word_1_383' title='bbox 1269 2309 1411 2353; x_wconf 84' lang='lat' dir='ltr'>potest,</span> <span class='ocrx_word' id='word_1_384' title='bbox 1437 2302 1467 2338; x_wconf 93' lang='lat' dir='ltr'>si</span> <span class='ocrx_word' id='word_1_385' title='bbox 1493 2300 1548 2337; x_wconf 88' lang='lat' dir='ltr'>di-</span> 
     </span>
     <span class='ocr_line' id='line_1_38' title="bbox 99 2364 1550 2418; baseline -0.005 -12"><span class='ocrx_word' id='word_1_386' title='bbox 99 2369 284 2418; x_wconf 80' lang='lat' dir='ltr'>stinguas,</span> <span class='ocrx_word' id='word_1_387' title='bbox 311 2369 363 2406; x_wconf 90' lang='lat' dir='ltr'>uti</span> <span class='ocrx_word' id='word_1_388' title='bbox 387 2374 513 2406; x_wconf 89' lang='lat' dir='ltr'>monet</span> <span class='ocrx_word' id='word_1_389' title='bbox 538 2366 710 2404; x_wconf 89' lang='lat' dir='ltr'>Sachsius</span> <span class='ocrx_word' id='word_1_390' title='bbox 737 2379 773 2416; x_wconf 89' lang='lat' dir='ltr'>p.</span> <span class='ocrx_word' id='word_1_391' title='bbox 792 2368 867 2403; x_wconf 83' lang='lat'>528</span> <span class='ocrx_word' id='word_1_392' title='bbox 896 2373 933 2404; x_wconf 91' lang='lat' dir='ltr'>et</span> <span class='ocrx_word' id='word_1_393' title='bbox 958 2368 1055 2413; x_wconf 81' lang='lat'>539,</span> <span class='ocrx_word' id='word_1_394' title='bbox 1081 2365 1275 2402; x_wconf 86' lang='lat' dir='ltr'>Herculem</span> <span class='ocrx_word' id='word_1_395' title='bbox 1301 2364 1486 2401; x_wconf 86' lang='lat' dir='ltr'>Musarum</span> <span class='ocrx_word' id='word_1_396' title='bbox 1512 2367 1550 2400; x_wconf 88' lang='lat' dir='ltr'>et</span> 
     </span>
     <span class='ocr_line' id='line_1_39' title="bbox 100 2423 1548 2479; baseline -0.006 -11"><span class='ocrx_word' id='word_1_397' title='bbox 100 2429 314 2479; x_wconf 83' lang='lat' dir='ltr'>Custodem,</span> <span class='ocrx_word' id='word_1_398' title='bbox 339 2441 413 2467; x_wconf 86' lang='lat' dir='ltr'>non</span> <span class='ocrx_word' id='word_1_399' title='bbox 434 2423 651 2477; x_wconf 78' lang='lat' dir='ltr'>confun‘das‚</span> <span class='ocrx_word' id='word_1_400' title='bbox 678 2429 731 2465; x_wconf 88' lang='lat' dir='ltr'>uti</span> <span class='ocrx_word' id='word_1_401' title='bbox 747 2428 842 2465; x_wconf 86' lang='lat' dir='ltr'>idem</span> <span class='ocrx_word' id='word_1_402' title='bbox 863 2428 948 2465; x_wconf 84' lang='lat' dir='ltr'>fecit</span> <span class='ocrx_word' id='word_1_403' title='bbox 963 2441 1001 2477; x_wconf 88' lang='lat' dir='ltr'>p.</span> <span class='ocrx_word' id='word_1_404' title='bbox 1018 2429 1105 2464; x_wconf 86' lang='lat'>402.</span> <span class='ocrx_word' id='word_1_405' title='bbox 1147 2426 1180 2463; x_wconf 88' lang='lat' dir='ltr'>Is</span> <span class='ocrx_word' id='word_1_406' title='bbox 1199 2425 1372 2463; x_wconf 88' lang='lat' dir='ltr'>Hercules</span> <span class='ocrx_word' id='word_1_407' title='bbox 1392 2425 1548 2473; x_wconf 81' lang='lat' dir='ltr'>Magnus</span> 
     </span>
     <span class='ocr_line' id='line_1_40' title="bbox 101 2484 1546 2538; baseline -0.006 -8"><span class='ocrx_word' id='word_1_408' title='bbox 101 2491 233 2530; x_wconf 86' lang='lat' dir='ltr'>Custos</span> <span class='ocrx_word' id='word_1_409' title='bbox 258 2493 294 2529; x_wconf 89' lang='lat' dir='ltr'>in</span> <span class='ocrx_word' id='word_1_410' title='bbox 316 2491 424 2529; x_wconf 89' lang='lat' dir='ltr'>Circo</span> <span class='ocrx_word' id='word_1_411' title='bbox 443 2490 639 2538; x_wconf 85' lang='lat' dir='ltr'>Flaminio,</span> <span class='ocrx_word' id='word_1_412' title='bbox 664 2502 737 2527; x_wconf 90' lang='lat' dir='ltr'>non</span> <span class='ocrx_word' id='word_1_413' title='bbox 763 2490 858 2526; x_wconf 90' lang='lat' dir='ltr'>Circi</span> <span class='ocrx_word' id='word_1_414' title='bbox 883 2489 1064 2536; x_wconf 83' lang='lat' dir='ltr'>Flaminii,</span> <span class='ocrx_word' id='word_1_415' title='bbox 1091 2488 1143 2525; x_wconf 89' lang='lat' dir='ltr'>uti</span> <span class='ocrx_word' id='word_1_416' title='bbox 1170 2486 1267 2538; x_wconf 89' lang='lat' dir='ltr'>apud</span> <span class='ocrx_word' id='word_1_417' title='bbox 1293 2486 1335 2524; x_wconf 90' lang='lat' dir='ltr'>P.</span> <span class='ocrx_word' id='word_1_418' title='bbox 1359 2484 1546 2524; x_wconf 90' lang='lat' dir='ltr'>Victorem</span> 
     </span>
     <span class='ocr_line' id='line_1_41' title="bbox 101 2546 1546 2603; baseline -0.004 -15"><span class='ocrx_word' id='word_1_419' title='bbox 101 2558 179 2600; x_wconf 79' lang='lat' dir='ltr'>est,</span> <span class='ocrx_word' id='word_1_420' title='bbox 202 2553 238 2590; x_wconf 90' lang='lat' dir='ltr'>in</span> <span class='ocrx_word' id='word_1_421' title='bbox 264 2553 343 2603; x_wconf 90' lang='lat' dir='ltr'>ipso</span> <span class='ocrx_word' id='word_1_422' title='bbox 368 2563 549 2590; x_wconf 88' lang='lat' dir='ltr'>marmore</span> <span class='ocrx_word' id='word_1_423' title='bbox 576 2552 860 2602; x_wconf 79' lang='lat' dir='ltr'>Capranicorum</span> <span class='ocrx_word' id='word_1_424' title='bbox 890 2550 982 2601; x_wconf 89' lang='lat' dir='ltr'>prid.</span> <span class='ocrx_word' id='word_1_425' title='bbox 1008 2549 1062 2587; x_wconf 90' lang='lat' dir='ltr'>ld.</span> <span class='ocrx_word' id='word_1_426' title='bbox 1089 2552 1183 2599; x_wconf 71' lang='lat' dir='ltr'>Aug.</span> <span class='ocrx_word' id='word_1_427' title='bbox 1208 2559 1407 2599; x_wconf 88' lang='lat' dir='ltr'>perperam</span> <span class='ocrx_word' id='word_1_428' title='bbox 1434 2546 1546 2583; x_wconf 88' lang='lat' dir='ltr'>ascri-</span> 
     </span>
     <span class='ocr_line' id='line_1_42' title="bbox 105 2611 1124 2664; baseline -0.002 -15"><span class='ocrx_word' id='word_1_429' title='bbox 105 2612 201 2650; x_wconf 85' lang='lat' dir='ltr'>bitur</span> <span class='ocrx_word' id='word_1_430' title='bbox 223 2627 292 2664; x_wconf 86' lang='lat' dir='ltr'>pro</span> <span class='ocrx_word' id='word_1_431' title='bbox 321 2616 477 2652; x_wconf 86' lang='lat' dir='ltr'>Hercule</span> <span class='ocrx_word' id='word_1_432' title='bbox 501 2614 640 2651; x_wconf 90' lang='lat' dir='ltr'>Inuicto</span> <span class='ocrx_word' id='word_1_433' title='bbox 666 2612 714 2651; x_wconf 91' lang='lat' dir='ltr'>ad</span> <span class='ocrx_word' id='word_1_434' title='bbox 741 2611 890 2651; x_wconf 88' lang='lat' dir='ltr'>Circum</span> <span class='ocrx_word' id='word_1_435' title='bbox 916 2612 1124 2649; x_wconf 75' lang='lat' dir='ltr'>Maximum.</span> 
     </span>
    </p>

    <p class='ocr_par' dir='ltr' id='par_1_6' title="bbox 205 2671 1548 2725">
     <span class='ocr_line' id='line_1_43' title="bbox 205 2671 1548 2725; baseline -0.005 -12"><span class='ocrx_word' id='word_1_436' title='bbox 205 2674 262 2714; x_wconf 89' lang='lat' dir='ltr'>De</span> <span class='ocrx_word' id='word_1_437' title='bbox 287 2676 505 2715; x_wconf 88' lang='lat' dir='ltr'>Semonis</span> <span class='ocrx_word' id='word_1_438' title='bbox 539 2676 687 2714; x_wconf 84' lang='lat' dir='ltr'>Sanci</span> <span class='ocrx_word' id='word_1_439' title='bbox 722 2674 859 2725; x_wconf 88' lang='lat' dir='ltr'>templo</span> <span class='ocrx_word' id='word_1_440' title='bbox 893 2675 922 2711; x_wconf 83' lang='lat' dir='ltr'>si</span> <span class='ocrx_word' id='word_1_441' title='bbox 950 2673 1102 2712; x_wconf 85' lang='lat' dir='ltr'>Ouidius</span> <span class='ocrx_word' id='word_1_442' title='bbox 1130 2672 1307 2711; x_wconf 90' lang='lat' dir='ltr'>consuluit</span> <span class='ocrx_word' id='word_1_443' title='bbox 1332 2671 1548 2716; x_wconf 80' lang='lat' dir='ltr'>Varronem,</span> 
     </span>
    </p>
   </div>
  </div>
 </body>
</html>
