1685 2954
94 101 296 132 CXXXVIII
603 101 661 131 DE
689 102 872 133 AEvas
901 76 1044 135 SAcms

94 204 230 242 tionem
255 203 439 249 omittam3
464 201 550 238 satis
577 201 672 239 enim
696 204 843 254 copiose
867 202 915 242 de
940 204 1006 242 illis
1032 216 1069 242 u.
1097 202 1136 241 d.
1162 202 1451 243 Vratislauiensis
1476 218 1535 245 re-

93 267 187 304 tulit.
238 265 437 314 Templum
463 264 573 317 igitur
596 263 732 308 Vestae
755 265 790 300 in
817 264 899 302 soro
924 266 1028 315 ponit
1051 265 1243 314 Dionysius
1270 269 1309 314 2,
1335 267 1404 303 662
1429 279 1452 305 e
1476 280 1534 306 re-

92 327 202 377 gione
228 325 354 375 templi
380 324 592 374 Vespasiani
618 330 656 362 et
675 325 900 363 Concordiae
926 326 1064 364 Statius
1089 327 1168 364 silu.
1189 331 1227 374 1,
1244 331 1280 375 1,
1298 327 1367 364 35:
1393 328 1429 364 in
1455 328 1534 366 imis

91 387 272 424 radicibus
307 386 461 422 Palatini
495 387 626 423 montis
654 387 822 424 Horatius
857 399 967 424 carm.
997 392 1034 436 1,
1057 392 1096 436 2,
1120 390 1183 428 16.
1235 389 1374 425 Atrium
1400 389 1535 428 Vestae

89 448 177 498 quid
202 447 315 484 suerit
341 446 504 491 aedificii,
531 447 566 483 in
593 460 666 498 quo
684 448 849 485 Vestales
872 447 1052 486 habitasse
1077 457 1217 487 constat
1242 463 1286 488 ex
1304 451 1401 487 Gell.
1420 453 1456 497 1,
1472 453 1534 496 12,

88 508 187 545 Plin.
215 520 302 558 epp.
327 510 366 555 7,
395 509 457 554 19,
493 509 652 559 inprimis
679 510 863 559 templone
889 516 1085 546 astructum
1119 511 1230 549 fuerit
1255 524 1392 560 necne,
1430 517 1535 548 uetus

89 576 145 606 est
170 569 224 606 lis.
275 567 528 606 Ambroscbius
552 570 756 607 adhaesisse
781 570 900 619 potius
929 571 1106 608 existimat
1131 585 1170 622 p.
1191 574 1255 621 35,
1281 575 1330 609 36
1355 579 1393 610 et
1418 584 1535 622 prope

89 630 242 668 ridicule
267 630 355 667 illud
383 643 455 667 non
482 638 582 680 ante,
607 631 671 668 sed
699 643 796 680 pone
821 628 996 680 tempium
1022 632 1138 682 (quod
1160 646 1182 670 a
1202 634 1283 671 soro
1306 633 1442 670 aditum
1467 632 1533 670 ha-

85 692 206 729 buisse
222 704 369 729 necesse
391 694 463 740 est)
489 693 592 742 ponit
617 705 656 741 p.
674 693 759 735 104,
784 691 831 727 ob
853 703 996 727 causam
1019 695 1344 744 quamjntelliges.
1395 695 1533 732 Verum

86 754 207 792 nullus
235 761 338 791 uetus
372 754 527 803 scriptor
551 753 690 790 Atrium
726 764 806 788 cum
843 751 979 801 templo
1007 753 1141 792 Vestae
1165 757 1397 792 coniunctum
1422 756 1534 794 fuisse

84 815 226 853 disertis
255 816 372 852 uerbis
398 815 508 852 dixit:
535 814 579 852 P.
599 814 735 851 Victori
763 825 835 863 quo
862 813 939 849 iure
965 814 1172 864 quicquam,
1199 823 1236 852 et
1261 817 1412 853 multum
1439 816 1532 853 adeo

84 889 197 928 saepe
223 878 380 924 tribuat,
412 876 542 912 uiderit
569 875 844 912 Ambroscbius:
885 874 1059 911 Martialis
1086 882 1122 912 et
1148 877 1344 914 Herodiani
1370 878 1532 914 testimo-

83 939 152 976 niis
184 951 261 976 rem
294 937 423 975 confici
450 943 549 973 certe
584 949 653 974 nee
676 937 754 987 ipse
787 934 959 972 credidit:
996 936 1189 985 Dionysius
1215 950 1304 975 uero
1333 951 1416 975 cum
1443 939 1531 977 dicit

83 1000 249 1038 Vestales
267 999 399 1048 degere
425 993 536 1047 παρὰ
563 999 614 1049 τῇ
635 991 747 1050 &aiij
762 991 865 1035 ἔνθα
892 993 949 1035 δι’
972 991 1126 1048 ἡμέρας
1142 995 1218 1047 μὲν
1240 994 1372 1043 οὐδεὶς
1392 994 1532 1050 ἀπείρ-

81 1073 194 1112 γεται
219 1060 299 1098 τῶν
323 1055 582 1109 βουλομένων
609 1057 790 1108 εἰσιέναι,
827 1053 983 1109 νύκτωρ
1020 1057 1063 1097 δὲ
1090 1055 1220 1098 οὐδενὶ
1248 1061 1326 1098 τῶν
1351 1055 1530 1113 ἆῤῥένων

80 1120 218 1172 θέμις,
244 1135 391 1160 necesse
414 1128 483 1170 est,
510 1122 681 1172 loquatur
701 1122 747 1159 de
773 1122 842 1159 alia
872 1134 911 1159 re
937 1134 981 1159 ac
1007 1122 1053 1159 de
1080 1125 1215 1172 templo
1234 1124 1380 1160 Vestae.
1417 1123 1530 1161 Extat

80 1192 204 1222 autem
231 1184 471 1221 testimonium
497 1184 616 1221 Seruii
642 1183 689 1220 ad
708 1184 798 1221 Aen.
819 1186 857 1232 7,
881 1185 973 1221 153:
1001 1184 1063 1221 Ad
1089 1186 1223 1220 atrium
1249 1189 1369 1221 autem
1398 1186 1528 1222 Vestae

80 1245 310 1284 conueniebat
334 1245 517 1292 (senatus)
545 1245 638 1294 quod
664 1258 687 1283 α
713 1246 844 1296 templo
867 1251 1041 1283 remotum
1065 1246 1201 1293 fuerat.
1256 1246 1335 1282 Hoc
1360 1258 1424 1282 cur
1454 1259 1526 1283 non

79 1309 127 1345 sit
160 1306 427 1358 spernendum,
464 1319 547 1344 mox
583 1309 792 1357 apparebit:
837 1308 1002 1358 intelligis
1036 1315 1134 1344 certe
1169 1320 1293 1344 uersus
1326 1305 1527 1344 Ouidianos

81 1370 301 1407 305—310
333 1369 415 1404 huic
451 1369 501 1405 rei
536 1381 607 1405 non
642 1367 849 1416 aduersari;
888 1382 969 1406 nam
995 1370 1024 1406 si
1050 1368 1135 1419 quid
1162 1367 1316 1404 aedificii
1341 1374 1426 1405 ante
1451 1369 1526 1406 Ve-

79 1431 207 1468 stalem
232 1432 352 1468 focum
379 1430 520 1477 suisset,
548 1442 620 1466 non
648 1434 731 1466 anie
755 1429 857 1476 focos
882 1433 920 1468 in
947 1433 1117 1475 scamnis,
1143 1429 1208 1466 sed
1232 1442 1296 1479 per
1314 1431 1415 1467 atria
1436 1443 1523 1467 con-

80 1493 216 1530 sedisse
243 1493 404 1529 homines
431 1491 575 1528 dixisset
600 1499 733 1541 poeta3
769 1504 836 1529 nec
869 1493 1064 1530 absurdum
1100 1493 1167 1528 suit
1194 1490 1375 1542 peculiare
1399 1491 1523 1528 aedifi-

79 1555 172 1591 cium
199 1554 334 1591 Vestae
360 1554 448 1590 Atrii
483 1553 628 1589 nomine
664 1554 887 1599 consecrari,
923 1555 979 1591 cui
1017 1555 1215 1600 uestibula,
1256 1554 1367 1600 atria,
1401 1553 1523 1589 limina

79 1617 199 1652 omnia
225 1627 326 1652 sacra
353 1623 477 1663 erant,
504 1628 541 1651 u.
564 1618 654 1659 303,
682 1615 854 1652 Leontius
883 1628 919 1664 p.
936 1617 1008 1652 177
1034 1615 1091 1652 ed.
1119 1615 1206 1651 Mai.
1259 1615 1431 1662 Causam,
1458 1627 1523 1651 cur

79 1676 115 1714 id
141 1689 313 1726 separare
340 1689 360 1714 a
388 1678 523 1726 templo
553 1677 629 1712 ausi
655 1689 726 1712 non
754 1684 837 1713 suut
864 1677 959 1714 docti
994 1678 1082 1723 uiri,
1114 1676 1278 1725 suspicor
1302 1675 1413 1712 fuisse
1438 1676 1523 1725 quia

77 1739 272 1788 separatim
300 1751 418 1788 neque
444 1739 656 1774 describitur
682 1751 702 1773 a
731 1739 931 1782 ueteribus,
968 1749 1086 1787 neque
1120 1739 1390 1774 commemorari
1418 1737 1521 1775 uide-

76 1807 189 1838 retur.
240 1799 354 1836 Miror
377 1808 498 1836 tamen
527 1800 572 1835 ab
600 1798 834 1835 Ambroschio
861 1800 1009 1835 Atrium
1033 1801 1189 1846 reyium,
1219 1798 1317 1847 quod
1345 1799 1396 1835 bis
1422 1798 1521 1849 apud

74 1861 218 1899 Liuium
251 1861 457 1897 nominatur
491 1861 554 1908 26,
574 1862 624 1895 27
650 1867 686 1896 et
712 1862 776 1907 27,
798 1865 859 1908 ll,
888 1873 958 1897 non
995 1859 1102 1897 modo
1139 1859 1304 1896 habitum
1336 1871 1416 1897 esse
1450 1873 1519 1910 pro

75 1924 213 1971 Reyia,
250 1934 343 1972 quae
369 1933 480 1971 saepe
507 1929 829 1970 commemoratur,
856 1922 918 1958 sed
946 1934 993 1959 ne
1019 1934 1162 1958 causam
1190 1922 1336 1972 quidem
1362 1921 1519 1971 proferri

72 1984 150 2020 eius
174 1984 373 2021 sententiae
398 1996 435 2033 p.
459 1983 529 2031 95,
560 1989 623 2020 aut
649 1996 814 2033 usquam.
868 1984 963 2020 Nam
990 1984 1058 2020 nisi
1082 1983 1191 2020 fallor
1224 1984 1252 2019 is
1277 1984 1519 2034 potissimum,

72 2046 136 2096 qui
162 2047 313 2095 Regiam
340 2057 470 2082 nomen
498 2045 634 2082 habere
660 2045 827 2082 crederet
853 2056 874 2081 a
900 2056 986 2094 rege
1011 2044 1144 2090 Numa,
1173 2044 1331 2083 debebat
1352 2044 1400 2099 ad
1424 2044 1517 2083 Liuii

69 2108 149 2145 illos
174 2108 273 2145 locos
298 2108 442 2157 exigere
468 2106 688 2144 Ouidianum
715 2120 750 2143 u.
765 2109 859 2143 263:

301 2171 371 2207 Hic
397 2168 495 2206 locus
519 2171 684 2216 eoetyuus,
712 2170 773 2217 qui
791 2170 944 2206 sustinet
968 2168 1079 2206 Atria
1107 2170 1252 2216 Vestae,

375 2233 476 2268 Tunc
498 2234 579 2267 erat
602 2232 738 2268 intonsi
763 2233 861 2279 regia
888 2242 1024 2279 magna
1049 2232 1205 2267 Numae.

67 2289 141 2328 Pro
168 2303 210 2328 ea
238 2303 276 2329 re
302 2291 477 2328 docemur
502 2292 548 2328 ab
574 2292 807 2329 Ambroschio
833 2305 870 2342 p.
893 2294 941 2329 36
970 2292 1130 2342 potuisse
1165 2291 1268 2339 fieri,
1307 2296 1348 2327 ut
1379 2290 1449 2328 hoc
1477 2291 1530 2328 in-

67 2353 149 2389 loco
175 2354 280 2389 aliam
308 2353 441 2390 famam
468 2353 515 2390 de
542 2354 641 2403 regia
667 2353 810 2390 Numae
835 2361 1049 2403 sequeretur
1075 2352 1250 2400 Ouidius,
1284 2359 1393 2402 atque
1418 2353 1510 2389 trist.

67 2416 106 2461 3,
124 2417 159 2460 l,
174 2416 237 2460 30,
265 2415 325 2451 ubi
344 2416 495 2464 Regiam
519 2426 612 2463 eam,
639 2414 685 2452 de
705 2426 776 2464 qua
798 2415 1017 2465 potissimum
1036 2414 1230 2464 inquisiuit‚
1258 2414 1511 2451 Ambroschius

66 2476 240 2523 agnoscit.
295 2476 426 2513 Mirum
459 2477 648 2526 profecto,
684 2489 764 2513 cum
800 2482 909 2526 poeta
945 2474 992 2512 de
1026 2476 1160 2511 ambitu
1195 2474 1346 2511 aedificii
1372 2481 1510 2523 monet,

67 2536 167 2572 cuius
204 2549 272 2573 nec
310 2539 394 2576 uola
429 2551 496 2575 nec
532 2539 720 2587 uestigium
757 2551 824 2575 nec
866 2539 982 2587 ipsum
1017 2549 1147 2573 nomen
1188 2535 1386 2586 superfuit:
1430 2549 1510 2574 eam

66 2608 211 2646 aream,
247 2599 305 2635 cui
332 2607 461 2649 postca
487 2601 751 2637 inaedificatum
785 2600 830 2636 sit
855 2599 1017 2643 Atrium,
1053 2597 1134 2636 olim
1171 2598 1338 2636 habuisse
1363 2598 1510 2636 domum

67 2657 224 2698 Numae.
277 2661 358 2711 Ego
387 2674 474 2698 uero
501 2673 573 2699 non
601 2674 737 2710 aream,
768 2662 822 2698 cui
850 2661 1053 2710 impositum
1080 2666 1134 2698 est
1155 2660 1309 2709 Atrium,
1335 2660 1508 2709 intelligo,
