1685 2954
185 85 266 130 130
735 99 1059 132 rasronvm

295 198 489 253 Asperior
517 197 664 253 quouis
691 211 870 254 aequore
898 201 1022 243 frater
1051 208 1151 243 erat.
1555 208 1636 246 580

236 269 316 309 Est
342 279 468 320 prope
497 266 689 320 piscosos
718 268 892 321 lapidosi
921 269 1128 311 Crathidis
1157 282 1300 311 amnes

295 335 454 375 Paruus
484 347 606 389 ager:
642 335 846 377 Cameren
877 334 1012 377 incola
1040 339 1158 378 turba
1194 343 1328 378 uocat.

238 402 339 442 Illuc
368 413 513 443 cursus
541 409 639 444 erat.
675 415 755 443 nec
784 403 948 457 longius
979 404 1107 446 abfuit
1134 404 1241 458 inde,

296 468 429 519 Quam
458 476 653 523 quantum
683 469 829 511 nouies
856 470 1019 513 mittere
1044 473 1170 514 funda
1199 478 1351 526 potest.

239 537 349 579 Vela
377 536 530 578 cadunt
559 538 684 591 primo
715 544 757 579 et
787 539 910 579 dubia
938 541 1130 580 librantur
1150 541 1200 580 ab
1225 553 1334 580 aura.
1557 545 1636 582 585

297 605 463 646 Findite
491 604 675 659 remigio,
704 607 857 658 nauita,
887 606 1000 659 dixit,
1031 619 1172 659 aquas.
1209 630 1214 636 ,

238 673 428 726 Dumque
457 678 602 724 parant
632 678 738 713 torto
769 673 999 714 subducere
1028 676 1201 715 carbasa
1229 676 1323 728 lino,

294 740 528 781 Percutitur
552 740 692 793 rapido
722 739 870 792 puppis
900 740 1060 781 adunca
1089 748 1213 781 noto:

239 810 366 862 Inque
396 813 545 861 patens
574 819 729 861 aequor
757 808 907 848 frustra
935 814 1149 862 pugnante
1178 807 1378 861 magistro

293 877 452 928 Fertur,
484 880 528 915 et
556 887 610 914 ex
638 873 771 915 oculis
801 876 893 916 uisa
921 875 1076 930 refugit
1101 877 1261 916 humus.
1558 879 1640 915 590

243 943 448 984 Assiliunt
476 942 650 996 fluctus,
684 941 849 995 imoque
878 955 904 983 a
933 942 1100 998 gurgite
1128 946 1280 996 pontus

293 1008 489 1062 Vertitur,
521 1016 565 1050 et
595 1023 724 1051 canas
753 1011 897 1052 alueus
926 1011 1062 1052 haurit
1090 1024 1232 1064 aquas.

240 1077 432 1119 Vincitur
457 1090 524 1118 ars
553 1084 693 1118 uento.
735 1090 814 1118 nee
842 1077 922 1118 iarn
951 1079 1180 1120 moderator
1207 1078 1380 1120 habenis

293 1145 448 1198 Vtitur,
478 1150 523 1186 at
550 1144 662 1186 uotis
689 1146 761 1186 uix
789 1158 952 1200 quoque
981 1147 1116 1200 poscit
1145 1159 1278 1199 opem.

238 1215 419 1254 laetatur
455 1212 634 1254 tumidas
662 1214 759 1254 exul
788 1213 1019 1255 Phoenissa
1047 1227 1120 1266 per
1147 1213 1292 1266 undas,
1559 1217 1641 1254 595
1684 1251 1685 1254 ,

292 1280 554 1334 Humidaque
583 1282 775 1335 opposita
801 1280 952 1322 lumina
981 1288 1101 1322 ueste
1131 1280 1252 1335 tegit.

238 1350 358 1390 Tune
387 1349 561 1402 primum
590 1349 696 1390 Dido
724 1348 824 1388 felix
856 1355 924 1390 est
952 1349 1065 1390 dicta
1094 1350 1234 1401 sorori,

293 1418 349 1457 Et
378 1429 664 1470 quaecumque
695 1417 870 1470 aliquam
898 1429 1068 1471 corpore
1096 1418 1249 1470 pressit
1276 1418 1451 1458 humum.

232 1529 319 1565 581.
353 1528 491 1578 pisosos
527 1527 692 1577 lapidiosi
725 1526 772 1565 Γ.
820 1528 965 1566 cratidis
996 1527 1080 1566 GP
1088 1541 1098 1575 3
1131 1529 1161 1566 G
1170 1541 1252 1566 uar.
1267 1540 1336 1566 scr.
1394 1527 1563 1564 cractidis
1589 1529 1636 1563 E.

183 1579 346 1615 crastidis
371 1577 425 1615 A.
471 1578 621 1627 grandis
647 1591 667 1615 s
687 1590 770 1615 var.
786 1591 858 1616 scr.
899 1579 1048 1616 cradicis
1079 1577 1131 1616 Φ.
1176 1592 1238 1628 gra
1269 1578 1385 1626 phidis
1411 1591 1443 1615 s.
1487 1577 1642 1626 gapphi-

181 1630 237 1666 dis
269 1630 308 1667 G.
349 1629 506 1678 crapidis
523 1628 584 1666 A.
626 1629 790 1679 gaphidis
813 1632 1047 1680 Dmma.pr.
1086 1630 1216 1678 gasidis
1238 1593 1304 1676 913
1331 1627 1372 1665 A
1382 1640 1547 1665 παι-,3οη
1584 1639 1643 1663 ra-

183 1680 267 1717 ridis
294 1679 326 1717 b.
373 1680 517 1716 tracidis
544 1691 578 1716 r.
696 1681 783 1716 582.
824 1680 942 1717 Purus
969 1693 1025 1729 ag.
1056 1681 1140 1717 BG.
1187 1681 1350 1717 cameleo
1383 1680 1422 1716 G.
1474 1689 1642 1715 cameran

182 1728 245 1770 Λ.
294 1742 465 1767 camaren
494 1732 538 1767 Ρ.
590 1731 755 1766 camalen
782 1742 889 1767 oetnrcs.
938 1730 1090 1767 caniden
1119 1743 1309 1779 mmmm.
1358 1741 1556 1766 cramerem
1588 1725 1639 1764 Φ.

183 1781 324 1818 cibelen
351 1793 459 1817 unus.
511 1787 643 1817 uocant
669 1793 701 1817 s.
813 1781 901 1818 583.
938 1781 1015 1818 Illic
1043 1778 1640 1828 GOEAMNO'Pbmsma.pr.
1668 1817 1674 1824 ,

183 1835 236 1869 20
260 1843 338 1869 sex.
377 1838 457 1868 erat
484 1843 556 1868 non
583 1843 615 1867 s.
657 1830 748 1867 afuit
768 1828 816 1868 Γ.
920 1833 1008 1868 584.
1036 1833 1157 1876 Quam
1185 1845 1294 1882 quam
1322 1838 1378 1868 ter
1404 1832 1529 1867 nonies
1552 1828 1616 1868 A.

235 1882 325 1918 585.
352 1881 485 1918 cadent
512 1880 544 1918 b.
585 1888 623 1917 et
648 1894 718 1918 om..
742 1879 1034 1919 BGHmea.
1046 1895 1102 1932 pr.
1122 1887 1213 1920 tres:
1240 1885 1279 1920 in
1298 1885 1334 1919 E
1356 1883 1556 1931 minuma.
1574 1892 1641 1917 su-

184 1931 336 1982 per-add.
377 1932 486 1968 dubia
511 1932 659 1968 libratus
682 1929 733 1968 Ψ.
777 1932 863 1969 dub.
890 1933 1101 1970 laberantur
1123 1945 1144 1970 ‘r
1155 1947 1228 1971 ma.
1240 1945 1296 1983 pr.
1336 1933 1424 1969 dub.
1453 1933 1641 1975 uibrantur

185 1983 356 2019 BGDm
368 1985 430 2019 20.
473 1983 556 2018 libr.
584 1983 620 2018 in
649 1994 737 2019 aura
768 1986 811 2020 Τ.
859 1983 904 2020 ab
933 1984 1029 2020 unda
1054 1987 1098 2021 Ρ.
1204 1987 1291 2022 586.
1325 1983 1468 2033 Fingite
1489 1979 1542 2019 T.

239 2034 327 2071 587.
358 2045 438 2083 par.
466 2040 544 2069 toto
564 2032 626 2070 A.
665 2045 744 2080 par.
770 2040 868 2070 tecto
888 2037 947 2071 M.
988 2042 1073 2073 tort.
1099 2035 1313 2071 submittere
1340 2036 1376 2070 6.
1417 2034 1516 2070 carl).
1545 2032 1641 2081 ligno

184 2081 246 2121 A.
285 2085 384 2123 carb.
411 2084 506 2120 malo
536 2081 577 2118 (D
599 2088 632 2119 et
651 2081 790 2121 Huar.
806 2096 876 2121 scr.
981 2086 1068 2122 588.
1096 2085 1309 2122 Percucitur
1335 2082 1383 2121 Γ.
1427 2083 1552 2120 rabido
1577 2083 1638 2118 46.

185 2135 292 2184 pupis
318 2137 362 2171 E.
401 2134 513 2170 notho
537 2136 614 2170 DE
623 2132 704 2171 GT
710 2146 741 2171 r.
844 2136 930 2172 589.
956 2135 1101 2185 Perque
1127 2143 1204 2186 pat.
1226 2139 1271 2174 P.
1313 2136 1465 2185 Terque
1488 2131 1539 2169 Φ.
1578 2143 1639 2167 ae-

185 2198 279 2235 quor
306 2192 342 2222 et
368 2185 473 2221 frust.
505 2185 543 2222 G.
649 2186 736 2221 590.
767 2186 875 2235 Fugit
901 2193 937 2222 et
967 2187 1195 2236 Omma-pr.
1304 2186 1394 2223 591.
1423 2183 1565 2221 Assiluit
1594 2184 1638 2219 Τ.

236 2236 326 2272 592.
360 2241 398 2272 et
423 2236 545 2272 caluas
578 2233 629 2271 Ψ.
733 2236 821 2273 593.
856 2236 953 2273 mod.
981 2237 1145 2274 habentis
1172 2237 1204 2274 b.
1308 2238 1395 2274 594.
1432 2235 1551 2271 vtitur
1576 2238 1640 2269 aut

186 2292 263 2323 uot.
282 2287 399 2323 Ama.
411 2283 1115 2336 pnBEFGFMAma.pr.Ef2021
1128 2291 1174 2325 33
1192 2286 1388 2326 duodecim.
1424 2285 1485 2320 Vt.
1501 2295 1545 2319 ac
1561 2290 1638 2319 uot.

187 2338 351 2385 quinque.
397 2337 462 2375 Vt.
491 2343 527 2373 et
555 2338 648 2373 uotis
675 2349 695 2373 r
716 2341 800 2374 ires.
841 2338 902 2375 Vt.
931 2350 952 2374 a
980 2340 1073 2375 uotis
1093 2342 1127 2376 Z
1144 2350 1288 2388 ”unpr-
1330 2336 1450 2373 Vtitur
1474 2345 1495 2370 a
1521 2333 1640 2370 uentis

186 2386 240 2423 his
267 2385 492 2436 quoquezffl.
535 2387 630 2424 uotis
658 2388 732 2423 ..is
760 2401 906 2437 quoque
924 2392 1014 2429 DE.
1053 2390 1145 2426 uotis
1164 2389 1219 2426 <lis
1246 2397 1391 2438 quoque
1418 2387 1536 2421 1333.
1574 2395 1640 2420 uo·-

186 2438 232 2473 tis
258 2437 312 2473 his
340 2450 486 2487 quoque
506 2435 582 2475 Ah
609 2440 777 2487 quinque-5
804 2438 919 2484 suar.
936 2452 1006 2477 scr.
1050 2441 1142 2477 uotis
1168 2440 1226 2476 hio
1251 2447 1397 2488 quoque
1422 2448 1459 2471 m
1476 2439 1534 2471 ll.
1572 2445 1640 2471 uo-

186 2487 233 2523 tis
259 2488 287 2523 is
317 2501 468 2537 quoque
487 2489 616 2537 reliqui
634 2501 755 2525 omnes
768 2501 839 2526 scr.
854 2495 887 2526 et
903 2492 1005 2539 impr.
1047 2503 1135 2541 opes
1156 2490 1175 2526 b
1193 2501 1265 2526 rna.
1275 2499 1332 2537 pr.
1433 2486 1520 2522 595.
1549 2485 1638 2522 lact.

187 2537 352 2574 humidas
375 2539 424 2574 A.
465 2539 552 2576 lact.
582 2539 717 2575 medias
733 2539 796 2576 A.
834 2540 966 2577 senissa
986 2539 1033 2578 Γ.
1137 2541 1225 2576 596.
1253 2537 1419 2587 apposita
1436 2535 1484 2573 A
1492 2535 1536 2582 fr
1551 2540 1637 2573 tres·

187 2594 287 2637 teget
314 2591 502 2638 Ermum.
551 2596 676 2639 tegens
704 2587 751 2628 Γ.
854 2593 941 2629 597.
975 2593 1073 2628 Τιιιῃ
1103 2590 1352 2627 BGPms33
1379 2598 1458 2631 sex,
1482 2597 1555 2623 mm
1585 2582 1638 2624 Φ.

188 2646 244 2676 est
270 2639 345 2675 uisa
371 2638 433 2675 A.
472 2645 527 2675 est
552 2652 635 2676 cara
666 2641 787 2679 Gmrr.
799 2654 869 2678 scr.
973 2644 1059 2678 598.
1087 2641 1306 2690 quicumque
1331 2638 1417 2676 1120
1437 2636 1522 2686 duo,
1548 2633 1634 2674 Au.

188 2694 222 2726 et
240 2691 379 2739 priores
407 2688 461 2726 ed.
481 2694 623 2739 praeter
643 2689 738 2726 Rub.
