1685 2954
115 46 260 78 ccum
614 78 619 84 ,
714 47 938 80 FASTORVM

115 145 179 184 sed
195 144 245 185 ad
266 147 519 185 Germanicum
538 146 738 198 aliquoties.
779 148 920 198 Singuli
941 158 1029 186 uero
1047 147 1315 200 propemodum
1340 157 1552 201 argumento

114 214 199 247 sunt
221 209 373 259 scriptos
398 208 465 247 hos
489 209 649 261 quinque
672 209 782 248 libros
809 221 890 248 esse
913 211 1108 260 superstite
1135 211 1312 261 Augusto.

769 358 815 420 g.
862 358 903 402 6.

217 453 370 493 Librum
388 455 543 506 primum
562 468 636 494 non
652 456 854 507 putauerim
879 455 1109 494 iudicandum
1133 469 1212 496 esse
1238 470 1283 495 ex
1308 458 1374 496 illis
1400 457 1555 495 tristium

118 519 159 565 2,
179 514 395 556 549-552
420 519 594 556 uersibus.
646 518 778 568 Neque
802 518 896 555 enim
923 519 1126 556 inscribitur
1150 522 1335 570 Augusto,
1368 519 1432 557 sed
1460 520 1557 557 Ger-

117 577 260 616 manico
296 579 462 616 Caesari:
499 591 619 629 neque
654 579 773 615 omnia
808 579 847 616 in
881 591 926 616 eo
957 581 1061 616 scribi
1095 587 1292 630 potuerunt
1327 588 1412 619 ante
1445 593 1555 632 quam

117 644 230 688 poeta
255 640 497 689 relegaretur,
522 640 586 678 sed
612 639 725 676 multo
750 646 834 689 post
860 640 994 678 editum
1020 641 1149 678 librum
1176 643 1267 680 trist.
1294 643 1491 681 secundum
1518 648 1557 680 et

118 700 256 738 obitum
275 702 445 752 Augusti:
473 714 592 752 neque
618 700 851 750 imperfectus
878 714 956 740 esse
980 702 1136 750 uidetur,
1162 703 1226 740 sed
1254 711 1471 741 retractatus
1498 712 1556 741 to-

118 767 200 811 tus,
228 763 383 811 lacunis,
409 775 503 813 quae
531 763 641 799 fuisse
667 762 855 812 uidentur,
881 765 1078 814 suppletis,
1111 765 1241 813 prioris
1269 777 1379 802 curae
1403 765 1555 814 indiciis,

119 835 215 875 quae
240 837 323 861 cum
349 837 445 861 nouo
470 831 583 872 statu,
608 830 785 874 tempore,
814 826 961 863 consilio
987 838 1059 862 non
1086 826 1338 873 conuenirent,
1365 826 1506 864 deletis.

217 885 286 922 Hic
315 886 406 923 liber
430 887 459 923 si
492 886 618 924 eadem
645 886 856 924 condicione
883 900 963 924 cum
990 887 1134 936 reliquis
1162 894 1278 936 esset,
1315 900 1388 925 non
1414 888 1557 937 dubito,

118 946 207 997 quin
242 947 401 983 omnium
435 948 582 984 minime
618 946 825 984 elaboratus
860 947 967 986 foret.
1019 949 1115 985 Nam
1147 948 1176 985 si
1211 961 1321 999 supra
1352 961 1392 999 p.
1411 961 1558 987 Lxxn1

119 1013 220 1046 recte
244 1007 446 1058 suspicatus
471 1020 550 1044 sum
578 1007 623 1044 de
649 1010 895 1047 astronomicis
918 1009 1133 1059 quibusdam
1161 1016 1197 1047 et
1223 1010 1270 1048 de
1294 1010 1391 1048 feriis
1416 1023 1558 1049 semen·
1580 1050 1583 1054 Δ

119 1069 217 1117 tinis,
242 1081 324 1106 cum
352 1068 400 1107 de
426 1069 687 1120 Compitalibus
712 1071 798 1107 satis
823 1072 955 1120 sciam,
981 1084 1090 1122 quam
1117 1072 1289 1109 incertam
1316 1074 1558 1110 coniecturam

120 1131 334 1183 protulerim
360 1144 399 1181 p.
419 1142 513 1168 chr
529 1158 542 1179 ‚
569 1130 723 1169 fortasse
748 1132 931 1170 dimidiato
958 1134 1158 1183 posteriore
1184 1146 1308 1170 mense
1333 1133 1422 1170 nihil
1448 1146 1559 1184 prae-

121 1199 179 1230 ter
205 1206 264 1230 uu.
283 1193 501 1230 705-724
533 1192 756 1231 elaboratum
782 1195 923 1232 Romae
956 1195 1035 1232 suit.
1089 1196 1179 1232 Vtut
1204 1203 1282 1243 est,
1315 1197 1352 1232 in
1384 1196 1560 1245 Agonali-

120 1255 189 1292 bus
214 1267 251 1292 u.
266 1254 478 1291 337—456
504 1254 611 1291 ualde
635 1255 765 1293 similes
794 1263 878 1293 sunt
902 1257 1071 1304 embolio,
1099 1258 1363 1293 mam—440
1389 1269 1492 1305 uero,
1519 1264 1560 1295 ut

120 1315 228 1353 docui
252 1329 290 1366 p.
307 1327 443 1364 cnxv,
475 1316 536 1354 uix
567 1316 663 1353 aliud
689 1317 776 1367 quid
801 1325 885 1355 sunt
911 1317 1079 1354 habendi.
1131 1317 1380 1354 Kalendarum
1407 1325 1443 1355 et
1469 1319 1560 1356 Car-

121 1377 373 1415 mentaliorum
405 1378 578 1415 lemmata
613 1378 796 1427 insigniter
826 1391 905 1416 esse
939 1380 1157 1428 amplificata
1187 1378 1297 1428 paulo
1323 1387 1406 1429 post
1432 1380 1559 1419 disces.

123 1439 236 1486 Quod
260 1439 436 1477 Kalendis
462 1440 735 1477 commemorari
762 1442 880 1490 potuit
906 1440 1014 1478 aedes
1040 1440 1147 1478 Seiae
1173 1441 1357 1478 Fortunae
1381 1441 1561 1491 dedicata,

122 1513 219 1552 quae
244 1508 299 1538 est
323 1503 359 1538 in
390 1501 619 1550 inscriptione
645 1514 667 1538 a
693 1502 881 1540 Morcellio
907 1503 954 1540 de
979 1510 1023 1540 st.
1052 1503 1159 1542 inser.
1182 1506 1218 1549 1,
1244 1515 1281 1552 p.
1297 1504 1345 1538 43
1371 1503 1561 1552 illustrata,

124 1560 223 1612 quod
240 1562 306 1598 VII
320 1562 373 1598 Id.
391 1570 641 1612 argumentum
661 1565 847 1600 marmoris
867 1564 1131 1611 Narbonensis,
1161 1565 1242 1599 uide
1263 1574 1373 1612 supra
1399 1576 1438 1613 p.
1453 1575 1561 1610 nxn,

123 1621 223 1673 quod
251 1622 448 1660 Iuturnalia
474 1637 509 1661 u.
527 1625 599 1661 463
627 1631 797 1674 poterant
831 1627 889 1662 uel
921 1624 1012 1662 adeo
1048 1624 1230 1662 debebant
1254 1631 1407 1675 propter
1433 1637 1469 1663 u.
1487 1627 1561 1666 46⁵

127 1685 273 1723 uberius
299 1686 457 1734 tractari,
486 1685 538 1723 his
565 1699 637 1723 non
664 1686 815 1723 multum
843 1688 974 1724 tribuo.

222 1747 297 1784 Res
322 1754 445 1797 gestae
470 1748 688 1785 recentiores
713 1748 802 1795 illis,
827 1760 916 1798 quas
943 1761 965 1785 e
991 1748 1251 1798 posterioribus
1277 1744 1374 1786 libris
1399 1750 1560 1801 enotaui,

126 1816 467 1855 commemorantur,
492 1811 647 1861 primum
673 1810 784 1859 ipsius
810 1816 943 1860 poetae
967 1811 1036 1848 iter
1061 1811 1096 1847 in
1123 1810 1284 1859 exilium,
1311 1822 1349 1847 u.
1366 1811 1462 1850 389:

384 1874 489 1909 Exta
514 1884 643 1909 canum
666 1870 744 1907 uidi
773 1872 920 1908 Triuiae
944 1871 1056 1909 libare
1075 1874 1240 1923 Sapaeos

435 1936 485 1971 Et
510 1935 705 1983 quicunque
730 1937 814 1970 tuas
840 1933 980 1981 accolit,
1006 1936 1156 1982 Haeme,
1181 1936 1296 1979 niues,

124 1993 211 2033 uide
225 1993 399 2046 Neapolis
418 1996 703 2033 annotationem.
748 1994 891 2032 Deinde
908 1996 1025 2046 ipsum
1044 1997 1188 2034 exilium
1214 1995 1392 2033 indicatur
1415 2008 1453 2036 u.
1468 1997 1561 2036 483:

383 2059 470 2095 Non
494 2059 612 2095 meriti
635 2069 790 2106 poenam
813 2060 964 2106 pateris,
989 2057 1052 2095 sed
1075 2060 1234 2095 muniminis
1259 2060 1355 2095 iram

124 2124 163 2157 et
188 2132 225 2157 u.
243 2119 338 2157 540:
375 2119 490 2165 Felix,
516 2119 663 2157 eoeilitmt
690 2121 746 2157 cui
772 2119 870 2157 locus
894 2120 954 2157 ille
978 2119 1063 2167 fuit.
1102 2120 1206 2157 Vers.
1229 2119 1302 2156 645
1330 2124 1475 2156 notatur
1499 2131 1562 2158 ae-

124 2180 179 2218 dis
207 2181 433 2219 Concordiae
456 2183 643 2232 Augustae
676 2181 854 2219 dedicatio
889 2183 975 2219 anni
1001 2184 1098 2230 763,
1135 2181 1207 2218 uid.
1235 2192 1345 2230 supra
1370 2193 1408 2230 p.
1428 2192 1561 2234 cxxv,

124 2254 199 2279 non
225 2249 308 2292 post
333 2243 552 2293 triumphum
577 2244 825 2281 Pannonicum
851 2245 936 2281 anni
961 2244 1054 2290 765,
1082 2244 1132 2281 uti
1157 2241 1271 2279 uideri
1299 2243 1409 2291 possit
1433 2255 1562 2279 secun-

126 2303 212 2340 dum
238 2304 403 2342 Suetonii
429 2306 541 2343 uerba
565 2306 651 2344 Tib.
669 2309 734 2354 20,
761 2306 822 2356 qui
849 2305 941 2343 adeo
965 2306 1125 2343 Castoris
1151 2312 1188 2342 et
1207 2304 1362 2341 Pollucis
1387 2305 1562 2354 templum

127 2363 250 2402 differt
282 2367 318 2403 in
355 2366 392 2404 id
426 2374 582 2419 tempus.
637 2367 916 2417 Triumphatam
945 2373 1083 2417 gentem
1116 2379 1223 2417 quam
1251 2365 1402 2404 Ouidius
1435 2379 1469 2403 ιι.
1488 2367 1562 2403 647

127 2425 236 2474 dicit,
271 2435 353 2465 sunt
379 2429 580 2478 Sigambri,
616 2429 663 2467 de
690 2430 819 2479 quibus
846 2441 890 2466 eo
918 2442 1012 2467 anno
1039 2424 1090 2466 τοὶ
1115 2422 1323 2478 νικητήρια
1348 2421 1469 2477 ἤγαγε
1495 2427 1531 2464 T
1533 2427 1563 2464 i-

127 2487 261 2536 berim,
289 2501 362 2538 quo
388 2491 615 2530 Concordiae
640 2492 816 2542 templum
843 2492 960 2541 uouit,
987 2491 1060 2529 uid.
1080 2491 1188 2529 Dion.
1205 2491 1268 2539 55,
1288 2492 1328 2538 8,
1352 2489 1402 2528 V.
1419 2489 1563 2529 C.747.

125 2548 360 2588 Manifestum
397 2558 452 2589 est
485 2553 575 2591 haec
610 2555 733 2592 omnia
765 2554 896 2603 quouis
930 2554 1039 2593 etiam
1069 2553 1258 2604 posteriori
1290 2559 1452 2604 tempore
1476 2563 1564 2603 per-

127 2612 234 2651 scribi
260 2613 435 2664 potuisse,
461 2615 512 2653 uti
537 2616 645 2656 etiam
670 2629 708 2655 u.
729 2614 820 2655 536:
