1685 2954
129 83 251 114 cxxlx
618 84 700 112 LIB.
731 84 770 112 V.
815 85 871 113 DE
901 85 1095 115 SACELLIS

128 186 198 235 legi
223 187 286 235 qui
308 182 454 236 publica
477 194 588 220 sacra
613 167 916 232 cmitptlauemmt:
954 190 996 223 at
1021 187 1082 235 qut
1105 184 1254 235 priuata
1278 195 1398 231 sacra,
1421 187 1480 225 uel
1503 200 1568 226 ae-

127 247 270 285 diculas
294 243 533 284 incustoditas
555 249 834 294 temptauertmt,
861 246 1019 295 amplius
1041 259 1151 296 quam
1177 246 1292 294 Ῐιινοε,
1317 248 1438 285 minus
1460 262 1569 298 quam

127 308 298 355 sacrilegii,
322 309 516 343 merentur.
571 307 685 344 Huius
710 319 799 345 uero
825 307 1013 344 aediculae
1047 308 1106 344 lex
1136 309 1171 345 in
1207 321 1288 345 eum
1316 308 1463 345 modum
1486 310 1569 360 fuit,

127 375 169 405 ut
202 369 238 403 in
274 367 379 402 titulo
406 367 629 404 Gruteriano
661 381 698 418 p.
721 370 832 417 1076,
865 381 900 406 n.
921 371 989 405 10.-
1031 369 1569 413 Sl.QVIS.FVRAVER1T.

124 427 351 466 PROlNDE
364 454 372 464 .
386 427 677 467 OBLlGATVS
691 457 700 466 .
713 430 849 467 ERIT.
877 430 942 466 AC
956 457 964 467 .
980 430 1024 467 Sl
1037 457 1045 467 .
1057 430 1404 468 SACRlLEGlVM
1418 458 1427 468 .
1441 430 1572 469 COM-

125 489 349 527 MISERIT.
386 490 452 526 cfr.
479 489 584 528 Paul.
613 504 648 540 p.
664 492 727 539 66,
749 495 784 528 1.
847 493 965 528 Furta
997 497 1141 540 reperta
1172 504 1267 542 quae
1300 493 1384 527 dicit
1417 491 1572 530 Ouidius

127 563 165 587 u.
180 552 270 598 846,
295 548 421 586 dubito
449 557 568 587 utrum
595 553 791 601 intelligam
818 550 866 587 de
892 551 995 588 lance
1021 558 1058 587 et
1083 553 1178 601 licio,
1208 552 1279 589 uid.
1305 553 1410 590 Paul.
1433 567 1470 603 p.
1485 556 1574 601 117,

125 615 167 661 2,
193 624 241 648 an
267 611 366 662 quod
386 612 534 648 Masurii
551 613 678 650 Sabini
699 613 880 650 sententia
903 613 990 649 furti
1013 613 1173 659 faciendi
1196 612 1282 660 finis
1306 619 1359 650 est
1384 627 1463 651 cum
1487 627 1573 664 per-

126 674 245 711 latum
269 678 323 710 est
348 686 417 723 quo
443 674 534 721 ferri
560 679 737 724 coeperat,
765 674 864 710 Gell.
887 678 947 719 11,
968 677 1029 711 18.
1082 676 1191 712 Certe
1217 675 1383 725 intelligis
1408 689 1480 714 non
1506 688 1572 727 pe-

125 736 195 773 rite
220 742 414 773 annotasse
439 736 704 773 Burmannum.
1150 745 1156 750 ²

227 797 402 835 Larum
428 796 726 833 Praestitum
760 809 908 844 aram,
942 808 1050 845 quam
1075 796 1137 832 ΚΓ
1164 796 1260 834 Mai:
1288 797 1490 835 dedicatam
1524 799 1574 837 ait

125 864 239 910 poeta
259 858 300 907 5,
321 861 409 907 130,
435 859 553 909 ipsum
578 871 618 895 se
644 858 744 895 addit
769 858 904 895 frustra
931 857 1150 907 quaesiuisse
1176 871 1211 893 u.
1228 859 1318 895 143:
1349 872 1395 896 ne
1421 859 1468 896 de
1492 859 1574 896 loco

124 921 203 959 eius
233 920 478 957 sollicitemur.
532 920 748 957 Plutarchus
785 926 927 969 quaest.
954 919 1027 956 Ro.
1055 918 1147 955 c.51
1176 932 1277 957 more
1303 933 1369 957 suo
1405 921 1574 970 antiqua-

126 983 262 1020 riorum
288 981 424 1030 scripta
451 982 644 1031 expilauit,
673 993 730 1017 res
753 987 962 1031 superesset
990 993 1128 1028 necne,
1155 993 1227 1017 non
1255 983 1407 1020 curauit.
1459 983 1597 1023 Tem&

125 1056 195 1094 pus
220 1042 457 1080 dedicationis
484 1049 606 1079 autem
634 1049 744 1092 poeta
771 1056 806 1079 u.
825 1047 893 1080 131
923 1042 1109 1090 indicauit,
1139 1043 1199 1078 ubi
1226 1049 1345 1079 tamen
1373 1045 1575 1094 scripturae

125 1105 240 1143 multa
266 1110 322 1141 est
355 1103 560 1140 difficultas.
615 1105 739 1141 Altera
773 1105 935 1141 codicum
970 1109 1025 1140 est
1060 1105 1276 1141 auctoritas:
1313 1107 1473 1143 Vouerat
1504 1105 1574 1143 illa

124 1167 267 1218 quidem
297 1166 440 1204 Curius.
492 1166 523 1200 A
549 1165 613 1201 Μ’.
641 1166 752 1202 Curio
778 1167 937 1203 Dentato
963 1165 1077 1202 Lares
1103 1165 1297 1202 Praestites
1330 1166 1574 1205 commendari

124 1236 238 1277 certe,
266 1227 438 1278 quicquid
464 1227 541 1264 aliis
566 1227 703 1276 placet,
731 1234 916 1278 poterant,
943 1229 994 1263 uti
1020 1239 1042 1263 a
1067 1226 1110 1263 P.
1133 1228 1283 1264 Aemilio
1310 1229 1511 1266 Permarini
1536 1235 1574 1266 et

123 1303 147 1329 a
181 1291 232 1335 Q.
257 1289 389 1326 Fuluio
423 1288 556 1325 Flacco
595 1287 758 1325 fortassis
791 1289 952 1325 Hostiliiz
998 1300 1217 1338 quamquam
1251 1289 1415 1339 displicet
1447 1292 1574 1328 uoueri

123 1354 231 1402 signa
256 1358 293 1389 et
317 1351 435 1400 ipsum
461 1362 593 1387 'uouere
624 1363 707 1387 cum
743 1350 789 1387 de
815 1349 1041 1387 dedicatione
1075 1357 1286 1400 quaeratur.
1338 1350 1478 1390 Verum
1503 1352 1573 1388 ista

123 1415 303 1464 scriptura
328 1424 351 1448 a
377 1412 477 1448 nullo
504 1412 718 1462 exploratae
744 1411 827 1448 fidei
856 1411 946 1447 libro
965 1417 1089 1449 uetere
1113 1412 1361 1450 confirmatur.
1402 1412 1573 1464 Optimus

124 1483 163 1514 et
189 1474 448 1514 uetustissimus
475 1473 695 1510 Petauianus
722 1473 831 1523 paulo
866 1479 952 1509 ante
978 1484 1061 1510 eum
1094 1473 1212 1511 locum
1240 1475 1387 1520 desinit,
1421 1476 1574 1525 proximi

125 1550 191 1574 sex
217 1534 444 1574 saeculorum
472 1536 623 1583 decimi,
657 1535 856 1582 undecimi,
892 1534 1094 1572 duodecimi
1130 1535 1177 1572 ad
1211 1548 1322 1573 unum
1348 1548 1474 1574 omnes
1507 1536 1574 1574 ha-

125 1600 231 1637 bent:
257 1599 340 1636 Ara
365 1602 445 1635 erat
470 1597 534 1635 illa
561 1596 702 1646 quidem
732 1595 896 1634 Gwrtbus.
952 1597 1031 1633 Hoc
1056 1597 1302 1635 molestissime
1328 1597 1400 1634 dici
1426 1610 1495 1636 nee
1515 1605 1574 1636 to-

125 1661 234 1698 lerari
250 1673 359 1710 posse
381 1660 447 1709 ipsi
468 1666 608 1695 ueteres
632 1659 911 1707 interpolatores
934 1666 1218 1708 perspexerunt:
1246 1659 1354 1697 hodie
1376 1661 1462 1710 quin
1480 1661 1573 1698 mul·

126 1724 172 1760 tis
197 1723 396 1773 probetur,
434 1721 491 1757 uix
519 1721 667 1766 dubit03
705 1726 741 1756 et
775 1732 859 1756 ecce
893 1719 978 1755 dum
1005 1720 1097 1756 haec
1122 1721 1238 1757 scribo
1266 1721 1417 1758 affertur
1443 1721 1490 1758 ad
1515 1734 1575 1759 me

126 1785 270 1826 libellus
295 1796 411 1819 nouus
439 1783 689 1830 Hertzbergii,
728 1782 828 1817 cuius
854 1781 1019 1831 plagulas
1045 1779 1266 1831 peruoluens
1293 1795 1330 1832 p.
1346 1785 1394 1819 43
1421 1789 1574 1820 annota-

126 1853 203 1883 tum
232 1845 337 1881 uideo
364 1845 432 1881 isto
455 1844 578 1891 modo,
604 1842 749 1880 additur
775 1849 895 1879 tamen
923 1843 1031 1879 etiam
1056 1844 1204 1880 Curium
1229 1844 1298 1881 dici
1324 1845 1485 1895 potuisse
1505 1857 1574 1895 pro

130 1909 270 1955 Quirite
293 1906 351 1943 uel
368 1906 537 1951 Romulo,
563 1905 621 1942 uel
639 1907 781 1953 Numa,
807 1904 866 1940 uel
895 1907 1015 1942 Tatio.
1067 1905 1212 1942 Vtinam
1239 1919 1312 1943 non
1339 1906 1574 1944 euoluissem!

130 1968 284 2008 Curibus
309 1968 563 2018 explicandum
587 1966 731 2003 uidetur
757 1978 801 2003 ex
827 1967 943 2004 altero
968 1968 1031 2004 illo
1061 1969 1100 2016 6,
1125 1970 1222 2004 216:
1250 1970 1303 2005 sic
1327 1968 1472 2006 uoluere
1501 1969 1575 2006 Gu-

125 2044 203 2078 res3
239 2032 344 2068 aliter
368 2030 537 2079 Propert.
565 2028 602 2077 5,
627 2029 666 2076 4,
691 2030 728 2064 9.
779 2029 888 2064 Aram
914 2029 1051 2065 Larum
1078 2041 1100 2066 a
1128 2030 1239 2066 Tatio
1266 2030 1469 2067 dedicatam
1496 2042 1576 2067 esse

125 2093 237 2130 tradit
270 2093 389 2130 Varro
423 2093 470 2128 de
505 2092 531 2128 l.
559 2091 584 2128 1.
611 2091 648 2135 5,
674 2091 738 2127 74.
798 2090 926 2127 Restat
962 2090 1071 2139 igitur
1105 2091 1292 2128 exordium
1326 2105 1452 2128 uersus
1487 2104 1575 2128 con·

125 2157 263 2192 iectura
287 2166 395 2205 quam
422 2160 545 2203 potest
575 2152 754 2189 lenissima
791 2151 1017 2199 sanandum,
1054 2152 1152 2201 quod
1187 2152 1350 2189 librarios
1373 2153 1576 2202 corrupisse

125 2230 170 2255 eo
197 2225 363 2267 tempore
389 2216 574 2262 existimo,
612 2227 685 2264 quo
714 2214 905 2250 uncialium
933 2214 1131 2250 litterarum
1158 2214 1335 2250 increbuit
1361 2227 1467 2250 usus:
1505 2226 1575 2250 una

126 2280 330 2316 tenuissima
355 2280 448 2315 linea
469 2285 556 2314 tunc
574 2276 731 2316 distabat
748 2276 829 2313 Ara
851 2283 887 2312 et
910 2276 1025 2313 Oura:
1051 2275 1118 2312 cfr.
1147 2278 1204 2312 Tu
1221 2275 1309 2312 mihi
1331 2287 1419 2312 cura
1433 2275 1575 2320 Phaon,

125 2341 291 2390 nymphis
312 2353 469 2389 curaque
488 2351 659 2388 atuorque
677 2337 746 2385 fui,
771 2339 868 2375 Oura
892 2340 944 2386 pii
969 2337 1039 2374 diis
1057 2342 1155 2378 sunt,
1193 2339 1386 2374 Caeterum
1407 2338 1437 2374 si
1457 2338 1575 2374 Varro

125 2404 285 2440 scribere
312 2404 429 2452 potuit
446 2402 601 2439 Sabinos
628 2401 743 2436 dictos
769 2411 847 2436 esse
876 2395 956 2436 ἀπὸ
979 2399 1050 2436 τοῦ
1070 2396 1280 2447 σέβεσθαι,
1310 2400 1407 2436 Fest.
1426 2412 1464 2449 p.
1485 2401 1575 2447 343,

129 2467 178 2502 33
206 2464 321 2512 dext„
349 2465 468 2513 potuit
494 2463 681 2513 parechesi
707 2461 832 2498 ludere
859 2471 980 2512 poeta,
1009 2470 1047 2498 ut
1073 2463 1109 2498 in
1136 2462 1197 2497 illo
1228 2464 1348 2498 Venus
1372 2463 1411 2498 iu
1436 2464 1549 2498 uenis.

230 2526 287 2562 De
322 2537 402 2561 ara
424 2526 553 2562 louis
579 2524 782 2563 Pistoris
817 2527 855 2572 ὃ,
882 2524 956 2561 350
981 2536 1091 2574 supra
1117 2536 1154 2573 p.
1172 2535 1324 2559 Lxxxv
1353 2521 1470 2558 fassus
1495 2534 1575 2559 sum

77 2628 79 2633 ,
128 2588 379 2638 ignorantiam.

231 2650 362 2687 Restat
396 2649 630 2687 sacellum
657 2648 832 2686 Larum
867 2650 903 2693 6,
930 2649 1017 2686 791.
1069 2647 1121 2684 lta
1155 2646 1362 2697 appellatur
1396 2658 1418 2682 a
1443 2645 1576 2682 Tacito
1641 2658 1649 2665 *
