1685 2954
115 48 249 81 ccvm
748 49 805 81 DE
834 50 931 82 nms

114 150 227 188 uerba
251 150 434 188 immnuta·
465 153 504 187 et
532 153 649 199 potest
682 149 842 189 indicare
875 150 1080 190 uideantur.
1133 151 1359 189 Testimonia
1393 159 1557 192 ueterum

113 211 162 249 de
188 211 257 248 hoc
281 212 351 248 deo
378 211 548 259 habebis,
574 212 602 248 si
629 211 758 250 adieris
782 213 998 250 Muellerum
1024 214 1168 251 Etrusc.
1194 218 1232 258 2,
1259 226 1298 264 p.
1317 216 1382 262 60,
1399 217 1464 263 61,
1492 215 1557 253 sed

113 273 287 311 adieceris
314 272 462 308 Festum
489 285 527 322 p.
546 274 635 321 229,
663 277 682 310 1
711 275 793 319 sin„
825 276 887 325 qui
913 276 1084 313 conuenit
1115 289 1197 312 cum
1224 276 1413 326 Augustini
1439 278 1559 315 uerbis

111 340 150 371 et
174 333 310 369 Arnob.
339 335 374 377 6,
401 335 439 380 3,
466 333 528 370 ubi
554 335 662 371 etiam
689 348 756 386 pro
781 336 867 374 Dite
893 337 1051 387 ponitur.
1103 338 1227 374 Altera
1262 337 1373 386 igitur
1405 337 1454 375 de
1485 338 1557 375 deo

110 395 337 444 fulguratore
371 406 416 430 ex
448 394 686 434 Etruscorum
721 397 909 447 disciplina
944 399 1059 448 petita
1094 398 1239 436 uidetur
1269 399 1468 446 sententia,
1503 399 1557 436 al·

110 463 189 493 tera
215 456 433 493 Sabinorum
459 455 585 504 suerit,
613 457 696 495 uide
722 459 830 497 Varr.
851 459 898 496 de
924 460 948 497 1.
979 460 1002 496 l.
1030 459 1070 506 5,
1088 460 1150 496 74.
1203 460 1367 510 Vtraque
1393 472 1474 496 cum
1499 459 1558 497 fa·

109 518 240 554 cillime
266 517 498 562 concilietur,
534 519 570 554 in
606 519 750 556 nomine
781 521 1007 569 potissimum
1036 520 1192 558 haesisse
1218 521 1420 558 Varronem
1446 527 1558 571 puta-

109 580 235 616 uerim.
287 578 485 615 Muellerus
510 580 596 628 quia
621 579 719 629 apud
739 580 910 617 Plautum
929 580 1102 618 Bacchid.
1125 583 1164 630 4,
1177 584 1217 630 8,
1233 583 1284 619 54
1311 583 1411 619 libri:
1439 581 1557 620 Sub-

108 652 289 688 manus,
317 639 394 684 Sol,
423 641 610 677 Saturnus
635 640 740 689 dique
764 653 886 678 omnes
912 646 1033 678 ament
1058 642 1207 691 babent,
1234 643 1317 681 ideo
1342 655 1475 680 nomen
1501 645 1557 681 la-

108 702 224 739 tinum
258 714 329 738 non
366 701 479 738 fuisse
511 702 728 751 suspicatur.
780 701 871 738 Mihi
905 702 1057 740 eandem
1091 697 1138 741 ob
1165 716 1309 740 causam
1334 704 1555 742 Summanus

107 763 203 801 idem
237 763 348 800 fuisse
382 762 572 800 Nocturno
598 763 859 810 Etruscorum,
898 763 1023 800 Muell.
1052 768 1090 811 2,
1118 777 1156 814 p.
1175 768 1245 801 131
1274 777 1359 802 ann.
1387 767 1457 813 26,
1489 765 1555 802 sed

107 831 278 862 neutrum
306 837 438 862 nomen
466 836 486 861 a
514 824 634 874 lingua
651 825 806 861 Etrusca
832 823 1070 874 repetendum
1098 825 1252 862 uidetur.
1304 825 1400 863 Nam
1427 839 1555 877 quem-

105 886 303 924 admodum
329 886 388 923 dei
411 886 517 923 inseri
542 886 669 923 ominis
697 897 806 922 causa
836 899 908 923 non
935 886 1042 935 nigri,
1068 886 1131 923 sed
1157 887 1285 936 aquilii
1310 889 1428 925 uocati
1453 894 1554 937 sunt,

105 948 182 985 uid.
209 947 347 985 Placidi
379 949 488 997 gloss.
518 960 555 996 p.
571 949 643 985 451
666 947 736 995 M.;
768 947 874 985 Paul.
900 948 1003 986 Diae.
1031 960 1071 997 p.
1085 952 1216 996 22‚2‚
1249 955 1287 986 et
1318 949 1555 999 quemadmo-

105 1009 192 1047 dum
220 1008 424 1059 Sophocles
451 1010 487 1046 in
511 1008 656 1059 Oedipo
682 1021 770 1059 rege
788 1009 910 1047 Ditem
936 1016 1077 1059 patrem
1104 1010 1219 1047 noluit
1244 1017 1460 1048 nocturnum
1487 1025 1554 1050 uo-

107 1083 207 1120 care,
235 1067 403 1120 ἕσπερον
429 1066 529 1109 θεὸν
555 1071 657 1119 dixit,
683 1071 733 1108 ita
759 1071 836 1109 fieri
861 1072 993 1121 potuit,
1019 1079 1059 1108 ut
1084 1084 1106 1109 a
1129 1073 1278 1110 meliore
1296 1074 1460 1122 proximo
1476 1085 1555 1111 ma-

104 1134 221 1172 tutino
249 1140 414 1184 tempore
440 1132 650 1170 Submanus
675 1134 945 1181 nominaretur,
971 1132 1050 1170 sere
1075 1140 1115 1170 ut
1139 1134 1296 1171 Romani
1323 1140 1416 1172 teste
1440 1135 1552 1173 Festo

103 1208 144 1247 p.
162 1198 250 1243 306,
269 1197 318 1232 26
335 1196 404 1231 sin.
431 1193 635 1231 substillum
661 1194 892 1244 appellarunt
917 1202 1059 1245 tempus
1085 1202 1170 1233 ante
1195 1196 1368 1245 pluuiam.

207 1256 317 1302 Quod
345 1255 468 1295 Varro
494 1256 540 1293 fr.
562 1257 587 1291 4
612 1256 764 1293 Palem
792 1257 989 1294 masculum
1018 1256 1126 1293 deum
1152 1256 1255 1301 fecit,
1288 1264 1454 1307 spectare
1479 1272 1553 1308 po-

103 1320 172 1358 tuit
198 1320 435 1356 Etruscorum
461 1318 702 1367 disciplinam,
731 1320 794 1369 qui
822 1320 917 1356 inter
941 1319 1097 1355 Penates
1123 1317 1322 1355 secundum
1349 1320 1484 1357 Arnob.
1512 1323 1551 1368 3,

103 1382 155 1418 40
181 1381 304 1418 colunt
330 1380 476 1425 Palem,
501 1379 565 1417 sed
590 1392 661 1417 mm
686 1379 791 1417 illam
815 1380 1011 1428 sentinam,
1040 1391 1148 1428 quam
1173 1379 1382 1427 neutyarztas
1406 1384 1549 1431 accipit,

101 1442 166 1480 sed
186 1442 378 1480 ”tascie-lini
397 1444 514 1480 nescio
535 1454 637 1491 quem
654 1444 792 1490 generis
810 1444 1015 1479 ministrum
1033 1442 1135 1478 Iouis
1155 1453 1198 1478 ac
1219 1441 1391 1479 uillicum.
1429 1443 1550 1492 Ipsum

101 1505 199 1542 hunc
216 1505 361 1542 Arnobii
380 1505 498 1540 locum
521 1504 582 1540 ubi
600 1504 718 1552 attigit
738 1503 948 1551 Muellerus,
970 1503 1049 1539 Etr.
1065 1506 1103 1550 2,
1122 1516 1160 1552 p.
1173 1505 1233 1547 61,
1259 1505 1462 1554 suspicatur
1478 1504 1550 1540 Pa-

102 1568 145 1605 lis
164 1580 296 1604 nomen
317 1578 388 1603 non
410 1578 490 1603 esse
506 1566 716 1612 Etruscum,
742 1565 806 1601 sed
831 1572 957 1601 mutuo
976 1571 1159 1614 sumptum
1181 1576 1202 1600 a
1220 1565 1408 1601 Romanis.
1449 1565 1551 1602 Sane

100 1629 229 1666 mirum
255 1628 352 1665 foret
386 1626 485 1676 apud
516 1633 709 1676 utrumque
737 1627 914 1676 populum
948 1626 1042 1663 idem
1070 1638 1203 1662 nomen
1228 1627 1305 1663 sine
1331 1626 1406 1662 ullo
1433 1633 1550 1664 trans-

100 1691 243 1727 lationis
271 1690 420 1738 uestigio
446 1688 690 1738 deprehendi:
717 1699 844 1724 uerum
872 1687 981 1723 nihilo
1009 1687 1233 1736 probabilius
1260 1694 1314 1725 est
1340 1689 1550 1737 grammati-

101 1763 183 1788 cum
210 1751 317 1787 istum
344 1752 379 1787 in
406 1757 534 1798 tanta,
561 1761 655 1799 quae
682 1757 854 1796 notatur,
888 1749 1043 1784 numinis
1069 1748 1214 1785 Etrusci
1247 1756 1284 1786 et
1310 1749 1450 1786 romani
1477 1749 1551 1787 dis-

99 1812 332 1849 similitudine
367 1811 472 1848 huius
504 1811 788 1861 appellationem
816 1811 1010 1847 contulisse
1043 1811 1079 1846 in
1113 1809 1213 1847 illud.
1265 1811 1338 1847 Aut
1368 1812 1476 1860 igitur
1500 1812 1550 1848 si-

98 1873 183 1912 mile
209 1885 339 1910 nomen
360 1874 555 1910 Etruscum
582 1884 767 1909 romanam
793 1871 962 1919 sormam,
989 1872 1279 1909 terminationem
1300 1873 1467 1922 maxime,
1494 1873 1549 1910 in-

99 1936 193 1983 duit,
220 1942 284 1972 aut
310 1935 507 1972 admonitio
536 1934 583 1972 de
608 1934 820 1970 diuersitate
844 1946 953 1970 sexus
983 1940 1021 1970 et
1049 1934 1157 1970 officii
1185 1939 1239 1970 est
1263 1934 1422 1983 Arnobii,
1450 1935 1548 1985 prio-

99 2009 173 2044 res,
199 1997 361 2033 fortassis
387 2004 541 2046 uterque
565 1994 735 2046 populus,
763 2007 907 2032 causam
933 1995 1163 2043 inuenerant,
1192 2008 1256 2031 cur
1276 1997 1423 2033 numina
1444 2009 1546 2033 com-

97 2065 285 2109 pararent.
334 2058 428 2094 Eam
451 2069 596 2094 causam
625 2057 810 2106 intelligo,
844 2056 943 2106 quod
971 2056 1101 2094 indicia
1127 2058 1306 2107 quaedam
1331 2044 1465 2094 docere
1490 2057 1546 2093 ui-

97 2120 232 2156 dentur
257 2120 398 2156 Romae
432 2130 579 2169 quoque
606 2117 731 2155 Palem
763 2119 919 2168 aliquem
955 2119 1170 2168 pertinuisse
1203 2118 1249 2155 ad
1276 2119 1444 2156 Penates.
1497 2118 1543 2154 Hi

91 2181 184 2217 culti
222 2188 306 2217 sunt
340 2182 480 2218 Romae
517 2187 555 2217 et
589 2180 730 2216 Lauinii
769 2192 850 2216 cum
886 2181 1000 2217 Vesta
1041 2186 1078 2217 et
1112 2180 1300 2228 Palladio,
1335 2181 1468 2218 Strabo
1504 2181 1542 2226 6,

95 2254 134 2292 p.
153 2245 226 2279 264
237 2243 302 2279 BC
329 2243 507 2280 Casaub.:
536 2238 602 2278 καὶ
628 2236 706 2291 γὰρ
734 2238 774 2278 ἐν
795 2235 930 2289 Ῥώμη
957 2238 1023 2278 καὶ
1051 2238 1091 2278 ἐν
1111 2239 1326 2293 Λαουινίῳ
1352 2264 1401 2270 -—
1421 2236 1544 2283 Ἰλιὰς

86 2299 246 2351 ,Ἀθηνᾶ
265 2304 457 2351 καλεῖται,
486 2296 540 2346 ὡς
559 2299 713 2340 ἐκεῖθεν
739 2304 1000 2351 κομισθεῖσα,
1031 2304 1200 2341 Clausen.
1220 2317 1257 2353 p.
1273 2305 1359 2340 623.
1398 2302 1438 2338 Id
1458 2303 1541 2338 Pal-

96 2365 254 2412 ladium,
290 2366 337 2402 de
364 2366 463 2402 cuius
490 2366 710 2402 obscuritate
748 2365 831 2402 uide
858 2366 1089 2402 Clausenium
1116 2379 1153 2416 p.
1171 2368 1266 2412 700,
1300 2364 1541 2413 excogitatum

94 2433 150 2464 est
175 2438 197 2463 a
223 2428 402 2475 Graecis,
437 2428 488 2463 uti
521 2427 701 2464 coniicere
735 2427 879 2474 licebit,
917 2434 1068 2476 propter
1098 2426 1210 2464 simile
1237 2425 1381 2475 aliquod
1409 2437 1541 2462 nomen

94 2501 176 2525 cum
210 2488 407 2525 Penatibus
442 2489 613 2538 ’coniungi
650 2490 809 2526 solitum.
880 2487 1021 2525 Eodem
1056 2488 1163 2525 modo
1202 2487 1372 2526 Pallantis
1408 2498 1540 2523 nomen

93 2562 264 2600 graecum
292 2549 449 2586 refertur
475 2549 521 2585 ad
549 2549 753 2598 Lauiniam,
783 2550 852 2586 hoc
877 2556 945 2597 est,
974 2549 1019 2585 ad
1047 2550 1198 2598 patriam
1224 2548 1415 2586 Penatium
1441 2547 1541 2598 apud

91 2611 297 2661 Polybium,
323 2611 473 2658 Dionys.
504 2611 587 2648 Hal.
619 2615 654 2659 1,
675 2614 739 2659 32,
768 2610 939 2649 Clausen.
967 2623 1006 2660 p.
1023 2613 1108 2658 888,
1137 2609 1443 2661 quemadmodum
1467 2608 1540 2647 Pa-
