1685 2954
104 91 241 122 xcvm
700 86 948 123 Anvtovnnn

105 191 266 240 {icciliwm
289 200 330 226 co
356 188 459 232 libro,
486 197 587 236 (ptem
612 185 702 233 fecit
720 186 763 224 tle
786 187 1112 238 &applicationibus
1120 214 1131 233 ,
1157 187 1219 223 ubi
1246 187 1379 237 uulgo:
1405 191 1555 240 pontifi-

107 253 200 291 calis
214 253 253 290 in
278 263 337 295 ⁰03
363 250 520 286 incertus
545 260 626 286 sum
651 246 809 286 fueritne
835 251 930 287 inter
950 249 1015 287 hos
1041 248 1151 288 libros
1177 250 1238 287 ille
1265 248 1308 286 de
1323 250 1442 289 uerbis
1460 265 1554 302 pon-

107 313 313 362 tificalibus,
340 321 448 359 quem
478 309 613 358 allegat
638 309 752 348 Macr.
780 314 818 359 2,
848 312 908 358 16,
935 323 972 361 p.
988 313 1075 357 377,
1101 318 1139 349 et
1167 324 1252 348 num
1279 319 1384 349 recte
1409 313 1455 349 ab
1482 314 1559 350 Vr-

107 376 186 413 sino
211 372 418 423 suppletum
438 370 555 408 dicam
575 371 724 408 Festum
750 383 788 422 p.
805 372 894 420 158,
911 375 934 408 3
949 373 1037 409 sin.2
1067 375 1247 411 Veranius
1266 375 1300 410 in
1327 373 1417 410 libro
1444 371 1559 422 [quom

107 436 293 483 inscripsit
317 434 521 483 priscarum
545 430 702 481 uo]mtm.
757 434 926 470 Attamen
953 442 1234 472 commentatum
1261 447 1342 472 eum
1370 441 1562 484 praeterea

108 509 188 535 esse
212 495 259 533 de
284 495 404 533 uerbis
429 494 554 544 priscis
580 494 630 538 Q.
657 495 765 532 Fabii
791 495 943 531 Pictoris
969 495 1077 533 docet
1107 496 1270 533 Macrob.
1298 500 1336 543 3,
1357 499 1396 543 2,
1422 508 1460 544 p.
1475 496 1561 532 384.

108 559 208 597 Vixit
227 556 407 596 Veranius
434 556 528 592 intra
553 567 668 593 annos
688 556 734 594 V.
752 557 796 593 C.
815 557 891 592 664
910 562 947 593 et
967 558 1056 605 767,
1083 559 1135 594 uti
1162 558 1391 607 cognoscitur
1411 568 1432 593 e
1450 555 1564 592 Festo

109 634 147 671 p.
164 622 256 669 289,
276 621 326 657 24
342 619 411 656 sin.
451 617 686 667 Scripserunt
712 617 755 654 de
780 619 858 654 iure
883 616 1066 666 pontificio
1092 620 1366 656 commentarios
1392 617 1565 654 Antistius

109 682 236 720 Labeo
262 681 363 718 libris
387 679 574 717 minimum
602 679 790 729 sexaginta
816 684 922 726 octo,
957 678 1074 719 Macr.
1099 682 1139 728 3,
1167 682 1228 726 10,
1256 693 1294 730 p.
1314 681 1412 728 408,
1441 679 1564 715 Ateius

110 743 244 795 Capito
268 748 423 792 septem,
449 741 550 778 Fest.
578 753 615 791 p.
634 740 722 788 154,
740 743 787 776 31
814 739 935 787 dext.;
971 739 1016 776 C.
1046 741 1242 778 Trebatius
1269 742 1385 777 Testa
1410 740 1452 777 de
1476 740 1564 778 reli-

108 805 276 855 9iowibus
309 804 419 840 libros
455 814 588 840 nouem
627 807 690 839 aut
715 802 861 852 plures,
897 801 1060 839 Macrob.
1088 805 1126 850 3,
1152 803 1177 839 ’7
1200 802 1283 850 fin.;
1317 802 1368 839 M.
1394 801 1567 841 Valerius

109 867 269 905 Messala
294 865 342 902 de
368 864 455 901 Iano
482 873 542 912 ea,
567 873 664 913 quae
684 862 800 900 Macr.
824 867 861 911 1,
881 864 920 912 9,
943 875 981 913 p.
997 865 1074 900 227
1096 869 1133 900 et
1157 864 1207 900 10.
1229 862 1353 911 Lydus
1378 863 1426 900 de
1451 875 1567 900 mens.

112 942 150 980 p.
169 930 243 966 144
263 927 335 964 Βὸ.
364 931 582 973 seruarunt,
611 937 699 961 num
725 924 761 961 in
787 925 885 961 libris
912 925 955 962 de
978 926 1162 976 auspiciis,
1191 924 1288 961 Gen.
1307 927 1368 972 13,
1386 923 1449 973 15,
1475 937 1568 974 quos

112 990 161 1027 de
187 989 447 1040 explanatione
472 987 712 1035 auguriorum
736 992 922 1035 nuncupat
948 986 1080 1024 Festus
1106 999 1144 1036 p.
1162 987 1248 1034 161,
1268 987 1317 1022 29
1334 986 1402 1023 sin.
1430 991 1468 1022 et
1491 986 1569 1023 for-

112 1057 210 1087 tasse
229 1063 269 1099 p.
283 1049 370 1094 253,
388 1051 436 1085 23
457 1048 574 1096 dext„
601 1060 648 1084 an
675 1047 710 1084 in
738 1046 828 1092 aliis,
855 1049 998 1096 nescio,
1025 1048 1249 1098 Pomponius
1276 1049 1396 1085 nescio
1423 1048 1502 1097 quis
1522 1047 1569 1085 de

113 1110 185 1147 dea
203 1110 346 1147 Murcia
366 1116 458 1147 teste
473 1110 672 1159 Augustino
693 1109 740 1146 de
759 1122 790 1146 c.
811 1108 846 1147 d.
867 1111 906 1157 4,
923 1111 985 1157 16,
1012 1109 1166 1147 sortasse
1187 1109 1283 1146 idem
1303 1110 1569 1158 grammaticus,

113 1185 223 1223 quem
248 1172 350 1209 Fest.
377 1183 414 1219 p.
431 1172 517 1215 318,
537 1175 556 1207 l
578 1170 644 1207 sin.
671 1171 852 1219 nominat,
879 1170 1040 1220 Lepidus
1067 1171 1110 1208 (le
1127 1170 1372 1209 sacerdotibus
1396 1176 1489 1207 teste
1513 1169 1568 1208 Io.

113 1233 219 1282 Lydo
245 1232 293 1269 de
319 1233 479 1281 magistr.
501 1236 538 1280 1,
561 1234 629 1280 173
658 1231 848 1268 Cornelius
874 1232 1058 1282 Epicadus
1083 1233 1130 1270 de
1151 1233 1288 1283 Argeis,
1315 1233 1429 1269 Macr.
1452 1235 1569 1279 l,11‚

114 1307 152 1344 p.
167 1295 265 1341 2403
290 1293 333 1330 P.
356 1293 525 1342 Nigidius
543 1294 691 1342 Figulus
710 1292 752 1330 (le
768 1293 840 1330 dtis
857 1295 966 1331 libros
986 1296 1171 1332 minimum
1190 1293 1429 1342 undeuiginti,
1454 1292 1569 1329 Maur.

114 1358 151 1401 3,
164 1357 203 1403 4,
228 1369 266 1405 p.
283 1357 369 1400 391,
397 1354 440 1391 dc
464 1357 560 1392 extis
586 1367 710 1403 unum,
738 1356 836 1392 Geli.
858 1358 917 1401 16,
933 1358 976 1404 63
1004 1357 1119 1395 Macr.
1143 1359 1179 1401 6,
1196 1358 1233 1400 9,
1260 1369 1297 1405 p.
1312 1355 1401 1401 569,
1427 1355 1572 1403 anywrii

113 1419 255 1468 priuati.
288 1418 449 1467 aliquot,
487 1417 586 1454 Gell.
613 1418 652 1465 6,
680 1418 717 1454 6.
779 1416 879 1454 Idem
905 1417 1069 1468 Nigidius
1109 1431 1194 1455 num
1230 1419 1267 1454 in
1302 1418 1571 1454 commentumiis

112 1480 368 1528 yrammatzcis
393 1485 468 1515 tam
496 1478 611 1515 multa
636 1489 683 1516 ex
707 1478 786 1515 iure
812 1479 997 1528 pontificio
1024 1480 1258 1530 explicuerit,
1286 1490 1396 1529 quam
1423 1478 1569 1527 reliqui,

115 1541 178 1591 qui
206 1540 336 1577 abhinc
360 1541 696 1588 enumerabuntur,
732 1538 890 1576 dubitari
917 1542 1043 1590 possit.
1095 1541 1234 1578 Eorum
1268 1546 1389 1576 tamen
1416 1541 1452 1576 in
1477 1540 1570 1576 libro

115 1601 394 1639 undetricesimo
418 1613 495 1639 rem
522 1601 670 1649 docuit,
706 1613 814 1650 quam
848 1602 877 1638 si
905 1602 1015 1639 Gellii
1050 1603 1149 1640 locus
1178 1605 1240 1650 10,
1262 1602 1286 1638 5
1313 1614 1386 1638 non
1413 1608 1570 1649 extaret,

116 1665 361 1713 suspicaretur
396 1663 475 1713 quis
513 1662 686 1701 Ouidium
723 1662 761 1711 5,
789 1665 863 1699 281
900 1665 1072 1713 petiuisse
1108 1677 1130 1701 a
1164 1665 1319 1711 Verrio,
1354 1662 1428 1700 uid.
1463 1662 1570 1699 Paul.

116 1738 154 1774 p.
174 1726 262 1772 119,
278 1728 316 1762 2.
368 1725 552 1762 Cornificii
586 1736 657 1772 ea,
691 1733 787 1774 quae
812 1725 944 1762 Festus
978 1727 1159 1770 seruauit,
1195 1724 1283 1774 quin
1317 1726 1388 1761 sint
1423 1736 1468 1762 ex
1493 1724 1570 1762 eius

114 1790 313 1832 omniorum
339 1786 459 1833 libris,
494 1797 586 1834 quos
612 1785 820 1822 Macrobius
845 1787 1003 1835 passim,
1031 1793 1069 1824 et
1093 1787 1239 1823 tertium
1265 1786 1412 1836 quidem
1437 1791 1505 1823 sat.
1532 1788 1571 1834 1,

114 1849 155 1895 9,
172 1860 210 1897 p,
229 1849 305 1884 226
332 1846 478 1896 allegat,
504 1847 565 1883 uix
591 1853 646 1884 est
664 1847 835 1884 dubium:
865 1848 1057 1897 utrobique
1083 1849 1178 1885 enim
1198 1848 1396 1898 persimilia
1420 1849 1571 1884 inuenta

116 1908 369 1959 proferuntur,
396 1919 492 1958 quae
518 1920 589 1945 nec
616 1910 662 1945 ab
689 1909 904 1959 argumento
924 1908 1061 1958 Ouidii,
1088 1922 1156 1947 nee
1181 1910 1227 1946 ab
1254 1910 1332 1959 ipsa
1358 1911 1434 1946 eius
1460 1921 1569 1959 argu-

116 1971 166 2007 tia
193 1976 229 2007 et
252 1970 428 2007 facilitate
448 1971 558 2019 longe
576 1971 722 2007 absunt.
763 1971 950 2020 Allegatur
970 1972 1078 2007 etiam
1097 1971 1270 2016 eiusdem,
1296 1973 1327 2009 si
1346 1971 1455 2008 modo
1474 1970 1569 2007 idem

115 2037 194 2079 est,
232 2031 319 2068 iiber
344 2033 484 2080 primus
521 2030 563 2068 de
595 2034 714 2069 coenis
749 2032 896 2070 deorum
928 2033 1026 2082 apud
1052 2033 1276 2070 Priscianum
1303 2035 1341 2080 6,
1369 2045 1406 2082 p.
1424 2034 1496 2069 711
1525 2031 1567 2068 P.

118 2093 170 2128 Ac
187 2093 314 2141 quaeri
340 2094 466 2142 possit,
495 2105 580 2129 num
600 2094 814 2143 cognomine
839 2093 950 2130 fuerit
966 2093 1128 2142 Longus,
1156 2107 1265 2144 quem
1283 2094 1429 2130 fabulae
1450 2093 1569 2129 cuius-

116 2153 200 2190 dam
227 2160 413 2191 auctorem
439 2155 580 2204 scripsit
605 2156 755 2193 Seruius
781 2155 827 2193 ad
855 2156 945 2192 Aen.
974 2159 1013 2202 3,
1040 2158 1126 2193 332.
1179 2157 1340 2203 Versus,
1368 2167 1460 2205 quos
1484 2154 1569 2190 Ma-

117 2215 259 2251 crobius
285 2217 323 2263 6,
349 2216 374 2251 4
401 2222 437 2253 et
463 2217 486 2253 5
513 2216 677 2266 profert,
712 2224 812 2255 certe
836 2223 922 2254 sunt
950 2216 1131 2253 Cornificii
1158 2218 1277 2265 Galli,
1314 2217 1360 2254 de
1387 2229 1459 2266 quo
1485 2215 1569 2252 uide

116 2275 393 2326 Weichertum,
422 2279 539 2315 uirum
565 2279 776 2328 egregium,
802 2284 901 2328 poet.
928 2278 991 2315 lat.
1021 2279 1099 2315 reli.
1129 2291 1166 2328 p.
1191 2279 1262 2315 165
1288 2291 1343 2329 sq.
1376 2284 1414 2315 et
1439 2289 1505 2313 nos
1531 2277 1567 2313 in

116 2338 253 2385 prolus.
281 2338 327 2374 ad
354 2339 432 2376 Ibin
456 2353 492 2390 p.
510 2339 719 2376 363-65.
779 2340 953 2376 Macrobii
985 2341 1135 2377 similem
1171 2340 1423 2389 negligentiam
1456 2336 1568 2388 supra

115 2397 420 2447 deprehendimus
465 2403 500 2437 in
534 2401 767 2438 Labeonibus
805 2413 878 2438 non
916 2402 1172 2439 discernendis.
1234 2402 1277 2438 L.
1305 2401 1421 2438 Cincii
1457 2400 1567 2436 libros

115 2457 207 2495 duos
237 2458 279 2495 de
304 2461 421 2497 uerbis
445 2465 576 2511 priscis
602 2468 798 2512 usurpatos
823 2475 845 2499 a
865 2463 993 2500 Verrio
1013 2464 1142 2499 Festus
1170 2468 1345 2499 testatur:
1373 2461 1420 2499 de
1447 2468 1567 2498 aetate

115 2520 192 2556 eius
218 2533 329 2569 supra
359 2530 416 2558 est
439 2523 588 2560 dictum.
640 2525 788 2561 Sinnius
815 2525 974 2574 Capito,
1002 2525 1127 2561 Ouidii
1155 2531 1192 2561 et
1219 2523 1338 2561 Clodii
1365 2523 1478 2559 Tusci
1504 2534 1566 2558 ae-

115 2583 246 2630 qualis,
271 2583 368 2632 apud
393 2584 541 2621 Festum
568 2585 738 2623 laudatur
761 2592 837 2622 tum
866 2588 900 2622 in
931 2587 1184 2636 grammaticis,
1209 2592 1285 2622 tum
1311 2585 1347 2621 in
1374 2585 1482 2621 rebus
1507 2595 1566 2619 sa-

115 2642 208 2692 cris,
238 2649 313 2682 tum
340 2647 552 2695 praesertim
580 2647 614 2683 in
643 2652 873 2685 uetustorum
900 2647 1176 2698 prouerbiorum
1201 2646 1439 2696 expositione.
1491 2645 1564 2680 An-
