1685 2954
114 98 253 128 xxxw
600 89 697 125 DIES
727 87 903 118 NEFASTI
931 88 1074 118 PARTE

116 204 217 246 tum,
245 207 291 233 ne
316 191 471 232 iudiciali
496 195 534 228 et
559 189 656 227 sasto
684 195 850 240 tempore
875 195 1070 238 ageretur,
1104 193 1224 224 actum
1250 197 1331 223 esse
1356 197 1463 224 mane
1487 185 1569 224 die-

117 260 187 296 bus
210 257 278 295 NP
305 254 465 305 signatis.
519 250 662 288 Deinde
687 251 760 290 duo
786 252 885 289 Festi
919 248 1015 297 loci,
1050 248 1097 286 de
1130 249 1260 299 quibus
1285 259 1366 285 mea
1391 249 1570 286 sententia

119 333 236 357 nouus
271 318 389 355 editor
424 313 649 350 doctissimus
682 325 756 349 non
782 323 899 361 aeque
925 310 1093 360 egregie,
1129 321 1174 346 ac
1200 309 1248 347 de
1281 310 1466 360 plerisque
1494 311 1571 348 aliis

119 382 267 419 meritus
301 383 367 415 est.
419 376 541 423 Alter,
575 374 623 411 de
649 386 722 423 quo
757 373 865 422 plura
898 372 1009 421 paulo
1046 378 1131 422 post
1163 371 1318 408 dicenda
1354 377 1481 416 erunt,
1517 378 1574 408 est

121 456 158 493 p.
175 444 239 488 87,
265 441 326 487 19,
349 440 401 475 20
426 438 508 475 Vrs.
561 437 614 473 lbi
647 448 729 472 cum
755 435 790 470 in
827 433 899 469 fine
926 433 1081 470 duorum
1107 446 1276 471 uersuum
1304 432 1428 471 Vrsini
1454 438 1576 470 aetate

121 504 214 539 haec
239 501 351 538 uerba
375 497 641 548 superfuerint,
678 496 747 544 1095,
772 494 868 531 debet
896 507 973 531 cam
999 501 1037 531 et
1061 507 1080 531 e
1105 494 1249 542 nefasto
1275 495 1418 542 fastus,
1445 494 1577 531 admo-

123 564 209 600 dum
237 561 431 599 uerisimile
456 567 512 597 est
539 559 673 595 dictum
699 557 812 593 fuisse
837 556 884 592 de
909 557 1029 606 aliquo
1056 556 1114 592 die
1140 556 1207 592 NP
1234 556 1422 605 signando.
1477 556 1579 592 Alter

123 625 223 662 locus
249 629 305 660 est
329 635 369 673 p.
387 623 450 670 14,
471 623 519 657 17
536 621 635 667 Vrs.,
662 631 770 668 quem
796 619 846 654 ita
871 618 1077 654 restitutum
1104 617 1204 654 dedit
1228 617 1445 655 Muellerus:
1481 620 1577 667 Nep.

125 689 229 732 [nota
253 684 437 732 desiynari
461 682 576 720 solent
603 682 664 730 qui
688 679 826 726 nefasti
850 676 1260 729 poste-lirioressimt,
1286 681 1458 727 q[aorum
1489 691 1581 728 pars

125 749 285 786 anterior
317 745 399 793 fas:
435 744 494 781 his
520 744 617 780 serui
632 741 648 786 ll
663 741 805 778 liberati.
830 746 937 788 sunt,
975 740 1144 784 [delectus
1171 739 1367 784 habentur,
1403 742 1582 777 exercitus

125 807 241 846 scrib-
257 807 274 854 ΙΙ
291 811 413 854 utimr,
440 810 473 842 et
490 808 528 842 ia
548 804 774 853 prouincstas
794 804 846 839 ire
867 802 964 839 licet:
985 813 1094 839 sacra
1114 804 1277 850 ‹titoquell
1291 803 1460 838 instituta
1476 801 1581 849 fiuent,

127 873 177 915 [et
201 874 290 906 uota
319 871 530 916 nuncupata
555 865 649 902 solui
667 869 684 914 Η
702 869 736 901 et
761 864 867 902 aedes
892 864 1034 900 sacrari
1058 862 1202 907 soUent.
1254 862 1354 899 Istud
1380 865 1477 913 Nep.
1503 875 1584 901 esse

127 931 263 968 debere
290 929 357 965 NP
385 928 491 965 facile
516 939 561 964 ex
586 927 777 976 postremis
805 925 1029 975 potissimum
1056 924 1286 973 intelligitur:
1314 933 1467 975 propter
1491 932 1584 963 tem·
1647 919 1651 925 ’

129 992 275 1042 plorum
302 991 397 1026 enim
423 988 671 1025 dedicationes
696 986 810 1023 seriae
845 986 1053 1035 saepissime
1088 986 1272 1023 institutae
1297 992 1396 1025 sunt.
1447 986 1585 1024 Verum

130 1065 212 1088 cum
232 1051 352 1088 Vrsini
378 1051 673 1100 supplementum
700 1059 743 1084 ea
765 1054 884 1098 parte,
912 1058 983 1096 qua
1011 1053 1112 1083 certe
1137 1046 1267 1083 salsum
1295 1059 1367 1084 non
1394 1053 1485 1092 erat,
1505 1060 1586 1084 mu-

131 1121 241 1158 tatur,
270 1125 315 1150 ne
343 1124 388 1149 ea
415 1124 472 1148 res
500 1109 692 1147 manifesto
720 1109 795 1145 eius
823 1109 937 1144 errori
968 1115 1162 1158 repugnet,
1191 1121 1263 1145 non
1291 1121 1437 1158 possum
1463 1121 1588 1146 assen-

133 1176 204 1212 tiri.
256 1175 408 1211 Vrsinus
444 1173 662 1222 scripseratz
699 1172 761 1219 qni
786 1170 922 1217 nefasti
946 1168 1111 1218 pllriores
1135 1175 1244 1215 sunt,
1284 1170 1419 1207 scilicet
1443 1177 1589 1207 secutus
1632 1196 1634 1199 v

133 1238 286 1274 alterum
311 1237 412 1272 illum
438 1234 538 1270 Festi
565 1234 682 1269 locum
710 1233 812 1281 p.87
839 1238 875 1268 et
902 1231 1027 1268 Ouidii
1055 1232 1166 1268 u.50.
1213 1232 1301 1269 Dies
1328 1244 1436 1269 mane
1461 1232 1590 1280 fastos,

134 1299 278 1349 uesperi
300 1297 460 1334 nefastos
489 1307 559 1331 non
586 1293 730 1330 memini
758 1305 916 1342 unquam
945 1294 1240 1330 commemorari:
1269 1293 1316 1330 de
1343 1307 1415 1331 uno
1441 1293 1500 1331 die
1526 1305 1591 1330 ne-

134 1360 229 1397 fasto
256 1359 482 1409 posteriore,
509 1357 586 1393 sine
612 1355 731 1404 potius
758 1354 854 1391 sasto
883 1355 1006 1404 priore
1034 1356 1108 1391 scio
1137 1357 1332 1404 cogitatum
1361 1367 1440 1391 esse
1463 1367 1485 1391 a
1511 1355 1591 1405 qui-

135 1420 305 1464 busdam,
334 1431 401 1456 nec
427 1424 549 1465 recte3
577 1417 753 1453 Vaassen.
781 1428 818 1465 p.
835 1418 922 1453 265.
976 1421 1022 1453 At
1046 1419 1184 1465 priores
1209 1417 1259 1453 ita
1284 1416 1395 1453 diuidi
1421 1429 1495 1453 non
1522 1429 1592 1466 po-

137 1483 269 1530 tuisse,
305 1480 341 1517 id
368 1480 444 1516 fieri
472 1493 510 1529 p.
534 1481 597 1526 63,
623 1480 675 1514 20
710 1484 747 1514 et
784 1479 964 1515 rarissime
1002 1491 1024 1514 a
1051 1479 1149 1514 Festi
1175 1478 1351 1527 scriptore
1377 1477 1593 1516 affirmatur.

136 1544 221 1581 Non
249 1555 341 1592 opus
367 1548 422 1578 est
448 1541 494 1577 de
521 1552 564 1576 ea
590 1552 631 1576 re
657 1538 866 1588 disputare:
902 1540 969 1576 toti
995 1539 1116 1575 Vrsini
1141 1540 1394 1588 supplemento
1421 1551 1595 1577 reueren-

138 1606 224 1642 tiam
253 1604 389 1640 nullam
425 1608 595 1652 praesto,
633 1601 732 1650 quod
763 1602 883 1638 multis
917 1600 1034 1638 modis
1068 1601 1200 1637 rectius
1234 1602 1310 1637 {ieri
1342 1608 1500 1650 poterat.
1554 1601 1595 1637 In

139 1667 262 1717 primis
289 1665 430 1701 duobus
460 1663 622 1699 uersibus
651 1675 782 1699 censeo
810 1664 859 1699 ita
885 1664 990 1699 scribi
1013 1663 1173 1712 potuisse
1193 1675 1215 1698 a
1237 1663 1370 1699 Festo:
1395 1664 1470 1699 NP
1495 1665 1597 1708 [nota

140 1727 216 1764 dies
234 1730 421 1772 notantur,
449 1727 509 1773 qui
530 1726 568 1760 in
590 1723 704 1770 fastis
731 1723 974 1775 celebfllriores
999 1729 1099 1770 sunt,
1126 1724 1230 1772 ([[υἱα
1253 1722 1348 1770 fiunt
1371 1735 1417 1760 ex
1441 1723 1598 1772 nefastis

140 1789 233 1836 fasti
259 1794 328 1824 etc.
385 1785 598 1823 Colchi-tores
624 1786 783 1834 intellige
811 1794 873 1822 aut
899 1787 1026 1835 populi
1053 1798 1145 1832 usu,
1170 1791 1297 1834 utpote
1323 1786 1386 1834 qui
1410 1785 1516 1832 feriis
1540 1798 1599 1823 ce-

142 1850 330 1893 lehi-entur,
357 1855 398 1885 ut
423 1848 500 1898 ipse
520 1847 651 1883 Festus
676 1847 836 1896 loquitur
858 1860 895 1897 p.
912 1849 976 1895 64,
996 1850 1060 1894 33,
1087 1852 1150 1883 aut
1175 1847 1296 1896 specie
1321 1847 1399 1897 ipsa
1424 1848 1460 1884 in
1485 1847 1599 1885 fasto-

143 1924 223 1948 rum
251 1910 405 1956 tabula,
439 1910 523 1958 quia
561 1909 600 1944 iis
637 1908 764 1944 diebus
794 1915 945 1957 praeter
979 1907 1213 1944 nundinalem
1237 1908 1397 1945 litteram
1422 1916 1460 1946 et
1485 1910 1600 1960 ipsam

144 1979 268 2010 notam
306 1972 414 2007 etiam
441 1971 580 2019 magnis
607 1969 734 2004 litteris
771 1976 835 2006 aut
867 1970 1039 2006 feriarum
1077 1982 1209 2006 nomen
1245 1971 1456 2019 ascribitur,
1491 1972 1600 2009 etiam

145 2034 410 2080 recentiorum,
447 2038 487 2067 ut
515 2028 835 2078 Augustaliorum,
871 2038 934 2067 aut
961 2031 1088 2067 Iduum
1128 2032 1185 2067 uel
1213 2031 1464 2069 Kalendarum
1492 2039 1600 2070 nota:

146 2094 276 2145 quodsi
310 2099 398 2130 nota
424 2092 490 2128 NP
518 2092 624 2128 etiam
662 2093 818 2129 minores
853 2093 962 2129 serias
990 2100 1143 2141 propter
1170 2093 1370 2129 Caesarum
1397 2105 1454 2130 res
1482 2099 1601 2142 gestas

148 2156 295 2202 indicat,
322 2167 394 2191 non
423 2153 573 2200 dubito,
601 2154 688 2202 quin
717 2161 754 2190 et
780 2155 874 2191 haec
898 2153 996 2200 festa
1021 2152 1227 2199 domestica,
1253 2166 1349 2204 qnae
1374 2154 1463 2192 dixit
1491 2154 1602 2192 Ouid.

147 2220 186 2265 1,
206 2218 244 2264 9,
271 2227 458 2266 peraeque
493 2227 575 2251 cum
607 2215 674 2250 illis
708 2215 806 2251 seriis
840 2213 990 2264 publicis
1025 2216 1135 2252 minio
1171 2217 1326 2266 insignes
1351 2215 1439 2252 sacti
1468 2215 1604 2253 suerint

148 2285 186 2315 et
212 2278 261 2314 ita
288 2277 541 2325 intelligendus
567 2273 623 2312 sit*
640 2276 751 2313 Ouid.
783 2281 818 2323 1,
843 2280 904 2312 11.
957 2276 1153 2313 Adeundus
1178 2277 1226 2314 de
1250 2278 1321 2314 hoc
1347 2289 1449 2314 more
1474 2277 1604 2314 Saxius
1640 2323 1646 2328 ι

148 2339 267 2390 praef.
296 2337 343 2374 ad
370 2338 546 2374 Vaassen.
576 2351 613 2387 p.
630 2350 876 2374 :rw—xlx.
928 2338 1027 2374 Nota
1063 2337 1126 2375 illa
1153 2337 1338 2388 quomodo
1366 2350 1457 2376 uoce
1480 2338 1606 2388 expri-

149 2399 282 2438 menda
304 2400 362 2446 sit,
392 2400 582 2435 nescimus.
628 2399 735 2449 Apud
757 2400 921 2447 Festum,
948 2401 1000 2436 uti
1027 2400 1143 2447 uides,
1170 2413 1242 2436 non
1270 2411 1418 2437 necesse
1443 2407 1499 2437 est
1524 2411 1605 2437 cer-

151 2468 226 2498 tum
261 2473 403 2497 nomen-
427 2461 533 2496 tradi.
588 2461 626 2496 ln
665 2462 789 2497 tabula
825 2462 940 2511 prima
966 2461 1202 2499 Praenestina
1241 2462 1390 2497 dubium
1430 2474 1502 2498 non
1536 2468 1607 2508 est,

151 2523 238 2572 quin
265 2528 327 2557 aut
353 2522 386 2558 V
408 2521 479 2568 ld.,
507 2528 569 2558 aut
596 2521 643 2557 111
665 2522 718 2558 ld.
744 2523 821 2559 lan.
849 2523 1027 2572 explicata
1053 2523 1176 2571 suerit,
1204 2525 1263 2559 ubi
1292 2525 1422 2560 lacuna
1448 2524 1482 2558 in
1511 2534 1607 2558 mar-

150 2595 252 2620 more
286 2589 354 2619 est.
408 2583 513 2631 Apud
537 2583 739 2620 Varronem
779 2586 929 2621 miretur
964 2585 1118 2621 fortasse
1152 2586 1231 2633 quis
1263 2597 1344 2622 eam
1377 2597 1448 2621 non
1475 2584 1606 2633 exponi
1631 2624 1638 2632 .

151 2651 216 2682 aut
241 2646 278 2691 §.
294 2647 356 2691 31,
387 2651 451 2680 aut
480 2644 539 2680 ubi
567 2645 620 2682 de
646 2645 744 2682 seriis
772 2647 932 2695 loquitur
958 2649 993 2693 §.
1019 2651 1080 2694 12,
1108 2654 1144 2682 et
1170 2647 1217 2683 de
1244 2647 1372 2682 lacuna
1398 2645 1602 2695 suspicetur
1632 2689 1634 2692 .
