1685 2954
155 67 235 112 136
665 47 670 53 ,
724 78 1025 108 FAsTonvM

265 183 389 223 Nunc
416 180 544 233 pudor
571 180 745 233 elusum,
773 192 880 220 nunc
909 180 1019 220 subit
1047 180 1104 219 ira
1134 178 1265 219 deum.

212 249 322 290 Risit
352 254 575 288 amatorem
604 260 725 288 carae
753 261 862 288 noua
891 247 984 288 diua
1012 248 1242 297 Mineruae,

272 317 368 356 Nec
396 328 464 355 res
494 315 573 356 hac
602 315 756 355 Veneri
785 315 938 369 gratior
966 316 1047 355 ulla
1077 315 1164 355 fuit.

211 383 311 426 Inde
341 383 421 423 ioci
449 388 614 422 ueteres
642 383 931 437 obscaenaque
961 383 1072 423 dicta
1101 386 1312 432 canuntur,
1531 383 1609 420 695

270 452 329 491 Et
358 451 471 490 iuuat
497 450 606 490 hanc
636 461 785 504 magno
815 452 941 491 uerba
970 450 1137 490 dedisse
1165 449 1255 488 deo.

216 518 521 559 Praeteriturus
551 530 661 557 eram
689 517 851 570 gladios
888 519 928 558 in
955 516 1138 571 principe
1174 516 1294 566 fixos,

274 585 380 627 Cum
411 586 475 626 sic
504 598 530 625 a
558 585 690 625 castis
718 585 1023 645 Vestallocuta
1050 585 1174 625 focis:
1206 626 1207 632 ¹

217 655 287 695 Ne
317 651 459 693 dubita
487 653 736 692 meminisse.
773 646 892 690 meus
919 652 994 691 fuit
1022 651 1089 691 ille
1118 649 1328 701 sacerdos,

275 722 520 773 Sacrilegae
550 717 646 758 telis
673 730 740 757 me
768 718 924 769 petiere
955 730 1111 757 manus.
1535 721 1615 756 700

218 791 317 843 Ipsa
344 789 474 828 uirum
502 784 630 838 rapui,
661 784 960 837 simulacraque
989 784 1098 824 nuda
1127 783 1289 835 reliqui:

275 856 394 907 Quae
424 854 578 897 cecidit
609 853 963 905 ferro,=Caesaris
990 852 1130 891 umbra
1158 851 1245 891 fuit.

220 926 293 965 Ille
322 923 485 977 quidem
514 922 631 963 caelo
658 921 821 974 positus
847 920 958 960 Iouis
987 919 1089 959 atria
1116 917 1231 971 uidit,

276 992 334 1033 Et
362 995 480 1032 tenet
507 989 550 1030 in
569 1001 720 1042 magno
745 989 899 1041 templa
928 987 1066 1028 dicata
1095 987 1193 1026 foro.

221 1061 280 1101 At
309 1058 555 1113 quicumque
583 1056 702 1096 nefas
728 1056 818 1096 ausi
846 1056 1087 1108 prohibente
1117 1054 1284 1094 deorum
1538 1057 1618 1094 705

278 1127 459 1166 Numine
487 1125 718 1178 polluerant
745 1124 978 1177 pontificale
1005 1128 1145 1175 caput,

223 1194 361 1234 Morte
391 1194 529 1235 iacent
558 1191 720 1233 merita.
756 1179 892 1232 teste's
924 1196 1060 1231 estote
1089 1189 1277 1242 Philippi,

279 1262 336 1302 Et
364 1274 532 1315 quorum
561 1261 719 1313 sparsis
748 1260 924 1301 ossibus.
941 1258 1053 1298 albet
1080 1259 1240 1298 humus.

225 1331 320 1371 Hoc
349 1341 465 1381 opus,
493 1330 601 1369 haec
629 1327 779 1379 pietas,
809 1326 917 1367 haec
945 1327 1072 1379 prima
1103 1326 1308 1366 elementa
1337 1325 1499 1365 fuerunt

281 1396 491 1450 Caesaris,
522 1396 669 1437 ulcisci
696 1393 806 1437 iusta
832 1406 906 1448 per
936 1406 1049 1434 arma
1077 1400 1247 1446 patrem.
1540 1397 1622 1432 710

228 1531 402 1572 Postera
431 1543 523 1571 cum
551 1535 717 1570 teneras
746 1542 889 1570 aurora
917 1528 1108 1570 refecerit
1135 1526 1298 1578 herbas,

286 1598 483 1652 Scorpios
511 1611 536 1638 a
565 1598 693 1652 prima
720 1603 838 1653 parte
866 1595 1068 1638 uidendus
1097 1595 1184 1635 erit.

228 1743 315 1777 692.
342 1741 450 1778 Nunc
476 1741 589 1791 pudet
604 1753 721 1790 quar.
733 1752 802 1777 scr.
842 1743 952 1776 Deest
978 1742 1013 1777 in
1031 1737 1221 1785 Hfolium
1249 1738 1428 1786 octoginta
1446 1748 1627 1774 uersuum.

230 1794 317 1829 693.
355 1794 417 1828 Sic
444 1795 492 1829 D.
538 1793 648 1828 Ridet
679 1793 887 1828 Gstzo
907 1792 1074 1839 quinque;
1103 1792 1310 1825 Buar.scr.
1358 1788 1468 1824 Ludit
1493 1785 1630 1823 1⁴3th
1670 1808 1676 1816 ι

184 1854 266 1887 seoe3
292 1846 342 1879 M
350 1855 511 1879 uar.scr.
561 1843 672 1878 Ludis
699 1841 836 1889 reliqui.
879 1841 982 1877 Lusit
1003 1844 1209 1878 Eum—,scm
1253 1845 1361 1874 amat.
1391 1850 1504 1886 quare
1533 1834 1628 1873 ΦΣ.

181 1900 292 1932 amat.
321 1905 434 1929 canae
459 1898 581 1937 sires;
605 1905 628 1941 9
645 1905 724 1929 παν.
741 1904 811 1929 scr.
854 1891 937 1927 diua
962 1892 1106 1941 puellae
1122 1893 1181 1926 M.
1285 1890 1371 1926 694.
1399 1889 1479 1925 Nec
1506 1887 1630 1924 ueneri

180 1955 239 1979 res
267 1943 334 1978 liae
362 1945 500 1985 aracior
528 1941 575 1980 Σ.
616 1956 673 1979 res
700 1955 721 1978 a
750 1942 873 1977 ueneri
897 1943 946 1977 A.
991 1941 1060 1977 hae
1090 1941 1202 1976 ueteri
1228 1940 1261 1976 b.
1307 1941 1447 1988 gracior
1473 1936 1522 1976 Γ.
1561 1949 1627 1973 ca-

180 1994 254 2028 rior
280 1981 397 2039 AN3
427 1997 638 2030 Euanscr.
743 1994 828 2028 695.
865 1993 1073 2041 obsenaque
1100 1988 1147 2026 Γ.
1195 2003 1266 2039 que
1294 1992 1406 2026 uerba
1432 2002 1512 2026 can.
1542 1986 1628 2024 ΕΦ

183 2041 268 2080 ΓΛ
279 2042 326 2080 M
342 2042 515 2091 ²15Tb9h
535 2045 664 2092 uiginti
679 2042 755 2089 sere
774 2047 807 2078 et
826 2046 911 2078 neit.
927 2042 1001 2087 ed.;
1028 2053 1226 2091 pum-scr.
1266 2053 1337 2090 que
1356 2040 1453 2077 sacta
1472 2053 1554 2077 can.
1567 2041 1628 2075 20.

183 2095 296 2130 uerba
323 2102 498 2130 canentur
523 2094 558 2130 h.
601 2095 713 2129 uerba
740 2093 906 2129 seruntur
930 2097 1016 2129 tres.
1120 2093 1206 2127 696.
1232 2093 1334 2127 iuuat
1353 2091 1421 2127 hac
1441 2094 1488 2128 Ε.
1531 2091 1630 2126 iuuat

183 2143 275 2180 haec
302 2157 407 2180 nulls.
524 2146 609 2180 697.
644 2143 806 2179 Praeter.
835 2149 913 2179 erat
940 2144 969 2189 f.
1016 2144 1050 2178 in
1081 2154 1226 2179 caesare
1255 2145 1372 2178 1220.
1419 2143 1452 2178 in
1480 2150 1631 2188 corpore

181 2206 288 2231 vuitus.
323 2195 442 2232 Gloss.
461 2198 511 2232 E:
538 2196 571 2230 in
600 2195 776 2243 principe]
805 2194 885 2241 gaio
913 2206 967 2232 ce.
990 2193 1010 2229 l'
1032 2194 1127 2229 iulio.
1231 2194 1317 2229 698.
1346 2192 1393 2228 Et
1411 2193 1462 2228 sic
1487 2188 1536 2228 Ψ.
1569 2201 1630 2224 ca-

185 2245 248 2280 stis
276 2246 358 2280 diua
373 2243 434 2282 A.
475 2253 576 2281 uesta
602 2245 742 2280 dedisse
762 2245 805 2280 0.
911 2245 996 2281 699.
1027 2244 1147 2279 debita
1167 2240 1214 2279 Σ.
1317 2245 1406 2279 700.
1433 2242 1510 2278 telis
1536 2239 1632 2275 hune

185 2302 261 2343 pet.
290 2293 507 2333 Puar.scr.
553 2308 610 2331 ine
643 2307 797 2343 rapuere
824 2306 929 2331 anius.
976 2295 1120 2344 peciere
1146 2296 1192 2331 Ε.
1306 2295 1392 2329 701.
1426 2303 1496 2340 que
1528 2300 1632 2326 sacra

186 2345 250 2381 rel.
279 2349 338 2382 Μ.
450 2349 537 2382 703.
577 2346 657 2394 lpse
684 2345 782 2393 quid.
816 2343 866 2381 Ψ.
915 2345 979 2381 llle
1005 2344 1173 2393 equidem
1201 2341 1278 2390 Af.
1329 2341 1469 2391 quidem
1496 2342 1632 2385 positus

186 2395 287 2430 caelo
323 2393 369 2432 E.
420 2398 509 2432 atria
543 2404 664 2432 seruat
692 2397 746 2439 N3
774 2394 995 2432 Amunscr.
1111 2397 1197 2430 704.
1231 2395 1280 2430 Et
1311 2398 1462 2433 tenenet
1484 2389 1530 2427 Γ.
1680 2425 1685 2442 ⁴

236 2447 324 2481 705.
359 2447 407 2481 Et
440 2448 533 2494 quic.
562 2443 834 2494 AET'J'yp
857 2457 994 2481 nouom.
1051 2445 1151 2481 nefas
1184 2444 1300 2479 hausit
1332 2441 1437 2490 proh.
1469 2445 1530 2479 33.
1680 2446 1685 2483 ξ

214 2497 324 2530 7706.
358 2497 487 2543 pontif.
516 2497 625 2533 decus
657 2499 701 2532 Z.
748 2496 877 2545 pontis.
905 2507 1045 2532 sacrum
1069 2497 1168 2543 934.
1278 2494 1364 2528 707.
1399 2493 1528 2528 merita
1554 2502 1634 2528 me-
1680 2486 1685 2521 l

187 2557 307 2581 mores
335 2547 394 2580 44-
497 2549 583 2583 708.
610 2547 743 2596 sparsis
771 2546 931 2582 hostibus
951 2544 1012 2584 A.
1115 2545 1201 2580 709.
1229 2543 1317 2578 haec
1344 2544 1504 2591 praemia
1531 2546 1634 2591 grata

190 2595 339 2632 fuerunt
366 2594 427 2632 A.
470 2599 585 2644 prima
613 2598 782 2634 alimenta
814 2598 1005 2645 Ommpr.
1026 2599 1076 2631 20
1100 2594 1181 2631 duo.
1223 2593 1329 2631 elem.
1356 2592 1459 2629 suere
1484 2605 1531 2630 rs
1550 2597 1632 2629 tres.

191 2646 298 2683 elem.
325 2645 492 2683 seruntur
523 2659 629 2684 unns.
746 2650 832 2685 710.
868 2647 1004 2683 ulscisci
1034 2647 1080 2683 G.
1126 2644 1196 2681 ule.
1224 2643 1320 2680 iuxta
1348 2645 1393 2682 Ε.
1437 2644 1507 2681 ule.
1537 2643 1633 2680 uicta
1680 2635 1685 2689 fi
