1685 2954
108 69 258 103 ccxxu
647 48 651 54 ’
745 73 803 106 nn
831 75 927 108 nms

207 173 245 211 9.
297 171 466 209 Lactant.
494 173 529 217 1,
549 174 619 210 132
648 174 782 213 Omnes
805 189 890 226 ergo
915 188 989 216 nou
1013 182 1155 216 tantum
1180 183 1320 229 poetae,
1345 181 1408 220 sed
1431 183 1550 225 histo-

105 234 246 275 riarum
271 245 406 283 quoque
430 245 474 272 ac
498 245 619 272 rerum
642 238 880 286 antiquarum
902 241 1096 289 scriptores
1119 239 1295 278 hominem
1318 241 1436 289 fuisse
1460 259 1548 284 con-

105 298 282 339 sentiunt,
316 295 460 342 qui0res
484 297 561 333 eius
584 297 622 334 in
648 298 766 336 Italia
789 304 914 349 gestas
938 303 1129 339 memoriae
1152 302 1387 352 prodiderunt
1412 326 1458 334 —-
1488 307 1548 345 la·-

103 359 171 395 tini
196 359 319 404 Nepos
343 360 378 392 et
406 357 556 395 Cassius
582 363 616 396 et
644 361 776 399 Varro.
827 362 906 400 Csr.
934 363 1094 400 Tertull.
1120 363 1208 401 adu.
1225 372 1325 414 gent.
1354 378 1388 406 c.
1410 371 1472 416 11,
1499 368 1548 406 ad

102 426 176 456 nat.
204 421 308 462 2,12
334 424 371 455 et
398 422 444 455 13
471 421 619 469 passim.

202 482 262 516 10.
316 480 466 528 August.
493 494 525 518 c.
553 482 590 520 d.
618 485 656 530 7,
675 487 743 522 13:
773 484 868 531 Quid
893 490 947 523 est
976 484 1136 524 Genius?
1161 487 1272 525 deus
1296 493 1391 537 est,
1419 490 1544 539 inquit,

101 543 181 591 qui
205 543 496 592 praepositus
520 549 587 580 est
612 557 661 581 uc
686 547 778 582 uim
805 545 942 583 habet
967 550 1159 585 omnium
1182 561 1326 587 rerum
1349 553 1548 600 gignen-

99 603 269 641 darum.
298 625 348 633 --
373 606 423 640 Et
449 616 529 641 eum
553 606 627 643 alio
653 607 728 644 loco
752 609 895 654 yenium
922 608 1007 646 dicit
1032 622 1108 646 esse
1133 613 1241 647 unius
1267 614 1436 662 cuiusque
1460 616 1547 651 aui-

97 677 195 702 mum
220 665 433 702 rationalem
458 670 492 702 et
516 666 594 704 ideo
619 680 695 703 esse
719 667 881 716 singulos
905 669 1130 717 sinyulorum
1156 691 1206 713 —,
1220 695 1230 707 .

200 732 259 764 11.
313 729 464 776 August.
494 740 526 764 c.
552 729 588 765 d.
616 731 654 776 7,
675 730 740 765 14:
785 731 886 765 Nam
919 729 998 767 ideo
1025 734 1234 770 Mercurius
1269 736 1376 782 quasi
1406 736 1546 774 medius

98 801 244 826 currens
269 789 533 834 (Medicurrius
557 791 666 828 Seru.
693 790 738 827 ad
764 791 853 827 Aen.
874 793 912 838 8,
933 794 1022 837 138)
1049 792 1178 830 dicitur
1203 795 1422 843 appellatus,
1451 797 1545 845 quod

94 863 213 888 sermo
242 856 366 888 currat
390 853 483 889 inter
508 852 671 889 homines
687 853 826 889 medius
842 874 893 882 —
909 852 988 889 ideo
1005 857 1040 888 et
1057 854 1233 891 mercibus
1252 867 1427 905 praeesse,
1455 859 1546 907 quia

95 915 190 950 inter
214 912 403 950 uendentes
427 918 461 950 et
485 919 637 951 ementes
668 926 784 961 sermo
819 912 862 960 fit
897 913 1053 951 medius:
1089 915 1167 953 ideo
1195 916 1280 954 alas
1306 920 1338 954 ei
1363 920 1401 954 iu
1426 921 1544 969 capite

94 978 129 1011 et
153 973 300 1024 pedibus
323 980 461 1024 ponunt
489 976 648 1013 uolentes
680 974 887 1024 siqnificare
919 976 1100 1014 uolucrem
1133 977 1224 1024 ferri
1259 991 1324 1028 per
1350 992 1438 1017 aera
1461 993 1544 1018 ser-

91 1049 250 1074 monemz
278 1036 354 1073 ideo
378 1040 549 1075 nuncium
574 1037 718 1082 dictum,
746 1039 917 1086 quoniam
942 1051 1004 1088 per
1021 1051 1219 1076 sermonem
1237 1043 1359 1078 omnia
1379 1044 1541 1091 coqitata

91 1099 340 1135 enunciuntur.
376 1099 500 1136 Velius
513 1099 660 1149 Longus
677 1111 714 1148 p.
727 1099 886 1136 2236P:
908 1119 957 1127 —
979 1102 1139 1150 antiquis
1157 1101 1414 1151 relinquamus,
1439 1103 1540 1154 apud

91 1171 181 1208 quos
205 1171 314 1208 aeque
332 1164 365 1196 et
380 1163 587 1198 filit-curius
609 1172 672 1210 per
698 1163 722 1198 Ι
745 1159 940 1209 dicebatur,
968 1162 1061 1211 quod
1081 1163 1333 1202 mirandarum
1360 1170 1452 1202 esset
1476 1178 1539 1204 re-

88 1233 171 1259 rum
197 1224 373 1267 inuentor,
399 1227 445 1271 ut,
470 1225 589 1260 Varro
616 1221 715 1259 dicit.

191 1286 251 1320 12.
296 1285 444 1332 August.
466 1297 497 1320 c.
519 1283 556 1320 d.
578 1286 612 1328 7,
632 1286 697 1320 16:
724 1284 929 1334 Apollinem
948 1287 1115 1335 quamuis
1133 1285 1374 1324 diuinatorem
1399 1292 1434 1324 et
1459 1300 1537 1325 me-

89 1344 207 1383 dicum
234 1345 355 1390 uelint,
382 1351 503 1384 tamen
521 1350 562 1382 ut
581 1347 622 1382 in
640 1346 767 1395 aliqua
782 1353 889 1396 parte
904 1347 1031 1384 muudi
1049 1352 1264 1396 statuerent,
1288 1350 1408 1399 ipsum
1426 1351 1538 1387 etiam

87 1407 198 1445 solem
224 1407 406 1445 dixerunt.

191 1474 249 1507 13.
296 1469 350 1507 ld.
377 1471 428 1509 ib.
455 1472 494 1518 7,
516 1471 582 1508 14:
608 1473 701 1508 Item
727 1472 814 1520 quia
838 1483 901 1509 nec
926 1472 1050 1509 Marti
1075 1470 1221 1520 aliquod
1245 1471 1452 1510 elementum
1478 1473 1535 1510 uel

86 1536 227 1582 purtem
260 1531 386 1569 mundi
416 1533 576 1570 inuenire
606 1539 801 1583 potuerunt
831 1557 881 1563 —-
914 1533 1017 1570 deum
1052 1533 1132 1570 belli
1166 1545 1242 1570 esse
1275 1533 1458 1572 diverunt.
1484 1557 1535 1563 —-

88 1594 245 1631 Tertull.
274 1593 320 1629 ad
349 1600 421 1630 nat.
450 1598 489 1641 2,
511 1600 556 1632 92
591 1597 771 1634 Rornfflus
803 1607 912 1646 aeque
945 1600 1026 1645 post
1060 1599 1207 1632 mortem
1245 1594 1349 1631 deus:
1382 1598 1417 1633 si
1448 1599 1536 1645 quia

84 1655 208 1693 urbem
229 1656 397 1701 condidit,
428 1655 567 1705 [etium]
596 1657 661 1695 alii
687 1670 798 1707 usque
822 1660 860 1695 in
885 1657 1045 1704 feminas
1061 1656 1201 1693 urbium
1220 1661 1398 1693 anacim-es.
1434 1659 1534 1694 Sane

84 1718 266 1757 Romulus
297 1723 332 1754 et
363 1718 521 1765 fratrem
547 1719 724 1766 interfecit
751 1724 785 1756 et
810 1719 953 1756 alienas
977 1719 1135 1765 uirgines
1167 1717 1251 1755 dolo
1275 1720 1421 1766 rapuit.-
1453 1719 1532 1757 ideo

84 1779 190 1824 deus,
224 1779 303 1817 ideo
333 1781 531 1829 Quiriums,
568 1781 729 1831 [opinor,
759 1779 860 1831 quia]
895 1785 980 1816 tunc
1004 1779 1216 1829 parentibus
1241 1782 1454 1830 quiritatum
1478 1786 1532 1819 est

80 1854 145 1892 per
170 1842 282 1880 illum.

184 1907 244 1940 14.
297 1903 351 1941 Id.
379 1904 427 1941 ib.
456 1906 494 1952 7,
514 1907 582 1942 23:
617 1904 677 1942 ubi
710 1907 778 1942 erit
799 1906 914 1943 Orcus
944 1903 1066 1951 frater
1088 1905 1192 1941 Iouis
1223 1908 1330 1953 atque
1354 1905 1528 1954 Neptuni,

81 1978 183 2015 quem
210 1968 331 2002 Ditem
356 1971 497 2016 patrem
522 1965 682 2004 uocant?
716 1966 775 2003 ubi
799 1968 877 2003 eius
902 1978 997 2003 uxor
1020 1968 1256 2015 Proserpina,
1283 1978 1375 2016 queue
1399 1978 1529 2004 secun-

79 2027 165 2064 dum
184 2028 297 2065 aliam
326 2030 361 2065 in
386 2029 518 2066 eisdem
543 2029 645 2066 libris
670 2031 830 2078 positam
848 2030 1050 2078 opinionem
1066 2040 1138 2065 non
1163 2032 1282 2066 terrae
1305 2027 1524 2081 fecunditas,

77 2089 139 2126 sed
164 2102 254 2139 pars
280 2090 431 2137 inferior
456 2089 682 2141 perhibetur?

181 2154 240 2189 15.
293 2153 347 2189 ld.
375 2154 423 2190 ib.
453 2156 571 2198 7‚21:
598 2157 682 2190 Iam.
708 2166 792 2191 uero
818 2152 943 2190 Liberi
967 2164 1087 2197 sacra,
1114 2164 1218 2201 quem
1244 2151 1389 2201 liquidis
1413 2152 1523 2189 semi-

76 2213 181 2250 nibus
208 2228 252 2252 uc
279 2227 342 2263 per
367 2214 433 2252 hoc
465 2227 537 2252 uon
562 2215 681 2252 solum
708 2214 905 2264 liquoribus
929 2214 1134 2261 fructuum,
1171 2226 1320 2263 quorum
1346 2212 1522 2262 quodum-

75 2275 179 2311 modo
200 2279 394 2324 primatum
410 2279 536 2313 uinum
552 2281 658 2323 tenet,
686 2289 811 2314 uerum
836 2279 944 2313 etiam
963 2274 1156 2313 seminibus
1176 2274 1388 2312 uriimalium
1411 2285 1522 2322 prae-
1541 2283 1543 2285 ·

73 2335 251 2382 fecerunt,
280 2338 329 2374 ml
355 2343 532 2386 (plantam
558 2338 813 2387 turpitudinem
838 2340 1063 2386 pet-uenerint
1087 2350 1160 2372 ——z
1196 2339 1234 2374 in
1259 2335 1394 2373 Italiae
1421 2347 1521 2372 coun-

73 2400 162 2447 pitis
187 2399 363 2447 quaedum
389 2400 475 2438 dicit
500 2412 611 2437 sacra
636 2400 760 2437 Liberi
786 2399 962 2436 celebrata
989 2412 1068 2436 cum
1095 2403 1202 2436 tanta
1228 2397 1372 2434 licentia
1399 2399 1520 2445 turpi·-

73 2459 221 2502 tudinis,
249 2465 288 2496 ut
314 2463 351 2497 in
376 2464 453 2498 eius
478 2461 647 2498 honorem
674 2460 843 2510 pudenda
869 2461 994 2498 uirilia
1019 2460 1298 2498 colerentur—.
1330 2461 1428 2495 Num
1454 2458 1519 2496 hoc

73 2525 177 2570 turpe
204 2521 396 2558 membrum
430 2535 493 2572 per
515 2523 644 2560 ,Liberi
679 2522 755 2559 dies
786 2521 899 2568 festos
928 2534 1006 2558 cum
1031 2522 1163 2559 honore
1187 2533 1318 2568 mayno
1345 2519 1520 2570 plostellis

71 2585 277 2632 impositum
303 2587 405 2633 prius
430 2597 494 2634 per
514 2597 602 2622 rura
617 2587 654 2621 in
674 2586 838 2633 compitis
856 2589 889 2620 et
907 2596 1018 2632 usque
1042 2585 1079 2619 in
1106 2582 1226 2619 urbem
1250 2587 1375 2630 postea
1394 2586 1520 2618 uecta-

71 2644 190 2682 batur.
243 2649 288 2683 In
318 2645 446 2696 oppido
474 2651 593 2683 autem
620 2648 783 2683 Lauinio
807 2658 903 2683 «tritas
933 2645 1065 2683 Libero
1094 2649 1190 2682 totus
1218 2646 1349 2682 niensis
1382 2642 1518 2682 tribue-
