1685 2954
702 113 843 141 IVNIVS
1452 110 1494 142 LI

54 215 206 252 Veneris
226 213 425 252 Genetricis
451 212 487 247 in
513 223 547 247 a.
576 210 612 246 d.
638 209 708 247 Vll
729 211 788 248 uel
808 211 858 246 VI
884 210 945 247 ΚΡ
972 209 1124 247 Octobr.
1151 221 1173 247 a
1199 207 1352 247 Claudio
1377 215 1496 247 trans-

53 277 161 327 positi
187 275 388 313 testimonio
414 273 589 309 fastorum
620 271 782 321 Capran.
809 278 846 307 et
871 272 1035 309 Pincian.
1065 278 1170 320 sunt,
1204 281 1335 322 parum
1359 270 1395 307 id
1420 271 1497 308 sor-

53 345 150 374 tasse
183 337 370 382 idoneum,
410 347 491 381 cum
526 333 600 369 ludi
626 333 778 370 Veneris
804 346 885 369 cum
911 334 1005 370 ludis
1030 334 1210 371 Drusillae
1235 332 1401 382 abrogari
1425 344 1498 382 po—

54 400 202 446 tuerint,
228 397 308 433 coll.
338 396 446 433 Dion.
474 394 538 443 59,
556 398 625 442 113
653 396 716 443 60,
733 393 769 432 5.

154 456 338 495 Kalendas
365 457 484 494 Iunias
509 456 716 506 putauerim
743 468 816 492 non
843 455 880 492 N
905 456 1062 505 signatas
1096 456 1229 504 fuisse,
1264 453 1499 506 quemadmo-

53 521 138 558 dum
167 520 202 555 in
229 526 410 555 marmore
442 518 565 554 attrito
598 516 708 554 fuisse
738 517 920 565 traditur,
957 517 1022 554 sed
1048 517 1114 554 NP
1141 522 1292 568 propter
1317 529 1420 554 sacra
1453 517 1500 555 ab

55 581 186 621 Ouidio
213 585 506 617 commemorata.
559 579 648 616 Post
670 591 730 616 eas
750 578 926 616 Bellonae
945 585 981 616 et
1003 580 1166 616 Herculis
1192 580 1410 629 templorum
1436 578 1502 616 de·

53 643 250 680 dicationes
277 654 321 679 ex
345 641 541 679 annalibus
565 643 696 691 priscis
719 644 854 678 creasse
880 641 1023 678 uidetur
1049 640 1226 688 Ouidius,
1265 652 1418 689 quarum
1446 641 1502 677 in-

52 705 228 742 celebrior
247 703 316 739 fuit
338 704 524 751 memoria,
552 715 620 739 nec
643 703 876 752 impediebat,
903 704 1093 752 quominus
1117 702 1192 739 dies
1213 702 1411 738 comitiales
1438 702 1503 738 ha-

52 767 239 803 berentur.
290 764 509 800 Piscatorios
543 764 648 801 ludos
682 765 717 800 in
751 766 875 801 tabula
912 777 983 801 non
1017 765 1135 800 notari
1168 776 1275 800 nemo
1302 763 1503 801 mirabitur.

52 827 184 865 Mentis
211 826 355 863 delubri
382 825 538 863 dedicati
566 827 690 863 titulus
716 833 815 863 extat
842 827 876 862 in
902 826 986 863 fast.
1013 825 1133 873 Maff„
1160 825 1223 875 qui
1248 825 1276 861 si
1304 837 1376 861 non
1404 830 1505 862 exta-

52 895 135 936 ret,
172 888 280 926 credo
316 893 528 938 putaremus
554 888 622 925 VII
647 888 700 925 ld.
727 888 955 931 dedicatum,
999 888 1083 936 quia
1122 898 1164 923 eo
1200 885 1372 935 loquendi
1405 897 1508 922 more

53 962 138 986 usus
165 955 220 986 est
254 956 388 999 poeta,
426 949 473 985 de
499 961 571 998 quo
608 961 691 998 p.v
718 949 934 984 monuimus.
989 950 1020 984 A
1046 947 1197 997 postrid.
1224 947 1320 984 Non.
1349 946 1397 984 ad
1422 947 1507 983 Idus

54 1022 168 1060 usque
191 1010 267 1046 dies
287 1009 447 1046 nefastos
472 1009 607 1046 habent
631 1009 715 1045 fasti
735 1009 923 1057 Maffeani,
949 1009 1043 1045 inter
1063 1022 1154 1059 quos
1181 1021 1227 1046 ne
1247 1011 1400 1046 maiores
1427 1008 1509 1059 qui-

54 1072 136 1108 dem
162 1071 276 1109 seriae
301 1071 436 1106 Vestae
459 1077 496 1106 et
515 1071 643 1107 Matris
664 1071 843 1118 Matutae,
872 1071 938 1107 nisi
964 1071 1050 1121 ipsis
1075 1072 1148 1108 suis
1175 1072 1390 1115 nominibus,
1418 1070 1509 1107 emi-

54 1140 187 1180 neant,
223 1139 264 1168 ut
296 1131 455 1180 dignosci
491 1145 562 1168 non
599 1133 736 1182 possit,
773 1145 858 1169 num
894 1140 1047 1182 propter
1081 1145 1182 1169 aram
1221 1133 1316 1170 Iouis
1342 1132 1509 1180 Pistoris,

52 1195 255 1240 Fortunae,
285 1193 526 1242 Concordiae,
556 1195 652 1231 Iouis
681 1196 806 1231 Inuicti
834 1195 943 1231 aedes
975 1201 1097 1230 notam
1123 1194 1190 1230 NP
1217 1198 1402 1244 positurus
1428 1193 1510 1231 fue-

54 1256 100 1292 rit
136 1262 263 1291 auctor
297 1255 373 1291 eius
410 1256 582 1304 tabulae,
618 1257 684 1293 nisi
718 1256 754 1292 N
787 1257 1063 1306 praeualuisset.
1124 1256 1262 1292 Verum
1297 1256 1393 1291 ultra
1425 1254 1510 1291 Idus

0 1325 2 1344 l
55 1319 164 1354 etiam
191 1316 330 1365 aliquot
365 1316 536 1353 horarum
561 1317 757 1355 interuallo
784 1320 819 1354 in
848 1331 884 1355 a.
911 1318 947 1353 d.
978 1317 1080 1353 xvn
1105 1317 1168 1353 ΚΡ
1195 1317 1263 1354 Iul.
1291 1316 1510 1366 productum

55 1378 167 1415 fuisse
193 1384 337 1427 tempus
362 1377 398 1414 id
425 1379 644 1429 religiosum,
672 1381 781 1417 fidem
809 1380 945 1416 habere
972 1379 1091 1415 licebit
1116 1379 1218 1415 fastis
1238 1378 1512 1426 Herwartianis,

55 1440 348 1490 quandoquidem
376 1446 519 1476 constat
538 1442 671 1478 Vestae
698 1443 832 1478 cultum
855 1441 901 1478 ad
926 1442 1049 1477 ultima
1072 1441 1212 1490 imperii
1231 1440 1391 1477 Romani
1419 1446 1512 1476 tem-

55 1514 146 1551 pora
173 1502 434 1538 sanctissimum
461 1503 647 1550 mansisse,
676 1509 713 1539 et
733 1504 952 1553 antiquiores
976 1502 1107 1539 desunt
1133 1508 1256 1539 testes.
1301 1501 1425 1538 Verba
1446 1500 1512 1549 igi-

54 1569 115 1599 tur
141 1562 264 1600 Ouidii
292 1575 327 1600 u.
352 1567 427 1599 223
455 1568 537 1612 post
562 1576 690 1601 sacras
714 1565 806 1602 Idus
833 1578 905 1601 non
933 1569 1018 1602 sunt
1043 1564 1090 1601 ad
1117 1564 1211 1600 diem
1242 1563 1449 1600 intercisum
1476 1562 1513 1598 in

55 1625 181 1661 tabula
217 1624 321 1661 Maff.
358 1625 690 1674 accommodanda,
725 1627 791 1664 sed
827 1639 872 1663 ex
907 1638 1014 1663 uersu
1041 1627 1118 1662 234
1155 1625 1388 1662 aestimanda.
1455 1623 1514 1660 De

57 1686 155 1722 initio
183 1687 337 1735 religiosi
365 1688 537 1737 temporis
564 1688 677 1737 possit
704 1687 885 1734 dubitari,
913 1694 1034 1723 utrum
1062 1700 1143 1724 cum
1170 1689 1293 1725 tabula
1320 1685 1515 1723 conueniat

58 1746 210 1795 Ouidio,
241 1749 326 1796 quia
353 1755 545 1798 postquam
573 1750 619 1785 de
645 1749 761 1785 Nonis
788 1751 874 1798 egit,
901 1749 994 1785 illius
1022 1751 1242 1786 mentionem
1267 1748 1368 1794 fecit,
1397 1760 1442 1784 an
1467 1747 1514 1783 ab

59 1821 103 1846 ea
129 1808 314 1856 discedat,
342 1822 424 1844 cum
450 1821 486 1844 u.
514 1811 588 1844 225
616 1810 768 1858 primam
796 1817 936 1859 partem
965 1811 1080 1858 Iunii,
1107 1812 1179 1846 hoc
1205 1816 1260 1846 est
1286 1822 1308 1846 a
1334 1808 1513 1845 Kalendis

60 1870 108 1907 ad
134 1870 246 1918 Idus,
285 1871 423 1919 nuptiis
449 1871 605 1907 alienam
631 1869 740 1907 dicat.
792 1871 883 1907 Eam
911 1871 1171 1908 dubitationem
1199 1872 1407 1907 coniectura
1430 1871 1516 1907 satis

58 1932 247 1982 ingeniosa
273 1931 479 1967 sublaturus
506 1936 584 1967 erat
603 1931 835 1980 Vaassenius,
863 1932 925 1981 qui
950 1933 1178 1969 scribendum
1201 1933 1347 1981 putauit
1367 1945 1403 1970 u.
1419 1935 1515 1969 223:

267 1996 360 2030 Tum
384 1992 473 2029 mihi
501 1997 727 2030 monstratur
752 1998 835 2042 post
863 2005 993 2030 sacrus
1019 1995 1144 2031 tertius
1170 1994 1273 2039 Idus,

59 2068 133 2105 quo
158 2054 391 2102 efficeretur,
428 2059 469 2089 ut
496 2066 531 2091 u.
546 2054 621 2090 225
647 2066 738 2103 pars
761 2055 870 2093 lucius
904 2062 998 2092 esset
1031 2068 1116 2105 pars
1150 2056 1291 2092 nefasta
1325 2055 1417 2103 diei,
1455 2056 1519 2105 qui

59 2122 210 2154 notatur
235 2114 534 2161 Q.ST.D.F;
563 2120 615 2152 ter
647 2123 684 2152 et
710 2118 750 2152 iu
784 2129 901 2166 aeque
933 2116 1038 2154 facile
1073 2124 1341 2153 commutantur
1376 2129 1418 2153 ac
1451 2122 1517 2162 ter,

59 2176 160 2227 quod
194 2177 362 2214 scribitur
388 2177 423 2212 in
451 2176 558 2213 codd.
585 2177 659 2224 111,
695 2183 733 2214 et
762 2179 822 2223 &123
860 2177 931 2214 uid.
960 2178 1062 2214 Fast.
1091 2184 1129 2227 2,
1156 2181 1245 2227 686,
1281 2179 1335 2217 Il).
1364 2192 1400 2216 u.
1427 2180 1515 2216 226.

59 2239 228 2275 Fauebat
254 2239 287 2275 ei
313 2239 486 2288 opinioni,
516 2238 614 2288 quod
640 2239 701 2275 ille
727 2239 847 2274 XVIII
873 2239 934 2274 ΚΓ
963 2247 1085 2276 notam
1115 2241 1151 2276 N
1177 2241 1213 2276 in
1240 2252 1421 2276 marmore
1446 2240 1518 2289 legi

61 2301 216 2350 putauit.
261 2299 396 2337 Obstat
422 2312 525 2347 uero,
553 2299 652 2348 quod
674 2299 828 2337 Ouidius
856 2300 1047 2350 aliquoties
1075 2313 1226 2338 numero
1254 2302 1375 2351 aliquo
1399 2301 1517 2351 posito

61 2361 154 2398 diem
175 2361 348 2398 feminino
373 2373 506 2410 genere
529 2361 645 2397 uoluit
666 2362 870 2410 subaudiri,
898 2375 1082 2412 nunquam
1105 2375 1191 2399 uero
1211 2363 1425 2410 masculino,
1451 2362 1518 2399 nisi

61 2422 158 2459 forte
193 2423 244 2459 ita
279 2423 552 2472 intelligendum
579 2412 658 2471 quis
685 2423 888 2460 decreuerit
921 2426 960 2473 5,
987 2428 1061 2460 603
1087 2424 1213 2462 Idibus
1237 2426 1350 2474 prior.
1406 2423 1518 2467 Quod

63 2485 148 2534 quia
173 2497 303 2534 parum
329 2486 559 2534 exploratum
587 2490 655 2531 est,
681 2485 826 2534 priuata
851 2486 1027 2534 religione
1052 2487 1248 2523 infaustum
1276 2492 1419 2535 tempus
1446 2486 1517 2521 ali-

64 2553 201 2595 quanto
227 2548 333 2584 latius
359 2547 531 2596 patuisse,
560 2558 668 2595 quam
696 2559 740 2582 ex
766 2545 869 2582 fastis
889 2546 1083 2584 Maffeanis
1109 2548 1351 2598 cognoscitur,
1378 2552 1517 2584 statua-

65 2617 147 2643 mus
172 2614 342 2657 oportet,
366 2607 687 2657 ,quemadmodum
714 2607 915 2644 Februario
942 2610 1050 2646 etiam
1076 2621 1200 2647 mense
1227 2610 1518 2646 demonstratum

67 2671 137 2705 est.
189 2668 430 2719 Templorum
464 2669 729 2714 dedicationes,
766 2680 856 2718 quas
891 2666 1030 2718 reliqua
1064 2660 1196 2708 mensis
1233 2676 1339 2722 parte
1365 2668 1537 2708 Ouidius'

1115 2733 1199 2769 D2
