1685 2954
104 123 177 153 cw
657 169 662 175 1
716 127 922 157 VARRONIS

104 225 199 273 ignis
218 229 272 262 est
297 229 330 261 et
354 223 510 270 sonetur,
535 223 630 262 unde
652 229 686 263 et
706 228 825 266 Varro
842 227 966 275 fomtm
983 227 1053 267 cnei
1074 228 1165 266 uult.
1211 228 1293 265 Hoc
1312 239 1429 279 aeque
1449 237 1547 271 recte

100 286 141 322 in
167 285 259 323 libro
285 286 411 335 quinto
436 285 483 322 de
509 286 534 322 I.
560 287 603 335 l.,
629 293 738 339 atque
763 291 798 326 in
824 291 950 341 quinto
977 303 1095 328 rerum
1121 290 1324 327 diuinarum
1349 291 1453 328 scribi
1477 305 1545 342 po-

103 348 190 384 tuit:
227 359 271 382 ex
297 347 424 396 quinto
451 347 498 385 de
523 349 548 385 Ι.
575 348 601 385 l.
628 355 684 386 est
708 351 814 388 etiam
841 352 993 389 alterum
1020 352 1286 401 fragmentum,
1320 352 1419 402 quod
1445 353 1546 402 latuit

99 408 280 453 editores,
315 414 500 446 seruatum
527 422 548 446 a
573 409 679 459 Lydo
711 412 758 450 de
783 414 944 462 magistr.
973 417 1012 461 2,
1042 417 1101 452 13.
1154 413 1343 450 PertInent
1379 413 1473 450 haec
1499 404 1546 452 ad

78 468 374 506 *examinandam
400 471 568 508 Muelleri
594 475 806 511 sententiam
834 474 880 510 de
906 475 1077 511 librorum
1105 474 1151 512 de
1177 475 1202 512 1.
1230 476 1253 512 l.
1282 475 1457 523 editione,
1485 487 1545 512 re-

99 531 249 580 petitam
277 544 394 581 nuper
423 534 456 569 in
485 534 602 583 praef.
628 535 730 572 Festi
755 548 916 585 p.xxx.
970 537 1070 572 Haec
1095 548 1241 586 quoque
1277 549 1358 572 cum
1385 537 1434 573 ita
1459 537 1546 584 sint,

99 593 223 629 nescio
249 605 295 629 an
321 593 546 631 conducibile
580 595 626 632 sit
652 597 857 633 existimare
890 595 938 633 de
964 598 1072 634 rebus
1098 599 1206 635 sacris
1235 597 1406 635 Ouidium
1433 597 1545 647 inpri-

99 653 166 690 mis
192 655 413 691 consuluisse
433 656 605 694 Varronis
631 658 740 693 libros
765 669 884 693 rerum
911 656 1128 705 diuinarum,
1155 671 1198 695 ac
1222 659 1268 695 de
1294 671 1338 696 ea
1363 671 1404 696 re
1427 659 1545 708 inqui-

98 726 181 752 rere
207 715 423 765 diligentius.
475 717 595 767 Atque
621 730 663 754 ea
690 719 853 767 quaestio
880 719 1168 769 qualemcunque
1201 728 1372 758 euentum
1398 727 1454 757 est
1478 720 1545 757 ha·

99 776 242 826 bitura,
275 778 364 815 scito
401 790 476 814 rem
512 778 563 814 ita
599 790 677 815 esse
711 785 983 828 comparatam,
1020 782 1061 817 ut
1094 782 1242 818 ulterius
1269 781 1439 831 progredi
1462 794 1545 818 cum

96 837 218 876 fructu
257 852 329 876 non
366 839 472 876 liceat
505 840 623 889 sitque
658 841 694 876 in
728 853 773 878 ea
809 840 1123 890 acquiescendum.
1176 843 1389 892 Colligenda
1421 843 1545 891 itaque

95 898 276 937 Varronis
302 913 426 937 eorum
454 901 626 938 librorum
657 901 862 951 fragmenta
887 907 971 938 sunt
1006 914 1051 939 eo
1075 903 1245 950 consilio,
1281 910 1320 940 ut
1355 904 1386 940 si
1414 903 1546 953 possit,

95 961 183 999 inde
208 962 410 1011 explicetur
430 962 599 1011 Ouidius,
625 964 655 1000 si
683 976 753 1000 non
773 970 904 1013 potest,
931 964 1131 1013 explicetur
1157 977 1201 1002 eo
1227 965 1323 1012 Ioco,
1351 964 1410 1000 ubi
1427 964 1544 1001 Varro

97 1022 145 1060 de
175 1023 284 1060 rebus
310 1024 434 1060 iisdem
462 1026 549 1074 egit.
601 1025 763 1062 Collecta
789 1030 973 1074 postremo
1007 1032 1133 1063 extant
1165 1027 1201 1063 in
1228 1026 1286 1064 ed.
1312 1026 1419 1063 Varr.
1446 1026 1543 1062 Dur-

94 1083 253 1122 dracena
287 1087 371 1122 anni
400 1088 527 1134 1619,
565 1086 626 1123 ubi
662 1099 757 1136 quae
791 1093 969 1137 occupata
994 1093 1102 1136 sunt,
1137 1088 1206 1125 hoc
1230 1089 1331 1137 signo
1356 1088 1376 1109 ’⁴‘
1401 1088 1542 1125 notaui.

92 1146 265 1184 Auctiora
287 1148 527 1196 promiserant
552 1148 636 1185 olim
662 1148 871 1185 Ludouicus
898 1149 1048 1197 Carrio,
1076 1161 1194 1199 nuper
1218 1149 1264 1186 L.
1297 1151 1342 1187 H.
1372 1149 1541 1186 Kralme-

92 1221 178 1245 rust
205 1208 351 1256 uellem,
377 1208 597 1257 edidissent3
624 1221 681 1246 res
705 1211 802 1247 enim
822 1217 891 1258 est,
918 1211 1026 1247 etiam
1051 1211 1079 1248 si
1104 1211 1276 1261 peculiari
1300 1211 1462 1260 consino,
1489 1211 1540 1248 uti

93 1269 180 1316 dixi,
205 1270 402 1320 perficitur,
426 1270 582 1307 difficilis
609 1276 646 1309 et
673 1283 792 1322 prope
818 1271 1007 1309 inuidiosa.

755 1453 801 1514 g.
829 1454 868 1498 4.

116 1546 170 1585 Μ.
198 1545 445 1583 TERENTII
479 1545 735 1584 VARRONIS
770 1547 984 1592 ANTIQQ.
1020 1547 1200 1586 RERVM
1232 1548 1513 1586 DIVINARVM

626 1608 778 1646 LIBER
804 1609 1003 1647 PRIMVS.

191 1697 208 1716 ¹*
235 1698 382 1747 Fragln.
416 1702 449 1734 l.
505 1699 621 1734 Acron
649 1698 694 1734 ad
723 1700 814 1735 Hor.
841 1712 927 1749 epp.
956 1703 993 1748 1,
1013 1701 1075 1747 10,
1097 1699 1159 1743 49,
1185 1710 1224 1749 p.
1245 1699 1319 1735 414
1345 1699 1403 1736 ed.
1423 1700 1535 1738 Basil.

89 1760 233 1797 Fabi-ic.
251 1761 371 1798 1555:
401 1763 554 1797 Vacuna
571 1783 633 1796 —.
661 1759 733 1796 Sed
756 1763 877 1797 Varro
901 1763 940 1797 in
966 1763 1082 1809 primo
1107 1772 1178 1797 rer.
1206 1760 1317 1797 (Ιὶιιὶη.
1338 1763 1537 1799 Victoriam

91 1824 147 1859 ait
172 1826 209 1858 ot⁴
232 1834 274 1858 oa
300 1823 458 1858 nuzoeime
483 1822 520 1858 m
542 1821 722 1869 yamlent,
752 1824 813 1870 qui
838 1823 1017 1871 sapientia
1050 1823 1210 1859 vincunt.
1264 1823 1536 1859 Commentator

90 1885 242 1933 Cruquii
270 1896 306 1933 p.
321 1884 395 1919 547
415 1883 472 1920 ed.
497 1884 617 1920 1579:
644 1883 718 1920 Sed
742 1886 861 1920 Varro
887 1885 1003 1932 primo
1024 1896 1142 1921 rerum
1163 1884 1369 1921 ‹linium-um
1389 1886 1534 1922 Miner—

88 1957 176 1983 uam
203 1945 302 1992 dicit,
330 1944 423 1993 quod
447 1956 490 1981 ea
512 1947 673 1982 waxtrne
697 1944 734 1982 m
758 1945 930 1993 yatulont,
958 1947 1018 1993 qui
1043 1948 1246 1994 sapientiae
1270 1949 1417 1982 uacant.

189 2005 206 2024 *
233 2011 269 2043 2.
323 2007 539 2055 Augustinus
565 2006 611 2042 de
638 2019 670 2043 c,
698 2006 735 2042 d.
762 2009 801 2053 6,
827 2009 871 2043 4:
912 2009 1089 2044 Varronis
1116 2009 1225 2056 igitur
1256 2030 1298 2035 —
1324 2007 1413 2044 haec
1436 2009 1533 2045 ratio

86 2072 159 2104 ost:
197 2070 323 2105 Sicut
352 2070 477 2117 prior
511 2073 598 2116 ost,
641 2070 773 2116 inquit,
813 2069 979 2116 pictor,
1018 2080 1147 2117 quam
1189 2068 1530 2118 tabulapicta,

85 2132 210 2178 prior
237 2129 382 2176 saber,
411 2143 536 2179 (snam
564 2129 844 2176 czecltftcimn,
873 2131 937 2166 ita
960 2131 1137 2179 priores
1162 2135 1267 2166 snut
1293 2131 1530 2176 ciuitates,

85 2204 215 2239 (suam
239 2204 307 2235 ca,
336 2204 446 2240 quae
472 2205 496 2229 a
521 2191 793 2229 ciuitattbus
819 2195 921 2227 sunt
945 2192 1178 2228 instituta.
1200 2213 1247 2218 --
1274 2192 1374 2227 Num
1395 2196 1435 2227 ut
1456 2193 1530 2240 ipse

83 2252 190 2300 dicit,
221 2255 256 2290 εἰ
286 2256 402 2291 omnis
427 2259 518 2290 essot
541 2259 676 2290 maura
703 2253 865 2297 deornm,
893 2251 935 2289 ‹Ie
960 2265 1032 2302 qna
1057 2251 1240 2296 scriberet,
1266 2251 1441 2289 scribendi,
1466 2264 1528 2290 or-

85 2314 166 2352 dino
190 2314 296 2352 robus
319 2315 490 2353 Immanis
513 2314 765 2365 praeponenda
789 2319 892 2351 osset.

184 2379 220 2412 3.
274 2378 422 2425 August.
451 2380 488 2424 6,
510 2381 552 2414 3.·
587 2381 634 2415 In
661 2377 795 2414 (linitus
819 2375 1008 2413 olentiae—m
1034 2375 1139 2413 rebus
1163 2375 1284 2413 cadem
1310 2375 1355 2413 ab
1380 2376 1444 2413 illo
1469 2375 1527 2414 ‹13-

85 2439 236 2475 uisionis
260 2437 383 2483 forma
408 2445 556 2477 seruata
583 2444 655 2486 ost,
690 2443 864 2487 quantum
892 2439 1019 2473 attinet
1047 2437 1096 2475 ad
1120 2451 1182 2483 ca,
1211 2450 1302 2487 qnae
1327 2437 1397 2475 diis
1422 2438 1527 2475 crhi-

84 2499 198 2536 tenda
222 2503 320 2537 sunt.
374 2500 597 2540 Ezrhtbenznr
629 2503 720 2538 onim
752 2499 797 2536 ab
830 2498 1031 2536 hominibus
1065 2501 1103 2536 in
1136 2500 1223 2536 locis
1254 2504 1286 2535 ct
1313 2499 1528 2548 tornporibus

82 2573 206 2598 sacra.
261 2565 360 2598 Haec
386 2567 563 2610 (mutuor,
599 2575 689 2611 quac
712 2562 811 2609 dixi,
846 2561 946 2598 libris
972 2561 1177 2610 complexus
1202 2566 1254 2598 cst
1282 2563 1408 2597 ternis.-
1438 2573 1526 2598 num

84 2627 156 2660 tres
179 2623 316 2673 priores
341 2622 389 2660 de
415 2623 667 2662 hominibus
692 2626 855 2673 scripsit,
892 2628 1075 2672 sequentes
1100 2622 1147 2658 do
1174 2622 1300 2667 locis,
1329 2625 1452 2660 tertios
1477 2622 1527 2659 de

83 2684 373 2733 temporibus,
402 2691 552 2734 quartos
581 2685 634 2728 cle
659 2687 830 2730 sacris,
859 2686 963 2722 etiam
984 2684 1041 2722 hic
1067 2686 1127 2733 qui
1146 2684 1348 2729 exhibeant,
1374 2684 1430 2721 ubi
1457 2695 1525 2721 ox-
