1685 2954
87 63 264 96 ccnxxx
579 66 706 98 cono.
734 62 777 111 P,
805 62 855 112 11,
888 62 938 111 Ψ,
964 63 1012 110 Δ,

87 177 156 205 nor
169 166 278 219 culpa
295 171 350 205 est
366 177 477 218 quam
497 177 594 217 mea,
618 169 679 219 qui
706 180 778 207 non
797 168 959 208 dubitaui
984 169 1020 208 in
1041 169 1164 222 primis
1189 170 1400 221 praesertim
1423 172 1522 211 libris

86 224 137 266 illi
161 229 375 279 scripturam
401 227 566 266 editionis
591 229 718 268 Elzeu.
747 233 865 280 1629,
900 231 947 269 ad
978 244 1088 283 quam
1113 245 1238 270 omnes
1271 245 1356 270 suos
1381 234 1522 275 codices

85 291 238 327 contulit
255 289 438 338 Heinsius,
464 291 678 330 attribuere:
705 293 858 343 posthac
877 294 938 330 ubi
955 295 1109 344 suspicio
1126 295 1279 332 subnata
1306 300 1361 331 est
1385 294 1523 344 phron-

84 348 188 389 tida‘e
213 350 330 400 posui.
381 350 439 389 De
463 358 582 390 aetate
609 354 766 391 omnium
794 355 879 392 nihil
906 363 1052 405 praeter
1077 358 1317 394 coniecturam
1343 367 1491 405 sequor.
1518 363 1521 366 ’

185 414 249 460 16,
275 414 338 453 17.
390 412 528 451 Littera
553 417 589 452 P
612 415 759 464 intelligi
787 415 884 454 uolui
909 417 1190 455 Puteanenm
1217 418 1433 468 primum,
1460 417 1524 467 qui

83 472 131 510 ab
157 473 304 511 Heinsio
337 475 389 512 ita
422 475 650 526 designatur:
686 475 798 514 code-z·
824 480 1056 516 Puteanaeus
1088 492 1164 517 ‘non
1197 479 1307 517 ualde
1340 481 1524 528 antiqmu,

83 536 146 583 qui
169 537 294 574 tristia
327 541 362 574 ee
395 536 508 575 libros
541 550 587 575 ea·
613 541 732 575 Ponto
758 537 912 576 habebat
938 552 1118 586 anneoeos,
1153 540 1216 578 sed
1240 540 1387 578 diuersa
1409 551 1525 577 manu

82 598 258 647 scriptos,
292 598 328 635 in
364 600 528 649 catalogo
564 600 649 636 bibl.
687 611 763 648 reg.
796 599 1007 637 Parisiensis
1033 609 1127 650 part.
1144 605 1166 638 3
1193 608 1281 638 tom.
1299 604 1326 638 4
1350 613 1387 638 n.
1401 603 1522 639 8239:

82 657 160 695 cod.
185 658 382 698 membran.
409 659 496 697 olim
520 663 706 698 Puteanus
731 659 823 705 fast.
851 662 946 697 trist.
973 664 1081 699 Pont.
1106 656 1200 699 saec.
1215 665 1331 700 XIII.
1383 662 1525 701 Littera

82 716 135 756 Π
154 720 322 770 insigniui
346 721 622 758 Puteaneum
659 720 929 768 secundum,
965 721 1012 758 de
1045 735 1117 772 quo
1145 724 1334 760 Heinsius:
1373 724 1467 762 aher
1491 737 1522 763 c.

80 783 127 818 P.
157 783 218 831 qni
252 781 438 820 amoribus
471 781 728 829 adficiebatur,
766 787 851 819 ante
885 794 1002 819 annos
1036 783 1315 832 quadringentos
1346 787 1526 835 scriptun

81 844 377 881 membranaceus
403 850 440 881 et
466 844 625 881 eiusdem
652 844 779 880 aetatis
807 842 962 879 traditur
988 844 1022 880 in
1046 851 1115 881 cat.
1132 844 1218 881 Par.
1244 858 1281 882 n.
1299 847 1410 884 8245.
1449 847 1526 884 De-

80 911 165 941 sunt
190 905 226 940 in
254 904 323 942 hoc
348 904 420 942 duo
446 905 532 942 folia
559 912 641 956 post
668 904 807 953 3‚'383
841 912 878 942 et
911 906 959 942 ib.
986 907 1075 954 692,
1103 907 1162 942 ubi
1189 912 1310 944 tamen
1335 907 1526 958 aliquoties

79 965 320 1015 perscriptum
342 966 463 1003 inueni
489 968 524 1003 in
546 967 680 1004 Heinsii
704 966 857 1004 schedis.
903 967 1067 1017 Vterque
1094 968 1251 1018 uulgaris
1277 971 1462 1008 commatis
1486 977 1525 1009 et

79 1026 239 1063 incertae
265 1027 385 1077 stirpis
411 1028 502 1064 liber
529 1035 596 1066 est.

182 1090 243 1125 18.
293 1088 406 1138 Signo
439 1086 481 1127 Ψ
503 1089 823 1127 Petauianum
857 1090 1115 1129 secundum
1142 1092 1343 1142 intelliges,
1377 1092 1426 1130 de
1449 1105 1524 1143 qno

79 1149 267 1188 Heinsius:
303 1153 462 1201 scriptus
488 1156 572 1189 ante
597 1153 673 1188 400
698 1165 836 1197 annos,
864 1165 966 1201 quem
991 1166 1052 1202 ⁰9⁰
1077 1159 1204 1204 postea
1231 1155 1375 1193 contuli.
1426 1155 1523 1192 Nam

79 1219 252 1263 excerpta
278 1219 471 1263 acceperat
492 1225 515 1250 a
535 1213 738 1251 Gronouio.
784 1214 905 1252 Credo
926 1216 1155 1252 Helnsianarn
1183 1217 1426 1265 collationem,
1451 1226 1524 1254 nm

79 1274 353 1312 Gronouianam
380 1287 438 1312 me
464 1275 649 1312 habuisse:
689 1275 793 1313 huius
821 1278 915 1313 enim
944 1283 1016 1314 tam
1043 1279 1238 1327 copiosae,
1272 1285 1312 1314 ut
1339 1284 1415 1326 est,
1450 1278 1524 1315 n‘on

77 1336 196 1374 solent
221 1349 312 1374 esse.
365 1337 522 1374 Melioris
551 1343 659 1374 notae
685 1338 779 1374 iuter
805 1339 975 1388 aequales
1002 1352 1085 1376 suos
1112 1347 1179 1377 est.

181 1399 240 1434 19.
292 1398 391 1435 Nota
415 1396 457 1435 A
488 1398 666 1435 indicatur
705 1399 814 1436 codeae
846 1401 1054 1448 Reyius,
1091 1408 1131 1437 ut
1168 1401 1332 1437 Heinsius
1366 1402 1524 1451 reliquit,

78 1460 138 1509 qui
166 1461 289 1497 omnia
319 1460 442 1497 Ouidii
469 1472 578 1510 opera
606 1460 828 1509 continebat,
865 1460 1020 1498 eiusdem
1052 1462 1129 1509 fere
1154 1464 1287 1500 aetatis
1312 1475 1390 1499 cum
1415 1475 1526 1512 supe-

75 1520 244 1566 rioribus,
271 1521 308 1558 h.
324 1535 357 1560 e.
381 1529 535 1572 utroque
551 1522 751 1567 Puteaneo‚
777 1525 876 1559 cuius
896 1524 977 1559 aeui
995 1529 1030 1559 et
1050 1523 1345 1560 membranaceus
1364 1525 1399 1560 in
1417 1523 1524 1561 catal.

77 1581 162 1619 bibl.
191 1583 401 1620 Parisiensis
428 1596 464 1620 n.
481 1584 579 1619 7993
607 1584 722 1621 codex
749 1591 1063 1620 commemoratur.

175 1647 238 1681 20.
288 1645 510 1682 Bernensem
537 1643 697 1681 codicem
729 1642 766 1680 Σ
789 1646 969 1695 signatum
997 1645 1148 1682 contulit
1174 1657 1269 1681 anno
1297 1647 1396 1682 1718
1419 1647 1522 1686 Hier.

74 1704 270 1743 Stettlerus
296 1714 332 1744 et
358 1718 526 1756 magnam
555 1705 775 1756 diligentiam
803 1719 911 1756 quam
939 1707 1141 1743 adhibuerit
1168 1713 1319 1743 testatus
1346 1715 1420 1756 est,
1448 1708 1523 1746 uid.

73 1767 192 1817 praef.
213 1769 304 1806 trist.
325 1781 362 1818 p.
376 1779 528 1805 xxvu:
557 1779 652 1817 quae
678 1768 763 1805 mibi
789 1768 970 1806 interdum
998 1768 1166 1804 ineruditi
1193 1768 1343 1805 bominis
1369 1781 1438 1807 nec
1463 1782 1523 1807 sa-

74 1830 119 1866 tis
145 1831 402 1868 exercitatione
427 1829 601 1867 aduersus
627 1830 813 1866 oculorum
840 1830 1105 1880 digitorumque
1129 1829 1278 1867 fraudes
1298 1831 1424 1868 muniti
1444 1832 1522 1869 uisa

73 1897 143 1929 est.
193 1891 326 1929 Diflert
351 1893 387 1929 in
414 1892 475 1929 tali
501 1903 554 1936 re,
580 1891 660 1941 quis
687 1890 885 1941 delinquat.
927 1891 1068 1938 Codex,
1095 1903 1202 1941 quem
1230 1894 1523 1941 antiquissimum

74 1956 110 1989 et
135 1955 309 2002 optimum
335 1953 647 1991 membranaceum
673 1954 894 2002 appellauit,
927 1954 1004 1990 sine
1031 1952 1142 1989 dubio
1174 1953 1206 1990 is
1232 1961 1286 1990 est
1311 1954 1373 2003 qui
1397 1954 1432 1991 in
1460 1966 1523 1992 ca·

74 2014 198 2064 talogo
224 2015 369 2053 Sinneri
396 2016 425 2063 1,
452 2016 577 2065 p.543
603 2027 639 2052 n.
654 2016 728 2051 478
756 2014 967 2051 describitur
992 2021 1028 2051 et
1052 2027 1148 2052 saec.
1168 2014 1251 2052 Xln
1278 2008 1521 2066 nuncupatur.

172 2080 237 2115 21.
295 2077 414 2115 Codex
443 2077 701 2115 Thuaneus
726 2081 811 2112 ante
836 2077 1116 2125 quadrinyentos
1141 2089 1259 2114 annos
1283 2079 1441 2127 scriptus
1459 2077 1519 2127 qui

73 2136 120 2174 ab
146 2138 296 2175 Heinsio
322 2139 452 2176 dicitur
478 2145 514 2175 et
540 2149 562 2174 a
588 2150 647 2175 me
677 2141 712 2176 Τ
734 2145 882 2175 notatur
906 2139 941 2175 in
975 2138 1081 2174 catal.
1110 2139 1196 2176 bibl.
1225 2138 1338 2175 Paris.
1367 2151 1402 2175 n.
1420 2139 1516 2175 7991

71 2199 366 2238 membranaceus
390 2202 545 2250 primum
561 2202 640 2238 Iac.
654 2200 751 2249 Au9.
771 2199 929 2245 Timaui,
955 2205 1082 2250 postea
1105 2201 1330 2238 Colbertznus
1353 2198 1462 2235 fuisse
1481 2204 1518 2239 et

72 2259 232 2297 eiusdem
260 2263 341 2299 aeui
367 2262 509 2299 dicitur.
562 2261 711 2299 Memini
738 2262 927 2311 aliquoties
954 2274 1012 2299 me
1041 2261 1193 2299 detineri
1220 2262 1295 2298 eius
1319 2259 1515 2308 scripturis.

171 2325 234 2359 22.
287 2323 344 2360 De
377 2323 500 2360 codice
528 2326 561 2361 Z
588 2324 754 2374 signato,
789 2326 850 2374 qui
883 2330 967 2374 post
997 2326 1032 2361 Τ
1057 2324 1142 2374 poni
1168 2322 1272 2360 solet.
1293 2322 1328 2357 in
1361 2327 1516 2358 annota-

70 2382 183 2431 tione,
208 2384 346 2422 uidebis
372 2385 464 2422 infra
491 2398 526 2422 n.
545 2387 605 2423 39.
744 2383 750 2385 ’

171 2449 234 2482 23.
288 2447 404 2485 Venio
440 2447 485 2485 ad
512 2448 689 2484 sentinam
716 2459 841 2484 eorum
867 2448 1066 2494 librorum,
1103 2446 1164 2495 qui
1199 2449 1368 2481 accurate
1394 2443 1514 2480 collati

70 2513 166 2545 sunt.
219 2507 539 2547 Berollnensis
566 2510 609 2555 is,
636 2520 746 2559 quem
773 2508 792 2545 b
820 2509 960 2556 notaui,
987 2508 1081 2545 idem
1108 2513 1162 2544 est
1189 2507 1249 2555 qni
1276 2504 1391 2556 praes.
1421 2505 1514 2542 trist.

70 2582 110 2619 p.
126 2581 260 2607 xxxu
286 2568 512 2609 describitur.
555 2570 714 2608 Saeculo
735 2571 860 2620 quinto
887 2570 1027 2607 decimo
1055 2568 1285 2604 uetustiorem
1312 2565 1420 2603 bodie
1441 2578 1514 2602 non

70 2637 184 2681 putet
221 2632 375 2682 scriptus
403 2638 442 2670 ut
469 2632 686 2671 uenderetur
720 2631 863 2670 uidetur
896 2631 1051 2668 maxima
1076 2641 1186 2681 saepe
1212 2641 1337 2668 sensus
1363 2627 1515 2675 incuria,
