1685 2954
630 123 731 153 LIB.
762 123 975 154 snx‘rvs
1441 115 1528 161 259

134 225 228 265 Non
257 235 361 278 ego,
400 223 435 264 si
474 227 562 263 toto
590 228 720 264 mater
755 235 822 264 me
854 222 1002 264 cedere
1031 225 1150 267 eaelo

187 292 370 343 lassent,
400 290 527 331 inuita
554 297 684 331 matre
711 291 906 342 morabor,
936 291 1007 332 ait.

130 362 254 399 Nunc
285 371 446 412 quoque
472 369 555 397 non
583 358 713 399 luctor
741 358 793 398 de
821 356 984 399 nomine
1017 361 1213 414 temporis
1240 360 1380 405 huius:

182 425 382 478 Blandior,
412 430 456 464 et
482 429 623 477 partes
652 438 761 478 pene
787 426 975 479 rogantis
1004 440 1098 481 ago,
1463 433 1517 473 70

124 493 311 546 Remque
340 490 420 532 mei
448 490 547 532 iuris
576 492 710 532 malim
740 493 927 534 tenuisse
955 495 1182 546 precando:

177 562 234 601 Et
259 560 403 601 faueas
429 572 584 601 causae
609 560 779 601 forsitan
808 561 900 614 ipse
928 574 1058 604 meae.

119 629 258 669 Aurea
286 628 476 681 possedit
503 628 620 668 socio
641 626 849 682 Capitolia
877 630 1031 683 templo

172 697 320 749 Mater,
351 702 397 737 et
424 702 471 737 ut
500 695 637 748 debet,
667 709 761 737 eum
787 697 889 737 Ioue
919 709 1080 740 summa
1108 703 1240 742 tenet.

118 765 176 805 At
205 764 335 805 decus
363 776 483 804 omne
511 763 609 804 mihi
639 764 844 818 contingit
872 763 1028 819 origine
1055 768 1235 809 mensis:
1462 770 1515 809 75

172 829 332 872 Vnicus
362 837 441 886 est,
471 832 524 873 de
557 843 637 885 quo
667 831 948 886 sollicitamur,
977 833 1118 875 honor.

116 896 225 948 Quid
253 911 394 953 graue,
424 899 461 940 si
490 900 652 942 titulum
683 899 852 952 mensis,
882 900 1084 954 Romane,
1113 898 1265 944 dedisti

170 966 363 1007 Herculis
386 968 503 1007 uxori
531 967 839 1021 posteritasque
865 964 1054 1009 memor?

115 1032 235 1074 Haec
264 1046 426 1087 quoque
456 1040 563 1075 terra
592 1034 746 1087 aliquid
774 1035 900 1076 debet
929 1033 1027 1076 mihi
1054 1036 1217 1078 nomine
1244 1036 1385 1093 magni

166 1100 380 1154 Coniugis.
416 1102 498 1142 huc
528 1107 678 1154 captas
707 1101 863 1156 appulit
890 1101 959 1143 ille
989 1102 1144 1144 boues:
1454 1109 1509 1147 80

108 1167 189 1208 Hie
219 1168 325 1207 male
355 1168 553 1209 defensus
579 1170 754 1211 flammis
783 1176 828 1211 et
854 1169 952 1211 dote
979 1175 1151 1223 paterna

164 1234 305 1275 Cacus
332 1235 590 1276 Auentinam
619 1237 823 1290 sanguine
859 1235 982 1277 tinxit
1015 1237 1191 1277 humum.

106 1300 175 1342 Ad
201 1302 387 1355 propiora
415 1314 552 1343 uoeor.
592 1304 788 1356 populum
816 1302 995 1358 digessit
1022 1303 1075 1344 ab
1103 1303 1223 1347 annis

162 1369 374 1422 Romulus,
404 1371 444 1410 in
471 1375 613 1423 partes
642 1370 928 1425 distribuitque
957 1370 1076 1411 duas.

105 1436 227 1478 Haec
253 1436 351 1478 dare
380 1438 606 1491 consilium,
634 1451 822 1492 pugnare
852 1438 1029 1492 paratior
1056 1436 1125 1479 illa
1154 1443 1241 1479 est:
1448 1444 1503 1483 85

48 1531 93 1568 N
104 1542 186 1568 nar.
205 1543 275 1568 scr.
315 1532 416 1579 signa
440 1532 574 1569 doloris
604 1534 634 1571 G
644 1535 674 1571 0
689 1536 766 1570 Tm
781 1530 855 1570 ina.
873 1545 942 1570 sec.
962 1532 1129 1578 sedecinm
1160 1530 1249 1570 ΨΑ
1258 1532 1311 1584 bp
1326 1545 1410 1572 nar.
1424 1544 1497 1574 scr.

48 1582 152 1630 signa
178 1582 325 1630 pudoris
349 1580 404 1628 ³153
429 1586 480 1619 20
495 1595 578 1621 aar.
594 1597 664 1621 scr.
703 1585 803 1633 signa
833 1585 974 1620 ruboris
1002 1584 1086 1621 duo.
1130 1583 1234 1632 signa
1260 1584 1414 1622 dolentis
1440 1598 1502 1624 re—

47 1631 138 1680 liqut
162 1636 196 1668 et
215 1629 292 1680 Hp
312 1645 390 1669 nar.
410 1645 480 1670 scr.
583 1636 645 1672 67.
673 1648 730 1671 me
755 1637 794 1672 in
811 1647 888 1672 ras.
906 1647 956 1679 m,
982 1633 1049 1671 sub
1067 1645 1137 1683 qua
1163 1635 1193 1670 si
1218 1634 1355 1682 leyebat
1370 1637 1499 1675 Heius.

46 1689 164 1718 mater
190 1682 368 1720 decedere
394 1685 494 1720 caelo
520 1687 570 1719 22
596 1683 650 1721 ed.
677 1685 828 1722 Medtol.
858 1689 892 1721 et
917 1687 1039 1733 Neap.
1143 1686 1206 1721 68.
1234 1686 1392 1723 Iusserat
1418 1688 1496 1726 inu.

51 1735 140 1769 Tm.
192 1733 297 1770 lussit
322 1741 359 1770 et
384 1735 459 1770 inu.
481 1745 504 1781 9
521 1747 594 1771 ma.
610 1747 667 1782 pr.
715 1736 790 1770 inu.
817 1741 921 1784 parte
946 1747 1038 1771 mor.
1066 1738 1127 1770 22.
1231 1737 1291 1773 69.
1326 1737 1409 1773 Hoc
1435 1748 1498 1787 qu.

46 1785 94 1819 B.
137 1784 243 1819 Hunc
263 1797 324 1833 qu.
341 1796 372 1821 e.
409 1784 518 1820 Nunc
544 1795 612 1832 ego
639 1797 710 1821 non
734 1784 863 1821 quo.
903 1796 1049 1833 quoque
1075 1797 1155 1820 cum
1182 1785 1268 1822 luct.
1296 1790 1387 1823 e12.
1422 1799 1497 1825 non

45 1840 166 1870 rector
198 1832 249 1870 [F.
291 1838 381 1872 Post
406 1836 538 1880 luctor,
564 1847 634 1872 non
660 1839 743 1883 post
767 1834 871 1871 huius
897 1837 1025 1883 interp.
1054 1835 1092 1872 Ο.
1196 1837 1257 1871 71.
1291 1837 1377 1873 iuris
1403 1838 1496 1874 mal-

44 1885 115 1920 lem
142 1887 186 1921 N
207 1889 294 1921 tres.
334 1892 406 1923 ten.
433 1885 596 1933 rogando
627 1888 662 1922 Τ
683 1885 766 1923 duo.
814 1897 937 1935 praec.
965 1887 1054 1922 DE.
1156 1887 1218 1923 72.
1244 1886 1370 1923 faueat
1393 1885 1495 1925 AA

43 1946 114 1982 ym
137 1935 392 1984 septendecim3
423 1937 538 1985 GMp
554 1948 635 1974 nar.
653 1948 743 1987 scta*
769 1936 857 1972 sors.
885 1936 945 1972 illa
970 1934 1032 1972 A.
1079 1935 1158 1985 ipsa
1188 1933 1285 1972 ΦΠ
1294 1950 1329 1973 m
1345 1938 1391 1973 41
1419 1950 1493 1975 un-

42 1984 171 2031 decim
203 1987 318 2035 GMp
334 1998 415 2024 aar.
432 1999 503 2023 scr.
612 1989 674 2023 73.
701 1999 797 2036 poss.
826 1986 893 2023 ἒῖὄ
918 1998 998 2036 cap.
1016 1988 1052 2023 3.
1096 1999 1195 2035 poss.
1222 1988 1341 2036 posito
1367 1990 1494 2026 BEN

48 2033 468 2084 PTymma.sec.s2o
482 2037 644 2075 undecim
660 2036 737 2074 edd.
756 2036 851 2074 Rub.
873 2037 948 2073 Vic.
970 2039 1075 2082 Ven.;
1101 2039 1180 2087 Mp
1190 2049 1354 2076 uar.scr.
1389 2050 1489 2089 poss.

39 2085 139 2123 facto
165 2089 210 2124 P.
263 2101 359 2136 poss.
388 2088 492 2124 solito
524 2090 646 2125 2224.
695 2087 815 2125 Gloss.
845 2088 978 2137 posito]
1014 2088 1038 2123 i.
1067 2100 1100 2124 e.
1129 2088 1320 2125 aedificato
1344 2100 1383 2137 9.

89 2138 153 2173 74.
188 2137 272 2173 ioue
305 2139 441 2188 templa
476 2135 899 2186 BDENOPETyp
916 2140 1060 2174 32040
1083 2143 1237 2187 septem5
1269 2140 1394 2176 Guar.
1412 2151 1485 2176 scr.

39 2186 122 2223 ioue
146 2195 242 2223 serta
257 2185 377 2224 Π41.
480 2191 542 2225 75.
570 2190 619 2225 Et
639 2190 716 2225 dec.
735 2187 796 2228 A.
835 2191 883 2224 At
906 2200 1020 2237 genus
1037 2201 1237 2236 puar.scr.
1278 2189 1366 2225 mihi
1391 2190 1486 2226 atin-

39 2237 90 2285 git
115 2249 135 2274 r
155 2250 228 2274 ma.
249 2250 304 2287 pr.
414 2241 474 2276 76.
508 2240 739 2276 sollicitemur
763 2241 824 2276 27.
877 2239 956 2275 soll.
983 2250 1084 2275 amor
1109 2238 1170 2276 A.
1273 2242 1336 2276 77.
1370 2251 1484 2289 graue

38 2287 102 2324 sed
128 2289 182 2324 tit.
208 2301 232 2337 p
250 2301 331 2325 παν.
348 2302 432 2327 scr.v
468 2292 599 2326 mensis
626 2290 710 2326 mihi
736 2302 837 2326 roma
864 2289 947 2325 ded.
975 2287 1022 2325 Σ.
1071 2289 1216 2326 dedistis
1247 2291 1405 2328 01011.

88 2338 149 2374 78.
175 2339 283 2374 Herc.
304 2353 393 2376 uxor
410 2352 472 2376 ero
494 2348 629 2389 poster.
644 2343 725 2377 P3.
764 2341 1026 2388 posteritasque
1040 2341 1156 2376 minor
1170 2342 1206 2377 fi.
1307 2342 1369 2377 79.
1396 2339 1478 2378 Nec

39 2398 101 2435 qu.
129 2387 150 2423 b
168 2401 239 2426 ma.
252 2402 309 2439 pr.
353 2391 488 2441 aliquid
517 2392 601 2427 mihi
628 2391 736 2428 debet
767 2394 809 2427 Τ.
851 2391 935 2427 mihi
960 2391 1136 2440 sanguine
1164 2392 1205 2428 F.
1307 2392 1373 2429 80.
1398 2390 1478 2428 Co·-

36 2437 175 2487 noiugis
201 2442 323 2477 Dma.
340 2453 398 2490 pr.
440 2442 543 2479 Coni.
572 2442 654 2478 huic
679 2445 725 2478 Ε.
768 2442 873 2478 Coni.
901 2440 958 2477 hic
979 2438 1029 2478 Φ.
1071 2447 1195 2491 captos
1223 2444 1284 2479 11.
1320 2440 1393 2477 huc
1417 2453 1478 2478 ra-

36 2493 118 2536 ptas
151 2487 234 2527 duo.
282 2500 377 2541 capt.
404 2493 628 2529 attulit‘GD
644 2491 808 2538 Gof20
834 2496 1000 2541 quatuor.
1053 2500 1151 2541 capt.
1179 2492 1326 2528 abstulit
1348 2502 1474 2530 mma.

34 2549 91 2586 pr.
140 2550 226 2588 app.
262 2540 339 2590 ipse
369 2545 422 2580 N.
539 2547 601 2580 81.
638 2543 731 2579 Hinc
772 2540 823 2579 Ψ.
880 2552 919 2579 et
951 2549 1029 2578 arte
1062 2548 1140 2591 pat.
1170 2554 1371 2590 ymmsec.
1478 2578 1481 2581 .

86 2590 149 2625 82.
175 2600 277 2638 sang.
305 2593 406 2642 tingit
433 2591 534 2631 ΡΨ.
578 2594 680 2630 tincit
705 2605 736 2630 r.
837 2594 897 2629 83.
924 2592 1115 2641 propriora
1142 2595 1186 2629 E.
1236 2593 1281 2631 ab
1308 2592 1415 2630 armis
1439 2603 1472 2629 s.

83 2640 146 2676 84.
173 2639 281 2676 Rom.
309 2643 355 2679 ad
381 2650 475 2694 part.
492 2642 549 2683 Π,
585 2651 680 2694 part.
708 2643 963 2694 constituitque
988 2646 1035 2680 12
1046 2645 1096 2679 20
1115 2647 1200 2680 tres.
1301 2644 1363 2681 85.
1391 2641 1471 2680 Nee

31 2686 207 2739 ἔκπωμ’.
246 2694 411 2740 paracior
436 2697 484 2732 Β.
524 2703 578 2733 est
602 2693 672 2732 abi.
691 2707 710 2732 r
725 2696 776 2731 20
794 2698 877 2732 tres,

1088 2753 1176 2791 17*
