1685 2954
704 76 999 109 ASTRONOMICA
1494 81 1584 114 va

134 191 168 216 c.
189 181 236 215 12
261 177 386 216 Fidius
419 184 495 224 est,
527 183 591 214 aut
624 189 691 226 pro
726 175 834 213 Didio
870 177 1039 216 Porcium
1073 178 1279 225 sufficiunt,
1313 180 1398 231 quia
1424 181 1585 223 Velleius

133 243 173 288 2,
203 241 250 276 16
279 240 446 277 Porcium
472 238 658 275 Catonem
685 239 869 275 consulem
905 247 989 289 post
1013 241 1188 279 Rutilium
1215 243 1346 281 eodem
1371 243 1474 292 sato,
1509 258 1586 296 quo

132 301 255 350 illum,
290 315 391 339 usum
419 299 555 337 refert:
592 312 665 336 non
693 300 817 349 utique
842 301 1021 350 pessime,
1059 304 1088 339 si
1115 304 1223 341 modo
1250 305 1333 343 libri
1359 305 1583 345 addicerent.

131 362 223 400 Mihi
248 365 451 401 coniectura
476 361 511 397 in
539 368 697 398 mentem
726 363 810 398 olim
840 363 952 410 uenit,
979 364 1080 400 cuius
1108 377 1153 401 ne
1175 379 1270 403 nuuc
1295 366 1441 417 quidem
1466 367 1584 418 pude-

132 433 202 473 ret,
230 426 259 462 si
285 425 330 462 de
354 422 465 459 Didio
487 423 584 460 Saxa
603 424 754 460 Acronis
782 432 818 461 et
845 425 1017 475 Crucquii
1043 426 1257 464 scholiastae
1286 429 1332 465 ad
1361 430 1452 468 Hor.
1471 442 1583 468 carm.

132 489 169 531 3,
196 488 232 531 6,
259 487 283 522 9
307 485 510 521 testimonia
539 485 660 522 ualere
696 493 846 535 possent
880 494 1006 523 contra
1031 487 1186 524 Dionem
1212 491 1278 536 47,
1307 490 1355 526 35
1386 497 1423 528 et
1448 492 1585 542 Appia-

130 559 216 584 num
243 547 277 583 b.
304 547 373 583 ciu.
400 548 438 593 4,
458 548 529 594 873
558 549 642 584 102.
697 547 824 597 Itaque
858 561 929 585 non
964 549 1080 586 habeo
1116 550 1214 600 quod
1247 550 1295 588 de
1319 551 1390 588 hoc
1415 552 1497 589 loco
1523 554 1580 591 iu-

129 607 265 644 dicem:
302 607 491 645 Niebuhrii
526 608 572 645 de
600 608 733 646 Ouidio
769 609 899 646 iudicio
936 618 1048 657 utor,
1085 612 1157 648 uid.
1187 612 1270 650 hist.
1297 613 1371 650 Ro.
1399 616 1437 660 3,
1466 626 1504 664 p.
1520 615 1584 653 35.

128 669 185 706 De
209 668 384 706 Postumii
410 671 567 706 Tuberti
603 671 792 721 triumpho
813 685 848 709 u.
872 674 944 709 721
972 686 1007 711 a.
1037 672 1074 710 d.
1101 673 1185 710 Xlll
1210 674 1272 711 Kl’
1301 674 1366 711 lul.
1404 676 1491 711 satis
1527 683 1584 714 est

127 730 174 768 ad
199 730 440 768 Niebuhrium
468 731 504 768 h.
525 733 572 769 R.
591 736 629 780 2,
650 734 725 769 510
752 734 934 783 ablegare.
986 734 1115 780 Diem,
1152 749 1223 785 quo
1250 736 1296 773 ad
1324 737 1581 774 Trasimenum

127 799 330 843 pugnatum
365 800 421 830 est
448 807 483 830 u.
508 796 583 831 768
609 796 728 844 potuit
765 803 874 846 poeta
908 801 1072 832 notatum
1110 797 1272 833 inuenire
1304 797 1402 845 apud
1429 797 1585 835 Fabium

125 853 320 899 Pictorem,
348 868 455 905 quem
482 856 606 893 Liuius
633 870 780 907 quoque
807 858 882 893 eius
910 869 1055 906 pugnae
1080 858 1302 907 potissimum
1331 864 1516 896 auctorem
1542 872 1583 897 se

126 916 294 954 habuisse
322 917 458 954 fatetur
483 922 547 965 22,
562 921 598 957 7.
651 919 708 955 De
736 926 843 968 capto
865 917 1036 967 Syphace
1063 931 1099 955 u.
1118 920 1192 954 769
1218 918 1299 967 lege
1324 918 1407 955 Liu.
1429 922 1494 968 30,
1512 924 1582 958 12:

131 979 179 1015 de
205 985 323 1015 morte
343 979 592 1027 Hasdrubalis,
622 993 657 1016 u.
675 983 764 1028 770,
793 980 878 1016 socii
905 980 982 1016 eius
1007 980 1093 1017 nihil
1119 980 1293 1016 traditur:
1321 981 1471 1030 paulum
1496 983 1584 1019 abe-

126 1047 206 1088 rat,
243 1047 283 1077 ut
318 1040 364 1077 de
394 1053 437 1078 ea
464 1042 633 1078 certiores
659 1041 827 1078 fieremus
855 1054 900 1078 ex
925 1041 1050 1078 Dionis
1078 1042 1192 1078 Cassii
1218 1041 1433 1092 fragmentis
1461 1056 1582 1095 nuper

125 1103 277 1140 Bonnae
303 1114 325 1138 a
350 1103 412 1139 Fr.
443 1103 575 1138 Haasio
602 1102 664 1138 illo
692 1110 817 1139 nostro
845 1115 890 1139 ex
919 1103 1001 1140 cod.
1029 1103 1114 1141 Par.
1143 1103 1259 1140 editis.

227 1164 346 1212 Atque
366 1163 539 1201 hactenus
565 1164 711 1213 quidem
735 1164 782 1201 de
808 1164 999 1212 historicis,
1025 1177 1119 1214 quae
1146 1165 1294 1202 carmini
1319 1167 1471 1204 intexuit
1489 1167 1582 1205 Oui-

125 1225 219 1263 dius.
264 1226 300 1261 T
305 1225 394 1262 ertio
420 1226 501 1262 loco
529 1226 714 1263 stellarum
741 1233 841 1263 ortus
864 1233 900 1264 et
921 1239 1069 1264 occasus
1097 1228 1280 1263 enarrauit
1304 1227 1340 1263 in
1366 1227 1481 1276 fastis,
1507 1229 1584 1279 pri-

123 1301 203 1326 mus
242 1287 387 1337 quidem
421 1287 589 1327 fortasse.
652 1289 708 1325 De
736 1290 894 1326 Caesare
929 1288 1014 1325 dict.
1045 1289 1202 1325 dubitari
1238 1300 1326 1325 sane
1360 1289 1498 1338 possit,
1533 1302 1582 1327 an

123 1351 153 1388 is
180 1362 273 1401 quae
299 1349 346 1386 de
371 1350 557 1387 stellarum
587 1351 888 1388 uicissitudiuibus
919 1351 1074 1401 plurima
1101 1351 1248 1398 docuit,
1277 1362 1320 1387 ea
1347 1351 1582 1388 annotauerit

123 1414 160 1449 in
186 1413 362 1457 fastorum
396 1413 520 1449 tabula
557 1424 580 1449 a
606 1426 645 1450 se
672 1414 883 1464 proposita,
920 1412 1226 1463 quemadmodum
1261 1411 1297 1448 id
1329 1412 1370 1448 fit
1401 1412 1438 1448 in
1464 1412 1580 1449 multo

123 1475 366 1524 posteriorum
393 1475 598 1511 tabularum
625 1476 835 1526 fragmentis
857 1487 952 1525 quae
971 1482 1131 1512 restant:
1161 1474 1306 1511 uidetur
1332 1473 1367 1509 id
1394 1474 1493 1510 iocus
1521 1474 1582 1512 ille

124 1536 327 1584 Ciceronis,
354 1535 451 1573 Plut.
471 1537 577 1574 Caes.
596 1538 667 1574 59:
695 1535 736 1574 ἐκ
764 1531 1040 1586 διατάγματος
1068 1538 1238 1587 probare.
1284 1535 1370 1573 Non
1399 1543 1507 1572 uacat
1533 1536 1580 1573 de

123 1610 170 1635 ea
195 1611 235 1635 re
259 1611 355 1635 nunc
381 1610 580 1648 quaerere3
618 1598 706 1635 illud
733 1600 827 1636 enim
856 1608 993 1636 certum
1029 1607 1104 1645 est,
1143 1599 1316 1637 Ouidium
1344 1602 1377 1643 l,
1405 1600 1480 1634 310
1504 1611 1579 1634 non

124 1671 203 1696 esse
229 1660 501 1709 intelligendum
528 1660 574 1698 de
601 1661 759 1697 Caesare
786 1660 988 1709 dictatore,
1017 1663 1118 1698 cuius
1145 1661 1442 1698 obseruationem
1470 1660 1579 1696 raris-

123 1721 213 1758 sime
238 1728 349 1771 poeta
373 1723 546 1771 sequitur.
591 1722 648 1759 De
672 1721 805 1759 Ouidio
832 1730 1041 1760 astronomo
1069 1724 1228 1760 libellum
1257 1722 1399 1773 scripsit
1417 1721 1579 1758 Idelerus

123 1783 180 1819 uir
205 1782 367 1830 doctiss.,
394 1783 528 1819 editum
555 1784 591 1819 in
611 1784 732 1820 annal.
752 1784 855 1821 acad.
877 1785 1002 1821 Berol.
1027 1787 1124 1821 1823
1145 1798 1182 1834 p.
1203 1787 1275 1821 137
1294 1797 1364 1832 sq.,
1394 1796 1467 1832 quo
1488 1795 1580 1832 poe-

124 1850 199 1881 tam
225 1857 297 1880 non
324 1856 407 1880 raro
433 1844 694 1893 ignarissimum
720 1857 866 1892 rerum,
901 1858 990 1894 quas
1024 1847 1216 1893 tractauit,
1257 1845 1367 1881 fuisse
1393 1857 1580 1882 common-

123 1912 275 1943 stratum
301 1906 378 1942 init,
430 1905 567 1955 Negari
603 1919 676 1943 non
709 1912 830 1956 potest
864 1908 974 1944 semel
1008 1908 1172 1957 grauiter
1198 1918 1280 1942 eum
1307 1918 1502 1955 peccasse:
1537 1907 1576 1944 in

123 1966 270 2016 reliquis
304 1972 426 2004 tamen
462 1980 484 2004 a
510 1968 612 2004 nobis
649 1980 745 2004 nunc
779 1967 1022 2016 defendetur,
1061 1975 1099 2005 et
1124 1970 1173 2004 ita
1200 1966 1439 2015 defendetur,
1479 1968 1530 2004 uti
1556 1980 1579 2005 a

122 2027 307 2078 philologo
342 2035 553 2079 exspectare
587 2029 704 2066 decet.
755 2029 852 2065 Nam
877 2028 975 2079 quod
1010 2030 1071 2066 ille
1096 2029 1208 2077 dixit,
1248 2030 1503 2078 grammaticus
1530 2029 1578 2067 de

121 2089 248 2126 litteris
275 2094 330 2126 est
354 2090 652 2140 interrogandus:
677 2091 873 2128 de‘ouium
900 2090 1068 2127 dentibus
1094 2091 1284 2140 opiliones.
1337 2090 1576 2128 Demonstra-

121 2150 237 2187 bimus
263 2157 381 2188 certos
407 2160 573 2189 auctores
598 2152 753 2189 fideliter
781 2151 953 2189 Ouidium
981 2158 1196 2188 tantumnon
1235 2152 1369 2201 ubique
1394 2158 1575 2200 secutum,

121 2212 184 2261 qui
208 2212 238 2248 si
263 2220 522 2262 peccauerunt,
550 2227 668 2264 neque
694 2214 731 2250 id
759 2213 805 2250 ad
831 2213 1017 2250 Nasonem
1045 2214 1273 2263 pertinebat,
1302 2224 1421 2263 neque
1447 2219 1574 2251 nostra

122 2273 230 2311 ualde
254 2274 466 2324 interforet,
502 2277 568 2313 nisi
594 2288 744 2327 operam
771 2276 816 2312 ab
843 2274 984 2311 Idelero
1011 2274 1123 2311 semel
1151 2275 1389 2322 collocatam,
1415 2275 1574 2311 ubicun-

120 2346 194 2384 qne
220 2334 255 2371 id
280 2335 358 2373 fieri
383 2342 516 2386 potest,
544 2337 589 2374 ad
616 2344 740 2388 partes
767 2349 899 2374 uocare
927 2348 1149 2385 cogeremur.
1198 2336 1457 2373 Difficillimum
1483 2336 1572 2374 fuis-

121 2403 190 2445 set,
215 2398 324 2434 immo
351 2410 535 2448 nunquam
550 2399 638 2435 fieri
664 2400 855 2449 potuisset,
882 2404 923 2435 ut
944 2398 1096 2435 Ouidius
1123 2398 1169 2434 ad
1197 2411 1252 2443 ea,
1279 2410 1374 2448 quae
1396 2399 1572 2448 sequitur,

123 2458 332 2507 referretur,
357 2461 425 2497 nisi
451 2472 547 2497 anno
568 2474 640 2498 uno
659 2467 742 2512 post
763 2461 935 2511 scriptum
958 2459 1088 2496 Ideleri
1114 2461 1271 2497 libellum
1293 2467 1396 2497 uetus
1417 2460 1572 2509 scriptor

124 2519 254 2568 publici
289 2522 374 2559 iuris
407 2524 524 2559 iactus
548 2529 666 2570 esset,
707 2523 767 2572 qui
801 2523 837 2558 in
866 2521 935 2558 hac
970 2528 1073 2571 parte
1107 2521 1228 2571 idem,
1263 2528 1327 2559 aut
1358 2522 1444 2572 plus
1468 2522 1573 2558 nobis

124 2582 311 2630 praestitit,
341 2595 451 2633 quam
476 2585 521 2630 in,
539 2585 728 2634 superiore
755 2585 777 2630 §
805 2583 890 2620 fasti
915 2582 1089 2631 Pighiani.
1143 2584 1395 2634 Quaecunque
1421 2590 1570 2633 praeter

124 2638 224 2676 illum
255 2650 540 2682 astronomorum
575 2646 749 2696 reliquiae
783 2651 931 2692 extant,
958 2645 1212 2695 Graecorum,
1237 2645 1458 2694 Democriti,
1483 2643 1568 2682 Phi-

173 2712 232 2746 011·
250 2714 340 2748 Fasti.
359 2718 479 2758 Proleg.
1221 2707 1252 2744 E
1481 2722 1485 2724 ’
