1685 2954
121 60 151 106 6
659 75 990 108 φΑετοκνΜ

175 174 294 218 Colla
321 174 444 217 rudes
469 184 637 228 operum
663 177 864 230 praebent
892 176 1073 220 ferienda
1098 177 1273 233 iuuenci,

230 242 346 295 Quos
373 242 474 284 aluit
502 242 659 296 campis
686 244 812 287 herba
838 246 1005 288 Falisca
1030 247 1130 288 suis.

174 311 355 364 Iuppiter
382 322 478 350 arce
503 322 580 350 sua
608 321 701 351 cum
726 318 854 354 totum
885 319 1052 367 spectat
1075 314 1115 353 in
1141 314 1292 367 orbem,
1504 318 1557 356 85

229 376 300 419 Nil
324 377 403 418 nisi
432 389 650 430 romanum,
680 380 788 433 quod
818 387 993 435 tueatur,
1018 380 1156 426 habet.

172 445 300 488 Salue
326 445 436 486 festa
460 444 564 499 dies,
591 447 810 502 meliorque
838 455 1045 490 reuertere
1076 461 1250 502 semper,

226 514 267 554 A
291 513 440 567 populo
466 527 595 554 rerum
621 512 747 567 digna
776 521 949 568 potente
980 517 1073 558 coli.

173 579 307 634 Quem
337 585 475 622 tamen
504 594 603 622 esse
634 580 754 621 deum
784 588 828 622 te
857 582 1003 635 dicam,
1031 585 1130 624 lane
1160 580 1370 624 biformis?

227 649 338 690 Nam
368 647 439 689 tibi
467 660 540 701 par
567 649 717 689 nullum
748 647 926 689 Graecia
956 661 1107 692 numen
1135 650 1271 690 habet.
1506 655 1560 690 90

171 715 264 758 Ede
294 716 413 757 simul
442 727 623 767 causam,
650 728 723 756 cur
751 715 804 755 de
833 715 1088 756 caelestibus
1116 728 1223 756 unus

225 783 373 837 Sitque
403 782 511 836 quod
539 794 565 823 a
592 786 727 836 tergo,
755 781 893 836 sitque
922 781 1031 836 quod
1060 788 1169 835 unte,
1197 781 1329 824 uides.

169 851 290 893 Haec
315 862 397 905 ego
422 862 516 891 cum
542 849 720 903 sumptis
742 850 942 903 agitarem
968 854 1107 890 mente
1131 850 1309 903 tabellis,

223 917 414 960 Lucidior
440 917 532 959 uisa
562 922 641 970 est,
672 910 792 970 quem
819 917 896 958 fuit
921 923 1030 969 ante,
1061 916 1219 959 domus.

171 985 277 1026 Tum
304 995 426 1026 sacer
454 983 621 1036 ancipiti
647 981 852 1026 mirandus
880 985 1060 1039 imagine
1086 985 1211 1026 Ianus
1505 989 1559 1026 95

222 1051 327 1092 Bina
351 1062 502 1104 repens
530 1050 661 1091 oculis
687 1051 832 1092 obtulit
862 1063 934 1092 ora
961 1053 1079 1093 meis.

169 1118 351 1161 Extimui
380 1115 578 1172 sensique
605 1122 719 1158 metu
742 1117 921 1173 riguisse
947 1119 1119 1173 capillos

226 1188 282 1228 Et
311 1184 492 1241 gelidum
521 1184 657 1226 subito
688 1185 838 1239 frigore
867 1193 1017 1240 pectus
1048 1191 1147 1227 erat.

169 1253 242 1294 Ille
266 1258 418 1294 tenens
445 1254 633 1293 baculum
662 1252 808 1294 dextra
837 1255 1080 1308 clauemque
1110 1254 1276 1296 sinistra

225 1320 367 1362 Edidit
393 1320 471 1362 hos
500 1320 618 1361 nobis
647 1332 717 1361 ore
746 1321 878 1374 priore
905 1335 1050 1364 sonos:
1483 1328 1563 1362 100

171 1386 299 1430 Disce
326 1393 440 1430 metu
464 1386 612 1441 posito,
642 1394 763 1429 uates
791 1402 965 1442 operose
995 1390 1162 1443 dierum,

227 1454 350 1508 Quod
377 1455 501 1511 petis,
530 1461 576 1497 et
604 1467 734 1497 uoces
764 1456 930 1512 percipe
959 1464 1098 1500 mente
1125 1469 1255 1499 meas.

168 1580 231 1616 83.
259 1578 368 1616 rudes
395 1579 488 1617 tauri
543 1578 691 1616 raebent
723 1576 774 1616 Ψ.
826 1580 948 1617 Gloss.
974 1579 1096 1629 rudes]
1133 1579 1229 1617 tauri
1257 1581 1349 1616 DE.
1399 1577 1566 1616 ferienda

117 1629 234 1666 securi
258 1629 471 1668 ADEFA
539 1625 858 1678 NOPH³1¹A9
884 1632 972 1667 340
997 1632 1145 1679 uiyinti;
1177 1628 1277 1667 ΟΤΙ)
1303 1640 1390 1666 narr.
1415 1641 1487 1666 scr.

168 1681 231 1716 84.
258 1680 323 1716 alit
348 1692 466 1729 camp.
493 1680 524 1727 f.
562 1680 698 1729 campis
723 1679 851 1716 therba
876 1681 939 1718 sal.
967 1681 1001 1720 b.
1035 1690 1133 1718 terra
1159 1680 1222 1715 sal.
1247 1676 1328 1716 02.
1364 1678 1486 1716 salissa
1504 1682 1563 1717 M.

118 1728 280 1779 phalisca
309 1731 355 1767 G.
399 1732 510 1768 silissa
537 1728 573 1767 P
589 1733 625 1769 3.
742 1731 805 1767 85.
843 1731 978 1779 lopiter
1004 1729 1049 1770 P.
1100 1731 1234 1779 iupiter
1260 1727 1388 1766 EGT
1394 1729 1414 1765 b
1425 1728 1456 1775 f.
1499 1742 1566 1766 sua

119 1791 187 1816 con
214 1785 329 1816 totum
360 1778 413 1817 Φ.
463 1793 528 1817 sua
553 1785 668 1816 totum
696 1792 776 1816 cum
803 1789 916 1829 spect.
944 1777 1566 1828 ABGEFGFAHAEbfyh

119 1842 219 1879 mpr
239 1833 262 1868 8
282 1832 412 1878 uiyinti
437 1830 520 1867 (luo.
565 1837 679 1866 totum
707 1837 888 1879 respectat
912 1831 946 1867 in
967 1833 1029 1868 41.
1065 1838 1133 1868 tot.
1161 1837 1371 1880 conspectat
1390 1832 1452 1868 43.
1486 1833 1564 1875 Ita,

118 1886 283 1930 spectat,
313 1878 656 1928 DGKMPHt'9
674 1883 696 1915 3
723 1885 813 1926 tres3
852 1882 923 1918 GE
947 1894 1031 1918 nar.
1058 1893 1129 1920 scr.
1170 1888 1311 1931 spectet
1337 1882 1480 1918 caeteri.

169 1932 233 1966 87.
267 1931 380 1969 Salue
405 1932 500 1969 laeta
526 1930 601 1967 dies
626 1931 662 1966 A
682 1933 714 1967 B
731 1943 807 1968 ma.
824 1943 881 1980 pr.
902 1934 1028 1969 ΒΚΤ
1042 1945 1117 1970 ma.
1139 1943 1195 1982 pr.
1217 1934 1241 1968 8
1267 1931 1381 1968 decem
1390 1944 1400 1976 ;
1439 1928 1566 1968 cmm

118 1992 143 2030 p
168 1992 253 2018 aar.
279 1993 353 2019 scr.
478 1984 540 2018 88.
569 1982 707 2031 populo
731 1993 855 2030 regum
886 1984 931 2026 G,
957 1982 1020 2019 sed
1043 1995 1121 2019 ma.
1145 1994 1203 2030 pr.
1230 1994 1322 2018 corr.
1338 1993 1487 2031 snmrom.

170 2033 231 2067 89.
268 2043 346 2068 esse
377 2031 470 2069 diem
496 2032 533 2068 A
549 2044 624 2069 ma.
644 2040 700 2080 pr.
741 2031 848 2068 deum
876 2032 992 2069 dicam
1019 2040 1056 2070 te
1083 2030 1390 2082 GWTbffltmp
1414 2037 1565 2082 septem-

123 2079 236 2117 decim
263 2086 297 2118 ct
320 2087 407 2120 ueta.
433 2082 531 2119 editi.
643 2084 706 2118 90.
741 2083 854 2131 gretia
881 2086 931 2120 D.
1039 2086 1101 2123 91.
1127 2082 1209 2121 Ede
1234 2082 1319 2119 mihi
1344 2094 1443 2119 caus.
1471 2079 1508 2118 P
1525 2085 1561 2117 3.

123 2142 287 2168 caussam
318 2130 460 2179 fflEf?
567 2133 630 2169 92.
665 2131 779 2182 quue
802 2133 901 2183 quod
928 2146 950 2171 a
976 2140 1078 2183 tergo
1103 2139 1159 2170 est
1183 2132 1293 2183 idque
1317 2132 1415 2182 quod
1445 2128 1567 2169 062*

121 2184 146 2216 2
172 2187 263 2219 octo.
316 2182 430 2233 quue
455 2182 486 2229 f.
531 2183 663 2232 Fitque
691 2185 725 2219 D
751 2195 834 2221 uar-
860 2196 931 2221 εον.
1032 2187 1095 2220 93.
1121 2184 1200 2220 Hoc
1225 2187 1392 2232 quatuor.
1440 2181 1563 2218 sumtis

126 2229 197 2268 O?
240 2232 413 2281 agitarem
441 2234 475 2269 in
503 2240 624 2269 mente
653 2232 701 2270 T.
803 2235 865 2271 94.
892 2247 1000 2285 quam
1027 2235 1155 2270 domus
1180 2241 1265 2271 ante
1289 2233 1358 2269 suit
1383 2229 1427 2268 P.
1478 2238 1564 2268 ante

121 2280 198 2317 dies
230 2284 275 2327 G,
302 2282 365 2320 sed
390 2296 464 2321 ma.
490 2295 546 2333 pr.
574 2295 667 2321 corr.
695 2283 718 2330 f
739 2283 835 2321 540.
939 2287 1001 2323 95.
1039 2286 1148 2321 Tunc
1173 2279 1568 2328 ABEFFMPAf

122 2335 213 2367 octo.
263 2333 324 2369 Me
348 2345 451 2371 sacer
476 2337 538 2371 43.
667 2336 728 2372 96.
762 2335 854 2371 Bina
879 2335 1003 2372 serens
1029 2336 1139 2372 oculis
1166 2338 1210 2372 E.
1259 2334 1350 2370 Bina
1379 2344 1506 2382 gerens
1529 2345 1563 2369 ‘r-

121 2380 215 2417 Bina
241 2391 407 2433 repetens
433 2396 488 2421 oc.
512 2387 556 2421 B.
593 2384 688 2421 Bina
709 2392 861 2436 repente
879 2399 935 2422 oc.
960 2381 1433 2430 GwAHAETfflhm
1457 2384 1561 2418 4041

122 2431 260 2475 „multi
289 2433 406 2470 altzss’·
434 2435 566 2483 optulit
593 2432 632 2471 Γ
641 2447 673 2472 r.
777 2437 840 2472 97.
868 2436 1066 2474 Excrucior
1090 2436 1256 2484 sensique
1280 2435 1341 2470 43.
1381 2432 1564 2483 Obstupui

122 2482 291 2531 sensique
320 2481 440 2521 1362*
451 2485 533 2523 Tm
557 2498 630 2524 ma.
646 2498 702 2535 pr.
724 2490 748 2525 8
772 2498 911 2524 nouem.
962 2488 1128 2535 sensique
1153 2497 1250 2521 meos
1277 2484 1344 2532 rig.
1373 2480 1411 2519 Σ
1428 2483 1511 2520 duo.

172 2533 234 2568 98.
263 2533 419 2582 gelidum
456 2535 585 2584 frigido
620 2537 702 2586 frig.
728 2550 765 2574 m
790 2550 867 2574 ma.
894 2550 950 2587 pr.
1060 2537 1122 2572 99.
1150 2543 1275 2571 tenens
1301 2534 1427 2570 dextra
1454 2535 1564 2570 bacu-

123 2580 196 2620 lum
222 2583 315 2619 clau.
345 2586 377 2619 B
391 2582 504 2622 &Em
519 2589 542 2622 8
564 2592 708 2637 septem.
749 2588 966 2637 clauumque
985 2585 1038 2625 K.
1145 2588 1232 2622 100.
1257 2584 1420 2620 Prodidit
1444 2584 1509 2622 lios
1529 2583 1562 2622 b.

174 2634 262 2670 102·
289 2633 393 2678 Quos
419 2642 494 2685 pet.
521 2636 583 2674 A.
626 2644 664 2675 et
691 2638 784 2674 uires
808 2649 907 2688 perc.
933 2641 969 2676 7.
1013 2647 1121 2674 uoces
1147 2636 1272 2685 excipe
1298 2638 1332 2673 E
1358 2647 1428 2674 ma.
1455 2647 1513 2685 pr.
