1685 2954
613 118 638 145 E
667 118 909 147 MEMBRANIS
1400 121 1489 150 LVII

50 222 200 252 oriuntur
224 221 351 251 cronice
380 227 410 250 r.
457 220 607 249 oriuntur
629 222 749 258 hyades
772 223 883 258 festiae·
906 226 937 253 o.
1031 218 1122 253 1111
1143 225 1224 253 Non.
1317 218 1385 251 III
1408 224 1490 254 Non.

52 280 252 316 Sayittarius
282 280 386 308 oritur
412 275 446 306 C'.
496 278 607 307 Oritur
638 279 701 307 lira
724 280 763 307 E.
810 282 1005 318 stellificatio
1029 283 1090 311 lire
1112 290 1142 311 r.
1189 280 1294 310 oritur
1325 281 1436 309 chiron
1460 283 1490 310 b.

49 331 95 364 ΙΙ
115 339 197 367 Non.
243 338 326 365 Pars
348 337 531 371 scorpionis
562 338 696 371 apparet
719 336 757 365 Ε.
807 338 962 373 Scorpius
993 341 1110 368 occidit
1134 341 1270 368 cosmice
1293 345 1323 367 r.
1370 338 1490 374 festum

47 397 162 423 martis
184 395 298 424 ultoris
320 401 338 422 r
361 400 450 422 man.
468 399 536 423 rec.
572 395 728 429 Scorpius
751 396 885 429 apparel
909 396 940 423 et
964 398 1079 425 occidit
1103 399 1132 426 b.
1200 398 1321 426 Νοηαε.
1386 389 1491 426 VIII

47 450 128 480 Idus
149 451 298 479 Lemuria
325 450 393 479 Cr.
419 458 500 486 quae
523 459 582 487 per
607 454 674 480 tres
699 452 770 479 dies
795 453 914 480 durant
936 459 966 480 r.
1049 447 1128 481 VII
1142 454 1192 483 Μ.
1222 455 1385 484 Lemuria.
1416 454 1489 481 Non

46 510 180 544 apparet
203 509 294 537 orion
318 509 355 537 Ε.
398 511 490 538 orion
514 510 632 537 occidit
655 509 756 536 eliace
779 516 808 537 r.
857 509 1064 538 celebrantur
1086 511 1259 540 luminaria
1283 514 1312 541 b.
1351 518 1416 540 non
1440 511 1490 539 est

46 568 159 595 bonum
181 567 301 594 nubere
323 566 352 593 E
374 573 462 595 man.
487 573 556 596 rec.
582 567 612 598 b.
685 560 743 593 VI
765 566 816 594 111.
841 569 990 595 cronicas
1013 574 1147 597 occasus
1170 570 1294 597 orionis
1316 577 1345 597 r.
1395 569 1489 597 occi-

46 623 94 651 dit
117 623 238 652 chiron.
262 623 287 659 f.
311 626 424 653 martis
448 626 477 654 b.
551 618 584 653 V
600 624 650 652 Id.
676 623 793 659 festum
816 625 931 652 martis
953 624 1069 654 ultoris
1092 634 1120 655 r.
1191 621 1281 654 IIII
1297 626 1346 654 Id.
1372 625 1488 660 festum

50 680 171 709 Vltoris
194 683 225 710 et
249 681 368 711 Martis
390 682 429 711 E.
499 676 566 710 III
579 682 628 710 Id.
654 682 766 710 Eliace
790 684 819 710 b.
889 676 934 709 II
947 682 997 710 Id.
1026 684 1153 712 Taurus
1177 684 1281 712 oritur
1302 682 1336 710 Ο.
1373 684 1486 710 oriun-

45 740 100 767 tur
117 739 259 775 plyades.
293 740 391 768 Eslas
413 741 534 775 incipit.
559 740 597 769 E.
621 740 754 775 pleades
779 741 927 768 oriantur
951 743 1097 770 cosmice.
1123 743 1211 770 esta-s·
1233 742 1345 775 incipit
1368 747 1486 768 secun-

43 798 119 825 dum
141 798 303 832 quosdam.
328 805 356 826 r.
379 797 524 832 pleiades
547 799 713 833 apparent.
737 798 835 827 Estas
859 799 1039 834 ingreditur
1061 800 1237 827 secundum
1261 799 1440 833 computum
1457 799 1487 826 b.

42 855 122 884 Idus
153 855 242 884 Iouis
269 855 302 884 C.
350 856 461 883 Oritur
484 856 610 884 taurus.
651 855 768 891 festum
791 857 944 884 mercurii
967 856 1006 887 Ε.
1054 858 1191 892 Scirpea
1214 855 1389 884 Sintulacra
1410 855 1486 883 mit-

43 914 157 943 tuntur
178 915 213 943 z‘n
238 914 362 942 tiberim
386 913 413 941 Ε
444 919 532 942 man.
558 920 627 942 sec.
676 915 805 942 Taurus
828 914 933 941 oritur
957 914 996 941 ab
1021 920 1078 941 ore
1101 920 1271 949 apparens.
1305 913 1367 949 fer.
1391 913 1488 941 iouis·

45 971 182 1007 scirpea
205 972 378 1001 simulacra
410 972 522 1001 tiberis
542 972 667 1006 recipit.
709 970 827 1006 festum
850 971 1004 1000 mercurii
1025 978 1055 999 r.
1147 965 1190 999 X
1192 965 1224 999 V
1227 965 1270 999 ΙΙ
1290 972 1357 1000 ΚΡ.
1390 971 1487 999 Iunii.

41 1028 160 1064 festum
182 1030 336 1057 mercurii
359 1030 387 1057 b.
457 1022 561 1057 XVI
581 1028 644 1057 ΚΡ.
675 1030 801 1066 Ayonia
823 1030 900 1057 iani.
934 1029 983 1057 sol
1007 1030 1041 1057 in
1063 1029 1197 1065 geminis
1221 1030 1249 1057 o.
1317 1021 1402 1056 XV
1421 1028 1486 1057 ΚΡ.

44 1087 102 1115 Sol
123 1088 158 1114 in
179 1087 311 1122 yeminis
339 1085 372 1113 C'.
413 1087 528 1122 ayonia
549 1086 700 1121 repetita.
736 1086 785 1114 sol
808 1087 841 1114 in
864 1088 1004 1123 geminos
1026 1094 1055 1115 r.
1096 1087 1213 1114 occidit
1236 1087 1336 1115 canis.
1366 1086 1486 1122 festum

39 1144 172 1172 vulcam·
196 1144 224 1171 b.
294 1136 427 1171 XIIII
439 1144 503 1172 ΚΡ.
541 1143 674 1172 Vulcani
701 1141 734 1172 C.
770 1145 862 1171 canis
885 1145 1008 1172 orionis
1031 1145 1137 1172 oritur
1159 1145 1261 1172 eliace
1283 1151 1312 1172 r.
1381 1137 1488 1172 XIII

39 1201 103 1230 ΚΡ.
138 1201 195 1229 Sol
216 1202 251 1229 in
274 1201 416 1237 geminis.
449 1203 481 1230 et
503 1202 579 1230 sunt
600 1202 718 1230 iterum
742 1202 891 1237 ayonalia
915 1201 951 1230 E.
998 1201 1114 1230 lustria
1136 1202 1269 1230 unicam·
1291 1209 1320 1229 r.
1397 1193 1487 1227 XII

38 1259 102 1287 ΚΡ.
133 1259 269 1294 apparet
293 1259 383 1286 canis
406 1259 443 1288 Ε.
529 1253 594 1286 ΧΙ
615 1259 678 1287 ΚΡ.
711 1258 830 1294 festum
853 1259 985 1288 vulcani
1007 1259 1046 1288 E.
1129 1253 1173 1288 X
1194 1259 1257 1288 ΚΡ.
1288 1258 1486 1295 sacrificium

37 1323 97 1352 pro
121 1316 200 1353 fuya,
222 1317 377 1350 tarquinii
398 1323 428 1344 r.
523 1310 654 1354 VIIII,
679 1309 737 1345 IX
761 1317 824 1346 ΚΡ.
855 1317 1010 1346 Publicae
1032 1318 1206 1346 Fortunae.
1237 1318 1269 1345 et
1292 1316 1399 1351 aquila
1422 1323 1483 1351 ap-

37 1375 131 1409 paret
158 1373 191 1403 0.
238 1373 356 1402 Datum
380 1374 430 1402 est
453 1374 602 1409 templum
625 1375 750 1410 publice
773 1374 904 1410 fortune
926 1382 956 1402 r.
1031 1368 1134 1402 VIII
1153 1375 1217 1403 ΚΡ.
1250 1375 1372 1404 Bootes
1395 1375 1483 1403 occi-

37 1432 86 1460 dit
113 1430 147 1460 0.
188 1432 257 1460 aies
281 1427 340 1468 effi,
369 1431 407 1461 Ε.
448 1432 558 1466 aquila
581 1433 687 1460 oritur
710 1440 730 1460 α
753 1434 861 1460 rostro
886 1432 1023 1460 cronice.
1055 1439 1084 1460 r.
1122 1440 1192 1461 mos
1213 1440 1382 1461 sacrorum
1405 1432 1483 1468 fuya

35 1491 124 1526 reyis
147 1491 176 1519 b.
254 1483 334 1517 VII
355 1491 420 1518 ΚΡ.
454 1491 543 1526 Hyas
567 1491 673 1518 oritur
700 1489 734 1518 Ο.
768 1490 841 1518 Mos
863 1496 1032 1518 sacrorum
1054 1489 1133 1526 faya
1156 1491 1311 1525 tarquinii
1333 1491 1371 1518 Ε.
1404 1491 1482 1518 boo-

36 1549 87 1576 tes
111 1547 228 1576 occidit
250 1547 350 1576 eliace
373 1555 402 1576 r.
434 1548 552 1576 Datum
577 1549 627 1577 est
651 1548 799 1583 templum
821 1548 947 1583 publice
971 1547 1102 1584 fortune
1126 1549 1156 1576 b.
1242 1542 1299 1576 VI
1320 1549 1384 1577 ΚΡ.
1417 1548 1481 1584 fer.

35 1605 162 1640 publice
186 1605 316 1641 fortune
339 1605 377 1633 Ε,
409 1605 489 1640 hyac
513 1606 629 1635 occidit
653 1606 754 1635 eliace
778 1606 810 1634 et
833 1606 939 1634 oritur
963 1607 1099 1633 cosnzice
1121 1613 1149 1634 r.
1190 1607 1296 1634 oritur
1319 1607 1427 1641 aquila
1451 1608 1480 1635 b.

37 1664 142 1692 oritur
164 1664 270 1698 aquile
292 1664 435 1691 rostrum
458 1663 486 1691 Ε
508 1669 595 1692 man.
613 1669 682 1692 sec.
755 1656 789 1691 V
805 1662 867 1691 ΚΡ.
903 1663 1026 1691 Occidit
1049 1664 1158 1691 boetes
1179 1663 1243 1691 Eo.
1314 1657 1404 1692 IIII
1416 1664 1482 1693 ΚΡ.

37 1721 143 1748 oritur
165 1721 242 1756 hyas
265 1721 359 1749 steua
382 1721 420 1748 E.
468 1722 572 1749 orum·
596 1721 674 1757 hyas
698 1721 727 1748 b.
798 1714 863 1747 ΙΙΙ
888 1720 951 1748 Kc.
1020 1716 1064 1749 ΙΙ
1085 1721 1148 1750 ια’.

124 1777 189 1805 ΚΡ.
213 1777 310 1806 Iunii.
359 1776 493 1805 Garnae.
518 1778 676 1805 Monetae.
702 1777 832 1806 Martis.
860 1778 1072 1813 Tempestatis
1098 1777 1158 1806 GE.
1193 1779 1298 1806 oritur
1320 1779 1428 1813 aquila
1450 1779 1479 1807 Ε

36 1835 103 1864 tota
127 1830 204 1864 add.
230 1841 274 1863 m.
299 1840 366 1862 sec.
410 1833 515 1862 Carne
538 1833 670 1862 Iunonis
695 1834 823 1862 Monete
847 1835 966 1862 Martis
993 1835 1210 1869 Tempestatis.
1244 1836 1352 1869 aquila
1375 1838 1480 1865 oritur

36 1894 165 1922 cronice
180 1900 209 1921 r.
240 1892 359 1928 festum
383 1892 478 1920 diane
501 1893 533 1920 et
555 1892 684 1919 iunonis
701 1893 729 1920 b.
801 1886 890 1919 IIII
903 1893 984 1920 Non.
1011 1892 1166 1919 oriuntur
1188 1892 1308 1927 hyades
1329 1894 1367 1922 E.
1398 1895 1477 1930 hya-

36 1952 95 1979 des
112 1952 261 1979 oriuntur
285 1951 394 1977 eliace.
428 1951 550 1984 tempus
573 1950 623 1977 est
646 1949 824 1984 pluuiosum
839 1957 869 1978 «r.
901 1950 1057 1984 apparent
1080 1950 1198 1985 hyades
1215 1951 1243 1978 b.
1314 1945 1383 1979 III
1394 1953 1477 1981 Non.

34 2010 165 2046 Hyades
187 2009 342 2037 uidentur
368 2007 402 2036 Ο.
444 2007 561 2042 festum
586 2007 708 2035 bellone
732 2014 760 2034 r.
839 2000 882 2034 II
904 2008 987 2034 Non.
1021 2006 1174 2034 Bellonae
1201 2006 1234 2036 0.
1267 2007 1384 2043 festum
1409 2011 1477 2038 bel-

35 2067 107 2095 lone
123 2067 154 2095 et
169 2066 310 2094 herculis
326 2065 364 2093 E.
389 2066 548 2094 dedicatio
567 2065 673 2099 templi
689 2063 830 2092 herculis
846 2071 874 2092 r.
898 2064 1017 2100 festum
1033 2064 1164 2091 bellone.
1191 2066 1338 2100 templum
1354 2066 1476 2102 factum

32 2124 175 2152 herculis
198 2125 226 2152 b.
320 2124 440 2151 Nonas.
489 2123 641 2158 Sequitur
673 2122 727 2156 qui
757 2121 876 2149 dicitur
905 2121 1003 2158 fidius
1026 2122 1057 2149 et
1079 2123 1257 2156 semicaper
1278 2123 1316 2150 E.
1365 2124 1478 2153 Sancti

32 2181 105 2219 filiii
135 2182 189 2215 qui
220 2181 341 2210 dicitur
369 2180 469 2217 fidius
500 2182 533 2208 et
562 2180 741 2213 semicaper
771 2186 800 2207 r.
839 2185 903 2207 non
927 2180 976 2207 est
1001 2180 1115 2206 bonum
1136 2181 1259 2207 nubere
1281 2186 1383 2214 usque
1404 2181 1478 2216 post

31 2241 108 2268 idue
130 2239 158 2267 E
180 2245 269 2267 man.
293 2244 361 2267 sec.
443 2231 547 2264 VIII
569 2237 619 2265 Iri.
659 2237 806 2271 templum
830 2236 949 2271 factum
973 2238 1064 2265 ueste
1088 2237 1118 2264 b.
1199 2230 1280 2264 VII
1301 2238 1349 2266 Id.
1395 2238 1478 2267 Vrsa

32 2303 98 2325 non
120 2297 261 2325 uidetur.
293 2296 377 2324 Ludi
395 2295 519 2323 Tiberis
546 2293 579 2324 0.
616 2295 738 2323 Occidit
760 2302 840 2323 ursa
864 2290 984 2333 [minor
1007 2290 1082 2322 add.
1102 2300 1146 2322 m.
1172 2289 1255 2331 sec.]
1280 2293 1342 2329 fer.
1365 2296 1475 2330 pisca-

32 2355 138 2383 torum
170 2349 225 2393 [et
247 2353 315 2382 ludi
336 2354 371 2381 in
393 2353 543 2381 honorem
567 2353 696 2381 tibridis
719 2358 807 2381 man.
832 2347 924 2390 sea]
951 2352 1081 2380 Mentis.
1118 2351 1221 2380 Veste.
1254 2351 1343 2379 Iouis
1371 2353 1475 2387 pisto-

31 2417 104 2440 rum
126 2411 165 2439 Ε.
206 2411 326 2440 Boetes
349 2411 468 2439 occidit
491 2411 513 2437 ἱ.
539 2402 717 2438 e.‘recedit
740 2417 761 2437 a
783 2410 852 2438 sole
875 2411 897 2438 i.
922 2418 951 2438 e.
978 2410 1083 2437 oritur
1107 2409 1219 2437 eliace.
1259 2409 1327 2437 ludi
1350 2411 1475 2440 tiberis.

31 2468 150 2504 festum
171 2470 367 2504 piscatorum
390 2475 419 2496 r.
454 2468 579 2495 Occidit
602 2468 720 2496 boetes.
752 2467 871 2503 festum
893 2468 1089 2502 piscatorum
1114 2467 1142 2494 b.
1217 2460 1276 2494 VI
1297 2466 1346 2495 Id.
1379 2468 1474 2497 Men-

31 2526 76 2554 tis
91 2527 124 2554 et
144 2526 259 2555 Vestae
280 2524 315 2553 Ο.
350 2525 464 2554 Oritur
486 2526 614 2561 delphin
636 2526 701 2554 Eo.
735 2526 867 2554 Mentis.
891 2527 1012 2554 uestae.
1036 2525 1169 2560 pistoris
1190 2525 1285 2552 iouis.
1309 2526 1474 2559 processio

33 2582 69 2610 in
89 2583 236 2612 nuditate
257 2583 383 2618 pedum.
414 2584 554 2612 uictoria
578 2583 675 2611 bruti.
698 2590 726 2611 r.
824 2577 861 2611 V
881 2583 930 2612 Ιιί.
963 2582 1099 2618 Delphin
1122 2583 1256 2617 apparet
1283 2581 1316 2610 C.
1356 2582 1472 2618 festum

32 2638 87 2668 ino
117 2646 156 2668 ..s-
186 2635 346 2669 matralia.
379 2640 507 2676 fortune
539 2642 571 2669 et
595 2641 764 2669 concordie
788 2641 824 2669 E.
865 2641 1002 2676 Delphin
1024 2641 1137 2675 incipit
1168 2641 1250 2667 oriri
1281 2641 1409 2667 cronice
1439 2646 1471 2668 r.
1506 2675 1511 2678 .

0 2715 1 2745 ἶ
34 2694 150 2732 festum
171 2697 255 2728 iouis
278 2699 309 2728 et
332 2698 462 2734 fortune
480 2700 510 2729 et
526 2698 696 2728 concordie
720 2699 750 2726 b.
821 2692 909 2726 IIII
923 2697 974 2727 Id.
1007 2697 1204 2727 Matronalia
1219 2698 1250 2726 et
1265 2695 1415 2732 fortunae
1433 2694 1470 2726 (7.
