1685 2954
588 117 741 147 GRAECI
770 114 991 146 Avcronsss
1337 107 1509 140 Lxxxxx

69 220 171 260 illius
200 218 394 259 iurandum
420 216 459 266 [Ι.
486 214 589 254 aluid
612 215 687 253 mas
710 216 770 253 ius
793 213 1002 264 iurandum]
1037 215 1076 252 in
1105 212 1211 263 ponis
1242 207 1282 260 [Ι.
1308 207 1510 259 imponunt]

70 284 198 321 statim
225 282 263 331 [Ι.
282 278 433 328 stautm]
458 290 523 328 per
546 282 683 315 terram
709 288 913 324 aquamque
938 274 1206 327 custodiendum
1231 271 1514 322 comparandum

73 343 120 394 [Ι.
148 340 468 391 confirmandum}
515 341 576 389 qui
611 343 688 376 tum
723 337 863 374 demum
899 336 1103 373 diademate
1137 337 1292 384 inposito
1325 334 1514 383 potiuntur

71 407 327 455 Aegyptoeorum
349 407 470 450 reguo.
505 400 569 437 sed
592 405 633 437 ut
657 400 720 437 illo
745 403 971 437 reuertamur
995 397 1090 434 unde
1106 397 1257 446 diyressi
1280 407 1417 441 stannus,
1440 396 1514 443 ‘igi-

73 471 134 505 tur
166 467 216 504 dii,
246 463 470 502 immortales
500 467 692 512 postquam
726 461 916 510 typhonem
949 459 1011 496 sed
1043 459 1120 496 ideo
1148 458 1254 507 [haec
1280 457 1374 507 dele]
1400 467 1517 507 poena

75 528 271 577 affecerunt
297 537 474 575 quamque
500 522 627 574 [quia‘3
654 521 794 572 vitiu-5⁸3]
823 521 972 560 consilio
990 523 1067 557 sine
1084 519 1191 557 turba
1208 519 1432 568 tumultuque
1454 521 1517 556 fin-

73 589 289 636 terfecerunt
320 592 453 625 sancta
481 586 520 635 [Ι.
548 585 672 634 Paua]
702 591 886 623 astrorum
921 584 1096 619 memoria
1129 581 1386 619 decor-atterunt
1419 585 1453 616 et
1484 580 1517 617 ei

74 662 202 688 nomen
227 650 398 698 Aegyptii
417 660 521 698 pana
548 647 587 696 [Ι.
613 646 819 696 Aegipana]
846 648 1097 695 inposuerunt,
1135 643 1228 693 quod
1254 655 1333 679 cum
1370 643 1520 678 caeteris

74 714 110 749 si
134 711 173 760 [Ι.
200 715 266 749 —ri
289 711 340 760 se]
373 713 411 747 iu
438 710 574 747 bestias
598 711 853 746 conuenissent
880 711 963 744 Pan
999 719 1036 744 se
1072 707 1108 742 in
1142 717 1293 755 capram
1316 701 1520 751 transfigu-

75 777 207 810 mussat.
249 772 487 822 oppidumque
527 794 569 800 —
604 772 743 820 reliqua
780 777 864 807 sunt
899 769 996 820 apud
1023 767 1153 804 Aldum
1182 773 1219 803 et
1243 765 1429 802 Buhlium.
1481 764 1520 799 ln

76 834 273 884 Sagittario
308 847 345 884 p.
371 838 418 871 72
446 835 490 871 Β.
518 840 663 883 praeter
696 833 805 870 uerba
843 831 969 882 procul
999 830 1159 868 abditum
1183 841 1258 877 rep.
1286 826 1338 877 pl.
1366 825 1416 863 ad
1440 824 1520 875 ped.

77 895 262 942 ferient-em
288 909 361 933 non
396 895 547 932 discedit
579 895 733 944 scriptus
771 895 861 931 liber
886 894 932 929 ab
964 892 1074 930 edito.
1128 890 1441 939 prognosticorum
1466 889 1522 924 in·

78 959 303 1008 terpretatio,
332 956 427 993 unde
452 957 525 993 duo
550 956 684 1004 Nigidii
709 955 912 1004 fragmenta
939 954 1116 1004 excerpsit
1140 951 1355 1001 Rutgersius
1381 963 1420 1000 p.
1433 951 1521 994 282,

80 1032 234 1069 quorum
260 1019 457 1056 secuudum
477 1018 587 1068 paulo
613 1017 817 1064 corruptius
841 1023 938 1052 extat
965 1017 999 1052 in
1021 1016 1179 1052 editione
1199 1013 1361 1064 principe
1381 1011 1524 1058 Aldina,

82 1088 159 1117 tota
186 1082 287 1117 abest
313 1082 358 1116 ab
386 1078 596 1129 apographo
624 1078 817 1114 Heinsiano
845 1077 976 1115 codicis
1001 1077 1163 1114 Parisini.
1213 1074 1443 1125 Pergendum
1470 1081 1525 1111 est

81 1141 129 1179 ad
153 1141 295 1179 fabulas
321 1143 416 1191 ipsas
442 1142 488 1177 ab
516 1140 648 1177 Ouidio
675 1139 837 1176 traditas.

155 1203 325 1240 Primus
351 1209 406 1239 est
431 1202 588 1251 Delphin
616 1206 653 1250 2,
671 1203 720 1238 79
742 1215 797 1252 sq.
850 1202 901 1238 Ibi
928 1213 1022 1251 quae
1045 1199 1167 1236 sabula
1194 1199 1324 1236 leuiter
1348 1198 1527 1236 indicatur

82 1279 120 1302 u.
132 1268 197 1314 81,
224 1277 303 1302 eam
323 1265 470 1314 exponit
488 1264 648 1313 Hyginus
669 1270 767 1314 poet.
787 1270 873 1300 astr.
895 1266 932 1308 2,
947 1265 995 1299 17
1016 1261 1212 1298 secundum
1229 1260 1526 1308 Eratosthenem,

83 1327 158 1364 uid.
178 1325 698 1375 BernhardyiEratosthenica
725 1338 762 1374 p.
783 1327 869 1372 160,
895 1337 930 1361 n.
951 1326 1013 1361 38.
1065 1324 1248 1373 Interpres
1272 1323 1403 1359 latinus
1430 1322 1527 1358 Arati

84 1388 182 1439 apud
218 1389 300 1425 Ald.
327 1396 364 1425 et
396 1388 506 1425 Buhl.
532 1401 571 1438 p.
589 1389 639 1424 74
673 1387 825 1424 eandem
861 1385 908 1422 ad
943 1386 1209 1423 Artemidorum
1243 1384 1377 1432 resert3
1414 1384 1528 1421 codex

83 1450 267 1488 Parisinus
301 1450 431 1488 hahet:
466 1448 757 1488 Artemmidorus
788 1451 827 1485 in
861 1447 965 1485 libris
998 1461 1086 1498 quos
1121 1447 1164 1484 de
1197 1459 1319 1484 amore
1350 1446 1456 1494 fecit,
1491 1452 1529 1484 et

85 1519 277 1563 praeterea
301 1513 337 1549 in
364 1513 444 1562 ipsa
468 1512 593 1548 fabula
619 1510 795 1561 quaedam
823 1522 938 1560 paruo
965 1516 1148 1546 momento
1176 1509 1331 1546 diuersa.
1380 1510 1436 1545 De
1464 1514 1530 1546 Ar-

87 1574 269 1612 temidoris
296 1574 540 1624 compluribus
565 1575 683 1623 agitur
709 1573 755 1609 ab
780 1572 1037 1621 interpretibus
1064 1571 1200 1608 Suidae
1225 1578 1313 1609 sect.
1342 1575 1377 1616 1,
1404 1585 1442 1622 p.
1456 1571 1531 1608 756

88 1635 224 1673 Bernh.
250 1648 317 1673 nec
343 1635 451 1673 ualde
475 1636 580 1673 aliter
606 1647 628 1672 a
648 1635 808 1672 Meursio
834 1635 920 1672 bibl.
950 1647 1004 1684 gr.
1027 1637 1064 1680 1,
1090 1646 1127 1683 p.
1146 1633 1243 1669 1156
1258 1645 1314 1682 sq.
1336 1633 1395 1670 ed.
1414 1633 1531 1671 Lami.

90 1697 285 1734 Praeterea
310 1697 497 1735 adeundus
524 1703 579 1734 est
605 1697 827 1746 potissimum
853 1696 1034 1733 Iacobsius
1060 1708 1095 1732 u.
1116 1695 1161 1732 cl.
1183 1695 1220 1731 in
1241 1695 1407 1745 catalogo
1430 1702 1531 1746 poet.

91 1759 208 1809 epigr.
227 1758 325 1795 anth.
347 1759 418 1795 uol.
440 1762 502 1805 13,
530 1771 568 1807 p.
586 1761 672 1795 863.
726 1759 848 1795 Altera
872 1757 998 1794 sabula
1025 1755 1072 1792 de
1097 1757 1231 1792 Arione
1256 1769 1328 1793 non
1356 1763 1438 1805 eget
1469 1768 1532 1793 ex-

92 1821 306 1871 plicatione:
341 1818 569 1855 Herodotum
603 1820 736 1856 lectum
771 1831 850 1856 esse
883 1819 928 1854 ab
956 1816 1090 1853 Ouidio
1116 1817 1176 1853 uel
1209 1818 1271 1853 illa
1296 1821 1335 1865 2,
1353 1819 1441 1865 663,
1459 1817 1535 1854 664

93 1888 308 1932 argumento
342 1887 437 1917 sunt.
490 1880 582 1923 Quis
609 1893 687 1917 eam
715 1880 875 1917 fabulam
901 1878 946 1916 ad
975 1890 1104 1914 nouem
1139 1879 1217 1915 illas
1243 1879 1366 1915 stellas
1393 1891 1535 1915 accom-

94 1943 319 1991 modauerit,
351 1954 501 1990 uereor,
536 1954 584 1978 ne
609 1942 847 1991 ignorandum
873 1943 936 1978 sit:
972 1939 1068 1990 apud
1097 1940 1278 1989 Hyginum
1305 1946 1404 1978 certe
1430 1940 1538 1978 ualde

96 2005 235 2044 exiliter
262 2010 453 2052 narratur,
491 2009 528 2040 et
553 2010 697 2053 potest,
732 2009 772 2039 ut
797 2002 934 2049 multa,
970 2013 1015 2038 ex
1041 2000 1174 2039 Ouidio
1200 2002 1418 2052 interpolata
1444 2014 1537 2041 esse.

96 2065 204 2116 Apud
241 2066 392 2102 latinum
419 2066 520 2102 Arati
554 2066 788 2115 interpretem
815 2077 854 2114 p.
871 2066 921 2100 76
940 2063 985 2100 Β.
1011 2063 1135 2113 inepto
1168 2063 1250 2100 loco
1275 2068 1540 2102 commemora-

97 2133 180 2175 tur,
214 2127 250 2163 in
277 2127 402 2164 codice
426 2127 511 2165 Par.
539 2126 654 2163 deest.
679 2122 852 2163 Doctiora
879 2131 917 2162 et
949 2125 1099 2176 paulum
1126 2125 1269 2162 diuersa
1303 2138 1348 2162 ex
1374 2131 1541 2164 astrono-

97 2201 239 2226 morum
265 2189 405 2238 scriptis
431 2189 593 2225 seruauit
618 2188 767 2226 Seruius
795 2186 841 2224 ad
868 2187 935 2224 ecl.
961 2189 1000 2234 8,
1027 2187 1088 2224 55.
1115 2209 1164 2218 —
1190 2187 1367 2237 Sequitur
1392 2187 1542 2229 Callisto

99 2257 138 2289 et
162 2250 407 2301 Arctophylax
431 2251 563 2298 2,153
585 2263 641 2300 sq.
694 2249 749 2287 Ad
778 2248 973 2286 Hesiodum
999 2249 1114 2285 altera
1139 2254 1244 2298 parte
1276 2248 1402 2285 fabula
1428 2248 1543 2286 reser-

99 2319 160 2351 tur
185 2314 230 2351 ab
248 2313 391 2362 Hygino
410 2325 449 2363 p.
469 2325 503 2348 a.
522 2316 561 2360 2,
579 2316 615 2360 1,
644 2318 836 2349 comment.
853 2311 980 2350 Germ.
1001 2323 1038 2360 p.
1050 2309 1157 2347 3813.
1198 2310 1232 2346 Is
1259 2316 1312 2347 est
1338 2303 1360 2346 ὃ
1387 2305 1461 2359 τὴν
1489 2306 1545 2355 εἷς

97 2368 290 2413 Ἡσίοδον
319 2369 622 2425 ἀναφερομένην
648 2368 821 2423 ποιήσας
847 2367 1116 2423 ἀςρονομίαν,
1153 2371 1285 2410 Athen.
1318 2375 1380 2420 11,
1395 2373 1469 2409 491
1497 2372 1544 2420 C,

102 2437 138 2474 in
170 2449 276 2487 quem
303 2435 512 2473 Callimachi
529 2436 663 2486 ‘epign
689 2438 739 2472 28
774 2436 947 2485 scriptum
973 2440 1040 2472 est.
1092 2434 1150 2470 De
1175 2433 1314 2471 Iunone
1339 2433 1545 2471 mutationis

104 2505 253 2536 auctore
277 2498 516 2547 interpolator
540 2511 670 2536 comm.
695 2498 821 2535 Germ.
839 2510 875 2548 p.
895 2500 943 2535 39
970 2495 1144 2534 Ouidium
1171 2501 1390 2533 antestatur:
1418 2495 1546 2533 eadem

108 2565 227 2597 tamen
254 2573 312 2597 res
337 2559 491 2597 traditur
516 2560 562 2596 ab
585 2560 726 2609 Hygino
754 2559 895 2608 geneal.
921 2557 950 2596 s.
971 2560 1059 2607 177,
1086 2557 1182 2596 unde
1208 2557 1435 2607 cognoscitur
1454 2555 1545 2594 Oui-

108 2618 204 2656 dium
230 2622 265 2658 in
291 2635 353 2659 uu.
373 2623 460 2670 191,
482 2623 555 2657 192
587 2627 749 2658 secutum
778 2632 857 2658 esse
883 2620 1106 2658 Creticorum
1133 2626 1303 2670 poetam,
1336 2618 1384 2656 de
1416 2618 1545 2668 quibus

111 2680 193 2719 uide
205 2677 390 2722 Munckeri
407 2683 688 2721 annotationem.
725 2682 995 2735 Arctophylapis
1016 2681 1178 2721 fabulam
1196 2694 1276 2719 cum
1296 2680 1403 2720 docta
1422 2679 1547 2732 templi
