1685 2954
621 56 906 96 mrenromrx
1253 59 1495 91 cccxxxvu

54 169 133 220 gari
157 170 294 218 irritat,
321 166 386 206 sed
410 171 616 216 suspectum
639 166 778 216 quippe
805 176 877 202 non
905 162 1163 201 necessarium.
1191 173 1228 199 u.
1242 160 1318 200 753
1344 173 1496 213 perspe-

53 233 189 269 ciosum
217 232 253 268 in
282 231 366 268 Vrs.
392 235 430 267 et
454 227 550 265 Maz.
577 228 786 276 intentaque
809 224 874 272 fila
900 227 1050 263 remittit
1082 237 1150 262 nec
1180 223 1289 261 facile
1315 224 1496 273 glossema

53 294 192 343 uulgati
217 295 467 341 incoeptam&
503 289 554 325 uti
582 301 650 325 nec
682 288 845 339 pioxime
871 288 944 324 755
972 288 1007 324 in
1034 287 1118 324 Vrs.
1146 286 1320 324 lacrimae
1345 284 1497 322 cecidere

51 355 203 405 ,italicae
235 366 302 404 pro
327 352 471 389 decuere
494 349 659 399 pudicae.
712 349 793 386 Lib.
821 351 859 396 3,
886 348 959 384 245
985 348 1068 385 Vrs.
1096 354 1132 385 et
1157 349 1254 385 Maz.
1281 348 1496 397 scripturam

52 417 140 454 nibil
167 415 262 453 aliud
289 414 346 451 aio
373 424 452 449 esse
473 424 580 462 quam
608 418 812 448 structurae
838 410 1124 447 subleuationem
1149 422 1194 447 ex
1214 410 1390 447 Varronis
1415 409 1496 446 loco

51 478 99 516 de
124 479 150 517 l.
171 477 194 514 l.
222 477 260 524 5,
272 477 323 512 49
349 487 421 512 non
450 475 498 510 ita
525 474 723 521 intellecto,
753 473 804 509 uti
832 471 1029 509 secundum
1057 472 1157 509 Fest.
1180 485 1217 522 p.
1233 474 1320 519 348,
1335 474 1385 507 30
1398 469 1497 508 dext.

50 552 132 589 sqq.
161 536 413 587 intelligendus
441 542 507 573 est.
561 535 614 573 lb.
636 548 671 572 u.
690 537 763 571 423
792 534 977 570 Heinsium
997 546 1064 583 per
1085 546 1245 570 errorem
1273 533 1384 569 credo
1410 545 1500 569 cou-

51 601 223 637 iecturam
241 598 409 635 I'olitiani
435 597 609 634 eiusmodi
637 604 676 634 ut
694 595 738 644 4,
752 598 823 633 511
849 608 916 645 pro
937 596 1115 645 scriptura
1133 596 1314 633 Vrsiniani
1340 601 1499 640 notasse,

50 661 123 698 uid.
157 671 270 709 supra
303 673 342 709 p.
363 671 525 707 chxv,
561 658 625 696 sed
661 667 783 696 tamen
819 669 967 694 causam
999 670 1100 694 suam
1136 658 1193 694 hic
1218 669 1329 705 'error
1360 655 1498 700 babuit,

48 734 158 772 quam
185 721 366 771 intelligis.
419 722 473 759 lb.
502 734 539 758 u.
558 723 634 760 726
664 723 848 758 l'itisator
873 720 1035 756 immanis
1061 726 1116 756 est
1140 718 1313 755 audaciae
1337 718 1498 766 interpo-

49 785 136 822 latio
162 784 199 820 in
226 784 311 821 Vrs.
340 783 422 820 Zul.
451 783 548 819 Maz.
608 783 660 818 lb.
689 796 725 819 u.
744 784 818 819 766
844 794 977 818 amans
1003 781 1101 830 quod
1134 782 1168 817 in
1194 780 1278 816 solis
1306 779 1386 815 Vrs.
1414 779 1497 816 Zul.

49 846 148 884 Maz.
174 852 213 883 et
238 857 365 882 eorum
391 845 564 881 similibus
591 852 691 881 extat
718 843 799 880 ideo
826 856 898 879 non
924 845 1058 892 recepi.
1099 842 1181 878 Lib.
1199 842 1237 887 4,
1255 842 1304 876 20
1330 852 1401 876 non
1428 838 1499 876 dif-

49 908 143 945 ficile
168 914 224 945 est
249 907 451 953 arbitrium,
482 914 602 943 utrum
629 905 726 955 quod
749 906 889 941 tuearis
915 916 936 940 a
963 904 1160 953 negligenti
1185 903 1231 939 sit
1256 902 1424 948 librario,
1451 913 1498 937 an

48 981 119 1019 quo
147 971 304 1007 tenearis
337 969 373 1004 in
400 968 482 1004 Vrs.
511 968 593 1005 Zul.
620 968 717 1004 Μαι.
751 967 796 1002 ab
830 963 1107 1015 interpolatore.
1160 965 1212 1001 lb.
1241 977 1275 1000 u.
1307 965 1376 999 141
1405 962 1501 998 inter

49 1033 246 1081 scripturas
273 1028 432 1067 siccabat
457 1029 630 1066 sudantes
653 1040 735 1066 rore
760 1027 932 1076 capillos,
972 1038 1080 1076 quain
1108 1025 1299 1076 typotheta
1325 1035 1499 1073 suppres-

49 1094 120 1140 sit,
155 1099 193 1129 et
219 1092 255 1128 in
283 1092 366 1128 Vrs.
394 1091 490 1128 Maz.
522 1092 604 1127 sicc.
631 1094 800 1126 rorantes
824 1089 925 1126 nuda
953 1088 1103 1137 capillos
1135 1101 1205 1124 non
1241 1086 1365 1124 differt
1398 1098 1498 1130 casu,

47 1154 112 1191 sed
139 1153 307 1189 consilio=
335 1153 428 1189 ratio
455 1158 523 1200 est,
552 1158 592 1188 ut
617 1151 727 1201 paulo
754 1152 964 1187 insolentior
982 1152 1081 1200 prior
1099 1150 1295 1199 probetur3
1325 1159 1409 1184 nam
1433 1159 1499 1185 ro·-

48 1220 174 1254 rantcs
200 1214 324 1263 capilli
351 1214 448 1251 unde
475 1224 554 1251 esse
579 1213 718 1262 possint
743 1212 851 1250 docet
879 1213 1013 1249 Heinsii
1042 1211 1246 1258 annotatio,
1271 1209 1405 1247 sudare
1429 1220 1498 1258 pro

47 1275 211 1316 rorando
238 1281 294 1312 est
311 1275 410 1326 apud
426 1277 527 1326 Virg.
544 1277 633 1311 Aen.
648 1278 684 1322 2,
695 1277 791 1312 582:
820 1274 1053 1311 Dardanium
1079 1275 1212 1310 totiens
1237 1271 1382 1309 sudarit
1406 1282 1500 1308 san-

46 1341 156 1389 yaine
181 1338 296 1374 littus.
348 1338 402 1375 lb.
430 1339 505 1373 440
531 1336 696 1386 profecto
723 1349 796 1373 non
824 1337 930 1373 uideo
956 1349 1022 1372 cur
1046 1348 1112 1373 ros
1137 1334 1340 1371 concedere
1366 1334 1499 1370 debeat

48 1403 182 1444 casiae,
209 1412 290 1435 cum
318 1399 366 1435 sit
392 1398 491 1449 apud
515 1398 707 1448 Virgilium
733 1410 791 1448 ge.
817 1402 855 1446 2,
878 1401 975 1435 213:
1011 1398 1140 1448 apibus
1165 1399 1289 1434 casias
1313 1407 1499 1445 roremque

48 1464 247 1509 ministrat,
276 1473 320 1497 ac
339 1467 509 1511 putarem
529 1473 597 1510 pro
621 1461 839 1509 glossemate
866 1461 1060 1510 ascriptum
1087 1461 1198 1496 fuisse
1225 1471 1307 1495 eum
1336 1470 1500 1505 uersum,

49 1525 115 1562 nisi
140 1523 352 1560 Vrsinianus
378 1530 486 1562 esset.
538 1523 590 1559 lb.
618 1524 695 1560 709
719 1522 910 1560 mediocris
942 1534 1025 1558 mea
1058 1523 1264 1559 coniectura
1298 1519 1422 1556 codice
1445 1519 1498 1556 ll·-

49 1584 203 1622 leidensi
227 1584 387 1621 subfulta
413 1584 612 1634 praestabit
646 1584 788 1621 ieiunae
820 1590 859 1620 et
885 1584 1019 1620 elumbi
1044 1584 1259 1621 Vrsinianae
1284 1583 1498 1632 scripturae.

50 1645 190 1682 Eodem
217 1645 326 1682 modo
351 1659 388 1683 u.
405 1648 480 1683 807
506 1646 536 1682 si
561 1646 682 1696 potior
707 1646 876 1683 habenda
902 1653 956 1683 est
981 1648 1162 1697 scriptura
1187 1648 1272 1696 Ipse
1289 1644 1390 1681 locus
1407 1655 1499 1680 caa-

50 1719 118 1744 sas
140 1708 222 1743 uati
247 1707 362 1753 facit,
397 1719 462 1743 cur
486 1707 589 1743 abest
614 1708 661 1743 ab
686 1707 889 1753 llseldensi,
916 1709 977 1757 qui
1004 1709 1163 1745 eiusdem
1195 1720 1277 1744 cum
1304 1705 1497 1743 Vrsiniano

51 1768 200 1818 originis
227 1767 307 1805 est?
344 1780 368 1804 a
393 1780 467 1818 quo
493 1775 531 1804 et
555 1768 754 1805 Petauiano
782 1769 974 1806 recedendi
1007 1782 1117 1806 causa
1151 1770 1249 1806 nulla
1284 1774 1359 1805 est:
1394 1767 1497 1804 locus

52 1830 168 1866 dictus
194 1837 249 1867 est
275 1830 340 1877 ita,
367 1835 406 1865 ut
431 1832 471 1877 2,
492 1828 590 1877 8593
623 1829 658 1864 in
684 1830 863 1879 scriptura
889 1831 1106 1881 interpolata
1134 1832 1240 1882 cupio
1268 1830 1391 1867 doceri
1416 1830 1497 1879 quis

50 1891 111 1929 liic
143 1893 189 1929 sit
222 1892 323 1929 locus
356 1891 418 1941 qui
449 1901 576 1926 causas
611 1890 736 1929 faciat.
787 1891 902 1929 Paulo
930 1899 1013 1942 post
1041 1907 1075 1931 u.
1099 1896 1172 1930 823
1201 1905 1269 1943 pro
1303 1891 1498 1942 plenaeque

50 1954 249 2004 iniponitur
275 1965 344 1990 ora
367 1952 404 1988 in
429 1951 512 1988 Vrs.
542 1958 597 1988 est
620 1952 748 2003 plenae
771 1955 1005 2004 imponantur
1031 1968 1183 1992 arenae:
1209 1966 1308 1991 mera
1335 1953 1498 1991 mutandi

50 2016 250 2065 prurigine,
277 2022 318 2051 ut
343 2014 486 2064 opinor.
539 2013 579 2049 ln
606 2014 745 2052 eodem‘
761 2015 830 2052 boc
856 2017 1045 2053 Vrsiniano
1072 2017 1196 2055 codice
1221 2023 1259 2053 et
1282 2016 1498 2066 quibusdam

10 2090 16 2096 ’
51 2088 97 2113 eo
124 2077 394 2113 nocentioribus
419 2076 483 2114 lib.
503 2076 527 2111 6
553 2083 637 2125 post
661 2090 696 2113 u.
715 2078 791 2113 270
816 2078 1023 2115 inseruntur
1053 2081 1122 2116 tria
1149 2078 1298 2115 disticha
1331 2080 1378 2115 ab
1405 2077 1497 2114 Aldo

50 2144 89 2175 et
109 2138 257 2175 Heinsio
284 2151 351 2189 pro
378 2137 528 2175 totidem
555 2139 743 2186 gemmulis
770 2139 906 2186 habita,
933 2140 1062 2190 quibus
1087 2139 1194 2176 facile
1220 2152 1343 2177 carere
1367 2152 1498 2191 possu-

51 2212 143 2237 mus.
198 2200 357 2237 Primum
384 2201 480 2238 enim
505 2200 545 2236 iis
571 2201 791 2249 permoleste
822 2202 919 2251 quod
948 2203 1111 2238 uersibus
1137 2205 1227 2250 273,
1248 2204 1323 2238 274
1351 2201 1496 2238 abunde

50 2262 143 2299 inest
169 2263 390 2299 diuaricatur
424 2274 497 2299 non
532 2262 608 2299 sine
641 2263 766 2312 inepta
799 2264 836 2300 in
869 2264 953 2314 ipsis
981 2263 1138 2301 eiusdem
1165 2264 1216 2300 rei
1243 2265 1492 2300 ruminatione.

51 2322 194 2362 Deinde
220 2332 391 2362 accurate
417 2324 578 2373 expressi
603 2330 686 2360 sunt
712 2325 759 2360 ad
785 2325 1014 2362 Lactantium
1042 2329 1080 2373 3,
1098 2327 1165 2362 24:
1193 2325 1494 2362 notabit-nate

53 2385 135 2434 ipsa
158 2387 284 2423 „tundi
311 2386 359 2423 atl
386 2391 505 2423 ortum
531 2383 659 2431 referri
685 2405 753 2422 -.
781 2388 890 2424 Ηαηο
915 2389 1025 2435 i9itur
1051 2386 1139 2423 caeli
1163 2386 1422 2424 rotunditatem
1446 2386 1493 2423 il-

53 2444 115 2482 tud
139 2447 362 2496 sequebatur,
387 2452 427 2484 ut
453 2447 607 2484 terrain
625 2445 741 2483 medio
762 2449 845 2486 sina
871 2451 946 2486 eius
972 2452 1062 2485 esset
1087 2447 1248 2485 inclusa.-
1271 2448 1368 2498 quod
1386 2450 1420 2485 si
1439 2450 1494 2485 ita

53 2512 144 2543 esset
167 2512 303 2546 terram
327 2512 448 2559 ipsam
479 2507 582 2557 ylobo
608 2507 783 2546 similem:
814 2522 925 2558 neque
951 2512 1044 2546 enim
1068 2507 1147 2556 fieri
1171 2515 1310 2560 posset,
1343 2516 1386 2548 at
1416 2523 1492 2548 non

53 2573 144 2604 esset
167 2571 375 2615 rotundum,
403 2564 496 2619 qaod
520 2569 673 2607 rotando
700 2570 876 2608 inclusum
899 2576 1090 2609 tem-retur.-
1137 2571 1220 2610 Iure
1246 2574 1382 2624 optimo
1406 2572 1492 2614 mihi

0 2657 1 2694 ἒ
53 2629 180 2666 uideor
204 2631 331 2669 fecisse
356 2633 455 2682 quod
489 2633 579 2670 feci:
615 2633 677 2682 qui
702 2632 739 2670 id
765 2633 1006 2683 deplorabunt
1037 2633 1182 2683 plorare
1207 2635 1327 2673 iubeo.
1378 2635 1489 2671 Eius-
