1685 2954
135 83 219 130 232
699 96 1019 129 casronvu

245 197 347 240 Volt
371 209 449 239 sua
475 195 634 252 plebeio
661 208 779 239 sacra
806 203 949 252 patere
979 198 1114 241 choro.

192 267 247 308 Et
272 271 412 306 monet
437 263 587 307 aetatis
613 265 768 318 specie,
797 265 892 306 dum
918 266 1074 320 floreat,
1102 267 1174 319 uti,

247 333 463 374 Contemni
491 332 648 385 spinam
677 344 770 374 cum
799 332 986 375 cecidere
1014 347 1146 375 rosae.

191 398 276 440 Cur
305 405 456 453 tamen,
484 405 530 441 ut
558 399 703 441 dantur
729 406 875 441 uestes
903 400 1142 442 Cerealibus
1171 402 1301 455 albae,
1491 407 1570 444 355

247 467 321 507 Sic
351 473 416 508 est
442 467 548 508 haec
578 467 690 507 cultu
718 468 963 510 uersicolore
991 466 1176 510 decens?

193 533 259 573 An
287 535 380 587 quia
408 535 575 583 maturis
602 534 777 575 albescit
804 536 952 576 messis
981 534 1130 589 aristis,

248 601 305 641 Et
333 602 442 643 color
471 607 514 641 et
543 602 708 654 species
737 602 901 643 floribus
929 604 1058 643 omnis
1085 600 1224 643 inest?

192 667 358 721 Annuit,
389 675 432 709 et
461 669 580 708 motis
608 669 730 709 flores
758 668 947 710 cecidere
975 670 1144 722 capillis,

248 734 452 776 Accidere
481 735 521 775 in
549 747 714 775 mensas
743 741 790 774 ut
817 747 911 775 rosa
937 735 1065 776 missa
1091 736 1208 776 solet.
1495 743 1574 778 360

192 803 363 843 Lumina
390 803 614 855 restabant,
642 814 808 855 quorum
835 815 901 842 me
931 814 1059 841 causa
1086 802 1258 843 latebat:

251 870 356 910 Cum
384 870 447 910 sic
475 881 631 909 errores
659 865 828 910 abstulit
855 870 922 909 illa
950 881 1078 908 meos.

192 936 273 977 Vel
303 936 399 989 quia
426 936 639 989 purpureis
667 937 873 978 collucent
900 936 1064 977 floribus
1091 936 1194 990 agri,

249 1004 419 1044 Lumina
447 1009 544 1043 sunt
573 1009 737 1044 nostros
766 1005 856 1045 uisa
885 1003 1034 1044 decere
1062 1003 1170 1044 dies:

193 1070 274 1112 Vel
302 1071 397 1124 quia
424 1081 503 1110 nec
532 1069 609 1110 flos
638 1077 704 1111 est
733 1070 870 1112 hebeti
899 1083 978 1111 nec
1006 1070 1167 1111 flamma
1196 1069 1345 1123 colore,
1497 1076 1574 1113 365

247 1138 386 1191 Atque
415 1137 558 1177 oculos
587 1137 628 1177 in
658 1149 706 1178 se
737 1137 926 1192 splendor
955 1144 1127 1191 uterque
1157 1139 1297 1179 trahit:

194 1204 275 1246 Vel
306 1205 401 1259 quia
431 1203 589 1244 deliciis
618 1209 814 1246 nocturna
840 1204 1005 1247 licentia
1033 1205 1185 1246 nostris

190 1344 274 1382 352.
302 1345 432 1394 plebeo
456 1346 503 1382 G.
547 1356 612 1380 sua
639 1343 781 1393 phebeo
808 1343 911 1381 DA.
959 1345 1055 1394 pleb.
1084 1345 1219 1394 templa
1247 1351 1323 1394 pat.
1350 1347 1576 1383 Mum-‚scm

141 1406 244 1434 sacra
277 1407 409 1444 parare
434 1395 496 1433 A.
544 1406 647 1431 sacra
681 1395 817 1431 referre
843 1394 896 1431 A.
941 1407 1042 1431 sacra
1075 1396 1220 1444 placere
1249 1400 1334 1432 tres.
1385 1396 1519 1432 cohoro
1546 1399 1581 1433 Ε

141 1457 288 1493 wwpr.
390 1447 477 1483 353.
504 1452 625 1481 manet
650 1457 678 1481 e.
718 1446 874 1493 speciem
901 1448 935 1482 E
951 1445 1039 1492 fort.
1067 1445 1131 1482 sub
1157 1457 1231 1482 ras.
1257 1445 1287 1491 f.
1390 1447 1475 1482 354.
1503 1449 1578 1490 lta,

141 1496 349 1544 Contemni,
377 1499 542 1532 st22
552 1497 601 1531 28
617 1500 700 1533 tres.
741 1496 949 1532 Contemnit
968 1496 1060 1544 spin.
1082 1494 1154 1532 se.
1195 1496 1451 1542 Contemnent,
1468 1496 1578 1532 Com·-

139 1546 332 1595 pendium,
360 1546 594 1582 Contendunt
618 1545 763 1593 sinyuli.
803 1546 1072 1595 Contempnunt
1098 1542 1365 1591 EGOEEbfr.
1406 1547 1578 1582 Contem-

140 1602 234 1636 nunt
258 1599 399 1634 caeteri.
446 1595 566 1632 Gloss.
594 1595 719 1639 Cont.]
748 1597 830 1645 quia
856 1596 1018 1632 homines
1050 1599 1139 1633 DE.
1188 1597 1289 1645 quasi
1319 1597 1398 1644 ipsa
1431 1596 1499 1632 dea
1525 1597 1580 1632 in-

142 1645 271 1685 tendat
296 1646 415 1683 dicere
441 1647 502 1682 sic.
532 1648 581 1682 D.
690 1648 777 1684 355.
812 1652 852 1683 ut
877 1654 996 1682 uestes
1023 1646 1155 1682 dantur
1179 1658 1254 1682 cer.
1286 1646 1465 1684 GNm20
1489 1650 1579 1685 octo.

142 1702 184 1736 ut
210 1702 328 1733 uestes
354 1696 486 1733 dentur
511 1707 542 1732 s.
595 1702 636 1732 ut
662 1695 794 1732 dentur
820 1694 1246 1744 FQJAMPETbyr
1262 1697 1285 1733 5
1310 1697 1440 1744 ui9inti
1464 1701 1498 1732 et
1524 1695 1581 1733 ed.

144 1748 252 1791 Ven.;
276 1758 475 1795 puar.scr.
515 1753 635 1782 tamen
663 1745 842 1782 addantur
870 1753 959 1782 uest.
979 1759 997 1783 e
1012 1746 1119 1783 alius.
1159 1753 1279 1783 tamen
1298 1753 1469 1795 aptantur
1487 1754 1580 1783 uest.

141 1797 204 1832 48.
254 1803 374 1834 tamen
401 1802 570 1846 aptentur
597 1803 686 1832 uest.
714 1799 796 1832 428
810 1799 869 1837 33.
918 1797 1048 1835 cereal.
1078 1797 1211 1832 herbae
1236 1809 1284 1832 m.
1395 1798 1480 1834 356.
1515 1797 1581 1834 Illa

142 1846 291 1895 quidem
318 1853 373 1883 est
398 1847 500 1882 uultu
529 1858 621 1882 uers.
650 1848 700 1886 N.
742 1846 808 1897 §ic
840 1847 930 1882 haec
957 1854 1011 1884 est
1037 1844 1581 1896 EFGOEFMOPifymps

143 1901 238 1942 ουτος
265 1899 308 1933 Ν
320 1909 488 1934 uar.scr.
535 1896 596 1933 Sic
623 1896 690 1933 boc
723 1904 776 1932 est
808 1897 894 1933 cult.
921 1895 982 1933 A.
1032 1905 1086 1934 est
1117 1899 1152 1933 in
1182 1898 1279 1933 cultu
1305 1897 1388 1934 duo.
1437 1905 1493 1933 est
1517 1897 1582 1934 sed

144 1947 244 1982 cultu
269 1947 348 1984 edd.
372 1949 458 1984 Ven.
481 1948 558 1983 Vic.
678 1948 764 1985 357.
799 1948 870 1983 Aut
903 1948 987 1996 quia
1019 1959 1048 1984 e.
1105 1954 1191 1983 mat.
1221 1948 1479 1987 arescit‘mzo
1496 1952 1580 1987 tres.

142 1997 215 2033 alb.
234 1998 363 2033 mensis
380 2000 415 2034 E
431 1996 508 2033 edd.
529 1999 615 2033 Ven.
633 1998 709 2034 Vic.
811 1998 898 2035 358.
925 1999 972 2034 At
988 1998 1087 2037 color
1105 1995 1245 2045 Z(m‘.2)
1258 2001 1302 2034 12
1314 2000 1364 2033 20
1378 1997 1460 2035 duo.
1488 1998 1582 2035 Cum

142 2047 244 2083 color
269 2049 330 2086 44.
372 2047 421 2084 Et
448 2047 565 2083 honor
590 2046 621 2093 f.
665 2059 762 2096 spec.
786 2049 950 2084 omnibus
976 2049 1090 2085 omnis
1116 2051 1179 2084 20.
1226 2048 1338 2084 omnis
1364 2050 1401 2085 in
1427 2060 1504 2089 ras.
1532 2060 1580 2087 m.

142 2096 224 2133 flor.
252 2109 343 2133 unus
370 2098 418 2137 in.
445 2099 481 2133 6.
585 2099 672 2134 360.
700 2098 881 2135 Accedere
907 2102 970 2136 31.
1013 2098 1191 2135 Occidere
1210 2096 1256 2135 Γ.
1298 2098 1473 2135 Decidere
1499 2099 1581 2136 No

142 2144 185 2183 A
194 2159 266 2184 ma.
279 2144 397 2184 sea}
404 2147 423 2183 b
434 2159 451 2183 e
458 2159 481 2195 9
493 2159 565 2184 ηια.
579 2160 646 2184 sec.
664 2160 784 2184 mma.
795 2160 863 2185 sec.
881 2161 906 2197 p
931 2148 1068 2197 aliquot
1092 2154 1125 2185 et
1150 2153 1236 2185 uett.
1258 2147 1332 2193 ed.;
1358 2152 1579 2189 Mammam·-

141 2198 272 2234 mensis
299 2195 348 2233 Γ.
387 2210 470 2234 rosa
495 2198 607 2233 multa
634 2201 859 2235 Mum-‚scin
909 2211 990 2235 rosa
1016 2211 1125 2248 saepe
1149 2211 1255 2237 unus.
1364 2202 1449 2241 361.
1486 2210 1580 2247 quo÷

143 2259 222 2283 rum
250 2247 333 2283 mibi
358 2260 408 2285 m.
450 2259 507 2284 me
533 2249 639 2284 turba
659 2251 801 2285 Muar.
813 2260 882 2286 scr.
924 2262 1030 2286 causa
1057 2250 1182 2298 fatigat
1201 2252 1259 2287 M.
1362 2251 1446 2291 362.
1474 2249 1580 2283 Tunc

143 2298 194 2334 sic
222 2300 368 2335 BE41.
418 2298 516 2334 Tum
543 2299 593 2334 sic
622 2300 671 2334 N.
726 2300 817 2335 abst.
843 2300 901 2335 ille
926 2312 975 2336 m.
1021 2300 1080 2338 illa
1113 2299 1196 2335 mihi
1226 2303 1268 2337 Τ.
1375 2302 1459 2336 363.
1495 2297 1578 2334 coll.

145 2347 283 2395 ignibus
317 2348 394 2395 agri
422 2351 455 2384 E
481 2348 594 2392 alius,
622 2351 778 2385 Marsus
802 2350 841 2386 in
866 2349 920 2387 ed.
947 2350 1094 2387 Mediol.
1206 2352 1292 2389 364.
1325 2349 1476 2386 Lumina
1507 2354 1580 2384 tres

144 2405 285 2433 nostros
302 2401 346 2435 Ε.
387 2411 423 2434 u.
452 2397 586 2435 dedere
612 2398 644 2436 b.
745 2401 832 2434 365.
859 2413 937 2437 cum
956 2403 1114 2449 sequenti
1130 2403 1166 2438 in
1183 2413 1298 2448 inm-9.
1314 2413 1360 2436 m.
1403 2400 1471 2433 Aut
1497 2398 1581 2447 quia

143 2446 203 2484 A.
245 2449 326 2495 quia
350 2448 400 2484 sic
420 2449 485 2484 ssos
508 2446 561 2484 Φ.
606 2456 658 2485 est
678 2462 746 2488 om.
760 2452 942 2499 Emmpr.
981 2451 1064 2487 heb.
1085 2452 1143 2487 uel
1165 2452 1201 2487 fl.
1223 2446 1420 2497 FwNAVs
1436 2453 1580 2496 septem,

195 2498 281 2533 366.
315 2499 347 2533 in
374 2510 413 2534 se
441 2501 474 2535 ἔη
500 2498 621 2546 subtili
646 2511 721 2536 ras.
749 2502 793 2536 Ε.
839 2503 961 2537 oculos
991 2508 1129 2537 nostros
1153 2503 1223 2550 spl.
1253 2495 1496 2546 BGI'0119
1509 2509 1580 2535 ηια.

145 2550 290 2595 pra-41
321 2559 456 2585 nouem.
497 2550 620 2586 oculos
647 2551 681 2586 in
710 2557 764 2586 ter
790 2551 859 2599 spl.
883 2564 907 2599 p
924 2564 1087 2589 uun-scr.
1135 2551 1256 2587 oculos
1284 2551 1375 2585 iuter
1400 2549 1469 2597 spl.
1497 2549 1581 2587 DG

145 2598 224 2632 433
246 2602 328 2634 tres.
431 2600 514 2634 367.
543 2601 627 2648 quia
655 2608 829 2636 nocturna
855 2600 981 2638 delitiis
1005 2600 1193 2650 (Dmcapr.
1232 2598 1356 2636 delitiis
1387 2602 1431 2634 11.
1471 2599 1581 2635 licen-n

147 2647 200 2683 cia
228 2644 274 2683 Γ.
316 2654 410 2684 noct.
439 2650 578 2686 silentia
606 2653 787 2698 Emmpr.
804 2650 1011 2701 bmaqnnf.
1053 2658 1148 2689 noct.
1177 2651 1327 2688 iacentia
1354 2661 1456 2687 rma.
1472 2660 1529 2698 pr.
