1685 2954
717 84 756 110 V.
787 81 926 112 monn
1445 80 1555 111 xxlx

104 197 230 224 exesas
255 186 399 224 litterae
431 184 468 221 in
501 182 740 220 marmoribus
769 187 1010 229 notarentur,
1049 181 1379 230 coniungerentur:
1414 192 1489 217 uno
1515 187 1556 218 ut

103 249 271 298 exemplo
306 245 528 297 perfungar,
564 243 650 280 uide
683 242 844 293 lapidem
871 242 1120 280 Sednnensem
1155 242 1254 292 apud
1279 242 1474 292 Neapolim
1509 243 1558 280 ad

104 309 180 347 Ou.
208 310 308 346 Fast.
334 311 373 355 2,
402 310 487 351 121.
538 305 779 340 Euanuerant
811 304 882 339 isto
908 303 943 339 in
969 304 1084 340 uerbo
1110 304 1155 352 P,
1181 306 1211 340 A
1237 311 1275 341 et
1300 311 1404 354 parte
1430 303 1556 341 dexte-

104 373 202 409 riore
227 371 276 418 R,
302 376 378 406 tum
405 368 548 404 litterae
577 366 608 402 A
635 365 730 401 alter
758 365 917 410 tibicen,
946 371 986 401 ut
1012 365 1200 403 uideretur
1225 366 1352 403 adesse
1377 366 1420 403 P.
1471 366 1557 414 Syl-

103 434 188 470 laba
212 432 260 468 Ll
286 431 365 467 uisa
393 436 448 465 est
474 441 552 465 esse
577 427 638 474 Μ,
667 426 972 476 quemadmodum
1000 427 1036 463 in
1061 427 1164 464 fastis
1193 428 1480 478 Capranicorum
1504 427 1557 464 xl

104 495 165 531 Kl’
191 494 297 543 Sept.
333 490 430 541 apud
465 490 595 526 Aldum
633 496 669 525 et
703 488 921 538 Fogginium
958 488 1078 525 editur
1114 489 1145 524 B
1172 490 1234 526 Xl.
1262 490 1363 537 F.N‚
1401 502 1466 539 pro
1509 501 1555 526 eo

104 554 204 605 quod
230 554 387 591 debebat
413 564 493 589 esse
518 552 569 588 Xl
593 550 678 588 EN.
731 550 806 587 Sed
841 550 1005 600 inprimis
1030 550 1060 586 P
1087 563 1154 601 pro
1182 553 1209 587 Δ
1237 551 1308 601 legi
1340 552 1377 587 in
1405 551 1559 601 procliui

103 623 196 654 erat.
235 617 290 653 Ita
310 617 346 651 in
365 620 600 651 monumento
626 615 813 661 Ancyrano
834 613 908 649 tab.
926 615 946 648 1
975 624 995 648 a
1013 611 1110 650 dext.
1138 612 1416 649 BASlLlCAM.
1432 612 1558 650 CON-

102 677 348 716 SVMATAM
382 690 449 726 pro
476 675 829 713 CONSVMPTAM
858 675 1050 722 legerunt,
1088 686 1131 710 ac
1165 675 1329 711 similiter
1363 673 1436 711 duo
1469 687 1559 725 per-

104 740 206 777 docti
234 737 478 788 archaeologi,
507 738 703 787 Dionysius
732 735 1057 773 Halicarnassensis
1083 742 1121 772 et
1147 736 1307 773 Orellius
1333 736 1560 784 Turicensis,

103 801 302 853 aliquando
327 802 365 837 in
392 800 577 837 ueteribus
603 799 844 835 monumentis
870 799 1038 847 legerunt
1064 797 1096 833 D
1119 810 1188 847 pro
1211 797 1255 833 P.
1301 797 1364 835 llle
1389 797 1559 836 DENAS

105 877 174 915 pro
200 863 364 900 PENAS
394 867 429 909 1,
456 863 526 909 683
563 861 619 897 bic
656 861 691 896 in
727 861 851 896 tabula
876 859 1101 896 Amiternina
1136 859 1211 895 aeri
1239 860 1353 895 incisa
1379 859 1448 895 boc
1478 860 1559 909 ipso

108 938 253 976 pugnae
273 924 505 961 Pharsalicae
528 923 587 959 die
613 935 680 971 pro
708 933 768 969 eo,
794 921 892 970 quod
921 928 1038 958 extat:
1067 921 1191 957 CAES
1207 922 1236 958 C
1251 922 1281 957 F
1300 921 1559 959 PHARSALI-

104 981 316 1025 DEVICIT
337 985 449 1023 edidit
472 982 728 1020 PHARSALI.
746 982 967 1019 DEVlClT.
1008 983 1119 1032 Atqui
1148 985 1382 1033 promisserat
1407 996 1446 1020 se
1469 983 1561 1021 fide-

103 1050 188 1086 liter
212 1048 302 1085 illud
329 1046 430 1082 radio
456 1045 679 1094 descriptum
708 1043 914 1093 exemplum
939 1051 1147 1081 secuturum
1177 1058 1275 1090 esse,
1303 1053 1340 1082 et
1365 1045 1441 1082 eius
1467 1046 1562 1082 ratio

105 1111 259 1147 lacunae
286 1115 370 1159 post
394 1108 524 1144 devicit
550 1106 789 1155 suspicionem
812 1105 985 1153 excludit,
1014 1119 1086 1156 quo
1113 1107 1148 1142 id
1176 1120 1220 1143 ex
1244 1120 1307 1143 usu
1335 1108 1467 1144 latinae
1492 1108 1561 1144 lin-

105 1184 201 1221 guae
236 1172 370 1208 dictum
399 1170 512 1206 uideri
538 1169 663 1218 possit.
716 1168 866 1203 Rectius
899 1168 949 1203 ita
983 1168 1190 1218 interpungi
1217 1169 1364 1218 opinor:
1404 1169 1562 1206 PHAR-

105 1233 295 1271 SALIAE.
313 1232 463 1268 VlCl'r.
505 1232 606 1267 Haec
626 1230 812 1278 hucusque
838 1229 1002 1278 exposita
1029 1241 1177 1267 necesse
1203 1238 1257 1267 est
1283 1231 1446 1281 quemuis
1472 1231 1561 1267 edo-

105 1301 214 1333 ceant
241 1294 288 1331 de
315 1293 517 1344 apographi
542 1291 707 1342 Pigbiani
735 1302 881 1339 magnO,
909 1291 1129 1340 reliquorum
1157 1299 1277 1329 autem
1305 1293 1404 1329 nullo
1431 1293 1561 1343 pretio,

105 1358 172 1395 nisi
199 1358 261 1407 qui
289 1356 397 1392 ualde
422 1355 691 1405 superstitiosus
719 1361 783 1394 ant
817 1353 1034 1402 suspiciosus
1062 1355 1129 1401 sit3
1171 1355 1256 1390 hinc
1281 1355 1388 1404 igitur
1413 1355 1562 1392 iudicari

104 1420 212 1456 iubeo
238 1419 274 1454 in
302 1418 461 1467 reliquis,
488 1429 583 1466 quae
606 1414 792 1462 differunt,
821 1415 901 1463 quis
922 1414 1126 1465 deliquerit,
1154 1417 1183 1453 si
1209 1429 1266 1453 res
1287 1417 1366 1467 ipsa
1388 1430 1563 1467 unquam,

106 1480 205 1531 quod
234 1480 293 1515 uix
320 1479 444 1527 credo,
472 1478 733 1515 dubitationem
762 1477 944 1513 admittat.
997 1478 1090 1514 Cum
1118 1479 1212 1528 prid.
1239 1479 1338 1516 Non.
1364 1479 1476 1516 Febr.
1503 1479 1562 1516 lit-

105 1548 185 1578 tera
211 1541 245 1576 N
275 1541 451 1576 omittitur
477 1552 498 1576 a
518 1540 710 1589 Fogginio,
742 1538 827 1588 quid
855 1539 951 1583 aliud
980 1552 1059 1576 esse
1084 1541 1212 1590 possit,
1241 1553 1350 1591 quam
1377 1542 1470 1578 illius
1497 1554 1563 1578 ne-

106 1603 290 1652 gligentia,
317 1601 464 1651 quando
482 1601 595 1638 Aldus
616 1609 652 1638 et
672 1602 852 1638 Graeuius
880 1614 959 1637 cum
981 1601 1108 1651 Pighio
1135 1603 1273 1639 faciunt
1285 1601 1304 1639 ’.ἶ
1342 1603 1440 1640 ldem
1463 1604 1563 1653 Fog-

107 1665 222 1713 ginius
250 1664 299 1700 lX
319 1662 382 1699 ΚΡ
401 1663 510 1699 Mart.
538 1663 728 1700 Feralibus
755 1663 910 1699 litteram
938 1663 968 1698 F
995 1677 1069 1700 non
1096 1664 1217 1700 addit:
1247 1676 1418 1713 magnum
1445 1666 1483 1702 id
1509 1672 1565 1703 est

107 1724 280 1773 flagitium
317 1726 352 1761 in
390 1737 429 1761 re
464 1726 556 1760 scitu
592 1725 812 1773 dignissima.
880 1726 1052 1762 Tuentur
1090 1726 1187 1762 illam
1226 1726 1382 1763 litteram
1420 1727 1565 1777 reliqui,

107 1785 255 1835 Pighius
281 1786 316 1822 in
344 1787 602 1822 commentario
629 1786 721 1822 adeo
747 1786 922 1823 disertum
950 1789 1194 1824 testimonium
1222 1790 1363 1836 posuit:
1403 1788 1478 1824 dies
1504 1801 1565 1825 sa-

109 1860 190 1885 cros
216 1846 392 1896 quosdam
417 1859 508 1884 suas
534 1846 576 1884 ob
604 1849 765 1884 rationes
789 1847 911 1893 fastos
937 1851 1102 1897 signari,
1138 1854 1180 1885 ut
1210 1850 1280 1884 sint
1311 1851 1452 1898 primae
1476 1852 1566 1888 anni

108 1909 320 1954 Kalendae,
356 1910 524 1955 Feralia,
560 1911 692 1946 Nonae
724 1912 907 1954 Martiae,
946 1909 1073 1959 quibus
1112 1912 1237 1947 Veioai
1273 1923 1342 1947 ara
1378 1911 1566 1948 dedicata:

107 1974 193 2010 item
219 1971 398 2015 Sextiles,
434 1971 560 2020 quibus
586 1971 710 2008 Saluti
736 1973 772 2008 in
802 1971 985 2016 Quirinali
1010 1971 1229 2019 sacrificinm
1253 1972 1434 2021 publicum
1458 1972 1568 2020 fiebat

108 2040 179 2072 etc.
222 2035 301 2070 Hoc
320 2045 365 2070 eo
384 2034 607 2070 commodius
628 2039 788 2080 notatur,
817 2046 897 2069 cum
925 2034 960 2069 in
987 2034 1193 2083 fragmento
1214 2034 1436 2071 Faruesiano
1458 2036 1567 2073 etiem

108 2098 142 2133 ei
167 2096 240 2133 diei
265 2101 354 2132 nota
384 2095 488 2133 desit.
542 2095 684 2132 Eodem
712 2095 819 2131 modo
846 2095 1022 2132 Kalendis
1048 2096 1187 2133 Martiis
1223 2104 1345 2132 notam
1372 2096 1438 2133 NP
1464 2096 1570 2146 Fog-

108 2157 225 2207 ginius
251 2163 289 2193 et
316 2156 474 2194 Orellius
510 2159 622 2208 plane
657 2158 848 2204 omittunt,
886 2163 925 2194 et
951 2158 1146 2207 Fogginius
1183 2158 1312 2195 eodem
1348 2158 1406 2194 die
1442 2171 1488 2194 ne
1521 2159 1570 2196 de

106 2219 210 2257 fastis
233 2218 479 2256 Praenestinis
507 2226 673 2267 constet,
710 2218 855 2266 effecit,
891 2220 975 2269 quia
1002 2221 1036 2256 in
1065 2221 1231 2269 exemplo
1260 2221 1361 2257 radio
1387 2220 1570 2271 descripto

109 2281 192 2330 NP,
218 2281 254 2317 in
282 2282 376 2331 typis
404 2294 589 2331 expresso,
616 2281 714 2331 quod
740 2282 821 2331 plus
844 2282 1065 2318 auctoritatis
1087 2282 1222 2319 babere
1247 2281 1419 2330 debebat,
1443 2282 1482 2318 N
1500 2295 1570 2333 po-

108 2344 194 2392 suit,
222 2356 290 2380 nec
316 2344 509 2393 quicquam
540 2344 691 2380 monuit.
747 2343 949 2380 Credamus
975 2345 1084 2392 igitur
1109 2351 1256 2394 oportet
1282 2344 1429 2393 reliquis
1453 2343 1571 2380 fasto-

108 2418 189 2441 rum
215 2403 321 2441 Maff.
358 2392 628 2442 editoribus‘et
662 2404 778 2454 Pighii
817 2406 934 2441 uerbis
970 2407 1005 2442 in
1043 2407 1324 2444 commentario:
1364 2402 1572 2442 Occurrunt

107 2469 266 2517 primum
292 2466 484 2504 Kalendae
508 2468 675 2504 Martiae
700 2469 793 2503 inter
819 2480 942 2505 omnes
967 2468 1035 2505 hac
1060 2473 1150 2505 nota
1174 2470 1250 2504 NP
1274 2469 1455 2515 insignes,
1484 2469 1572 2516 quia

109 2531 233 2567 Marti
259 2533 293 2565 et
318 2531 454 2566 Iunoni
478 2530 642 2565 Lucinae
666 2528 897 2578 peculiariter
931 2542 1061 2567 sacrae
1091 2534 1201 2578 sunt,
1234 2534 1311 2566 tam
1344 2528 1402 2565 his
1435 2541 1572 2577 quoque

110 2590 346 2629 Matronalia
379 2594 414 2626 et
449 2589 666 2626 anciliorum
700 2589 847 2637 festum.
906 2591 962 2626 Ab
998 2589 1092 2628 Aldo
1127 2590 1228 2640 quod
1261 2590 1366 2627 XllX
1391 2591 1453 2628 ΚΡ
1481 2590 1569 2627 Mai.

110 2650 228 2690 LVDI
253 2653 482 2700 omittuntur,
504 2651 611 2688 facile
637 2652 847 2701 intelligitur
872 2652 909 2689 id
932 2653 1183 2691 auctoritatem
1203 2652 1338 2690 habere
1357 2664 1430 2689 non
1447 2662 1568 2702 posse.
