1685 2954
168 103 277 133 *Lvm
684 103 860 134 CALEND.
891 106 916 134 Ε
945 107 1105 136 MEMBR.

173 208 254 237 Dies
275 202 336 244 effi.
363 207 401 236 E.
433 206 600 237 Matralia.
626 206 768 243 fortune.
792 211 975 240 concordie.
998 218 1087 240 more
1103 213 1196 242 didit.
1221 220 1308 242 mors
1323 213 1439 243 mitum
1462 216 1616 247 collatini.

169 270 261 293 mors
283 265 398 293 crassi.
421 270 452 292 ‘r-
495 265 565 292 dies
588 265 659 292 aler
685 266 715 294 b.
784 261 846 295 III
872 269 919 297 ld.
989 264 1033 296 II
1053 270 1103 299 Id.
1171 271 1251 299 Idus
1274 271 1364 299 Iouis
1390 269 1424 301 C'.
1466 272 1540 308 feei.
1564 275 1615 303 in-

171 323 254 351 uicti
276 322 366 349 Iouis
388 322 420 349 et
442 323 587 350 minerue
610 321 675 351 Er.
715 324 920 359 quinquatria
943 326 1066 355 minora
1088 335 1118 356 r.
1151 328 1297 363 templum
1320 329 1406 356 iouis
1428 327 1561 363 factum.
1592 329 1618 365 f.
1664 343 1667 346 ·

171 379 312 414 palladi-s
334 379 363 406 b.
439 373 587 407 XVIII
607 379 659 408 Kc
683 379 769 409 Inui.
837 375 963 410 XVII
986 383 1050 412 111».
1085 385 1196 413 orum
1219 385 1312 421 frons
1337 386 1425 414 tam-t
1447 385 1484 413 Ε.
1525 387 1619 415 utone

170 437 206 464 in
229 435 337 470 fronte
361 436 457 463 tauri.
498 435 615 471 Incipit
639 438 762 474 tempus
785 439 929 474 nuptiale
951 446 981 467 r.
1050 434 1154 468 XVI
1175 443 1238 471 ΚΡ.
1271 446 1406 478 appui-et
1431 444 1524 471 orion
1547 439 1620 482 [flat

171 493 324 528 zephirus
347 494 463 521 uentus
485 500 551 521 ma.
577 490 662 534 seo]
689 496 759 523 dies
783 491 841 531 esst.
870 497 907 524 E.
985 490 1067 524 XV
1086 498 1151 527 ΚΡ.
1185 501 1290 530 oritur
1314 501 1442 536 delphin
1465 500 1531 528 ΕΙ).
1570 501 1620 530 sol
1663 499 1667 508 ’

171 551 207 578 in
231 557 347 578 cancro
379 552 437 578 rb.
477 552 636 580 dedicatio
661 553 769 588 templi
792 553 931 587 palladis
954 554 987 581 2⁸11
1011 556 1161 583 auente‘no
1191 563 1222 586 r.
1313 551 1354 584 X
1355 552 1442 586 III!
1466 558 1529 586 ΚΡ.
1563 558 1621 586 Sol

166 609 241 636 escit
263 615 284 636 a
306 609 440 644 yeminls
464 609 495 636 et
518 609 700 646 inyredilur
724 616 887 639 cancrum.
919 610 995 646 fest.
1019 612 1161 646 palladis
1183 613 1222 642 Ε.
1268 615 1366 643 Orion
1389 616 1494 644 oritur
1518 615 1620 644 eliuce

169 666 204 693 et
228 666 318 693 celus
340 666 472 693 uidetur
501 673 530 695 r.
621 660 730 693 XIII
752 667 814 695 ΚΡ.
858 667 914 694 Sol
945 668 979 695 in
1012 674 1140 698 cancro.
1166 671 1327 704 ,Palladis
1349 673 1384 700 in
1406 673 1557 700 auentino
1585 671 1620 701 θ.
1672 674 1674 676 ’

171 721 291 757 festum
314 724 439 750 sumam·
463 723 502 751 Ε.
580 717 665 750 XII
688 723 753 750 ΚΡ.
792 724 958 752 Summani
987 723 1048 752 Cb.
1081 728 1187 755 orilur
1211 729 1393 763 esculapius
1416 729 1453 756 E.
1486 730 1619 757 aedica-

168 780 217 808 1ἰο
242 781 349 815 templi
371 781 528 809 summani
551 781 636 808 iouis
666 787 696 808 r.
791 775 854 809 XI
875 781 939 810 ΚΡ.
977 782 1207 817 Serpenturius
1230 787 1335 814 orum·
1361 784 1396 813 C.
1438 787 1622 821 esculapius
1670 800 1672 802 ·

167 838 279 866 vritur
299 839 356 866 rb.
389 839 518 865 cronice
540 844 570 865 r.
640 830 683 864 X
703 838 766 866 ΚΡ.
801 838 981 866 Ossewuldi
1003 841 1091 876 regis
1113 848 1142 869 r.
1217 835 1351 879 VIIII,
1378 836 1439 869 IX
1462 844 1525 872 ΚΡ.
1556 843 1621 880 fla·-
1671 848 1674 854 ’

167 895 290 923 omniu-5
312 896 420 924 uictus
442 895 470 922 E
502 901 592 923 man.
616 901 686 924 sec.
712 896 742 924 b.
784 895 943 924 Inter-itus
965 896 1106 933 fluminei
1129 900 1221 927 ducis
1244 901 1371 927 romani
1392 907 1423 928 r.
1520 894 1624 929 VIII

169 950 235 980 Kl'.
267 951 385 987 fesium
408 953 515 981 uirilis
540 952 672 988 fortune
694 952 732 980 Ε.
768 947 955 982 “801511’1ι·111η
987 956 1014 983 b.
1060 955 1157 990 Sifuae
1179 957 1297 985 uiclus.
1338 957 1494 985 asdrubal
1516 959 1620 986 inter-

167 1008 278 1044 fectus
301 1010 330 1038 E
361 1016 449 1038 man.
474 1016 542 1039 sec.
579 1018 667 1038 mors
691 1011 874 1039 asdrubalis
897 1013 928 1040 el
958 1014 1080 1047 phinee.
1127 1014 1267 1042 victoria
1290 1014 1470 1042 masinisse.
1503 1013 1622 1050 festum

168 1065 302 1103 fortune
325 1074 354 1096 r.
449 1061 528 1094 VII
549 1068 611 1095 ΚΡ.
644 1069 754 1096 Fortis
777 1070 808 1097 et
830 1071 993 1099 Fortunae
1020 1070 1054 1098 C.
1096 1072 1204 1099 oritur
1227 1077 1310 1098 zona
1333 1072 1456 1100 orionis
1479 1072 1508 1099 E
1530 1078 1620 1101 man.
1665 1076 1672 1087 ⁹

172 1130 243 1153 sec.
267 1124 414 1160 templum
437 1124 563 1152 larium.
588 1126 674 1154 iouis
695 1128 830 1155 statoris
852 1134 882 1155 r.
957 1121 993 1155 V
995 1123 1015 1154 I
1030 1128 1094 1156 ΚΡ.
1128 1129 1226 1156 Orion
1250 1129 1395 1163 apparet.
1429 1129 1540 1164 Ayona
1563 1129 1618 1157 in-

171 1181 254 1217 feris
263 1178 309 1218 (2)
337 1182 521 1210 solsticium
542 1181 576 1210 C.
609 1185 715 1212 oritur
737 1192 819 1212 zona
843 1186 964 1213 orionis
984 1185 1011 1212 E
1035 1191 1124 1213 man.
1143 1191 1193 1224 pr.
1218 1187 1247 1214 b.
1283 1185 1465 1214 Solstitium
1480 1185 1508 1213 E
1530 1191 1620 1214 man.
1670 1179 1671 1182 '

168 1245 242 1268 sec.
316 1232 353 1267 V
375 1239 439 1268 ΚΡ.
470 1239 604 1268 Larium
630 1239 663 1268 C.
699 1241 881 1270 solsticium
904 1244 954 1271 est
976 1242 1004 1270 Ε
1029 1249 1118 1271 man.
1144 1249 1194 1281 pr.
1226 1242 1301 1277 fest.
1327 1242 1408 1270 luris
1432 1243 1464 1270 et
1486 1243 1622 1271 statoris

170 1297 236 1326 Eo.
307 1290 397 1324 IIII
417 1296 486 1325 ΚΡ.
516 1296 634 1332 festmn
659 1300 779 1332 quirini
801 1300 865 1327 Er.
907 1300 1055 1334 templum
1078 1301 1205 1333 quirino
1229 1299 1350 1334 factum
1373 1300 1422 1327 est
1446 1300 1476 1329 b.
1555 1293 1621 1327 III

170 1354 235 1383 ΚΡ.
269 1354 378 1382 natale
400 1354 471 1383 iulii
495 1356 618 1382 cesaris
641 1355 679 1383 Ε.
748 1350 791 1383 ΙΙ
814 1357 877 1385 Kl'.
912 1356 987 1392 fest.
1012 1357 1154 1385 herculis
1177 1357 1209 1384 et
1231 1363 1396 1384 musarum
1418 1356 1457 1385 Ε.
1503 1355 1622 1392 festum

168 1412 328 1447 pieridum
350 1413 396 1440 ‘rb
419 1413 452 1440 et
473 1412 615 1440 herculis
639 1413 669 1440 b.

271 1464 390 1501 Multa
425 1463 483 1499 hic
509 1470 594 1501 sunt
629 1465 802 1510 barbara,
837 1466 1012 1514 originem
1044 1471 1165 1501 tamen
1192 1463 1335 1512 ducunt,
1360 1463 1437 1501 sine
1463 1463 1573 1502 dubio
1597 1477 1621 1502 a

171 1527 300 1564 labore
333 1526 555 1574 grammatici
590 1526 737 1563 alicuius
773 1528 906 1563 saeculi
940 1527 1079 1576 quarti,
1116 1526 1175 1562 uel
1201 1526 1338 1575 quinti,
1384 1537 1499 1574 quare
1535 1525 1621 1562 nihil

169 1587 470 1639 supprimendum
497 1589 636 1638 putaui.
690 1588 881 1632 Quaedam
909 1589 1009 1625 omisi
1036 1589 1071 1624 in
1099 1586 1361 1634 describendo,
1388 1598 1484 1636 quae
1510 1587 1620 1636 ipsius

173 1651 302 1686 aetatis
324 1649 434 1685 fidem
461 1650 611 1698 faciunt,
639 1650 723 1699 quia
747 1662 844 1685 nunc
871 1650 1092 1686 commodius
1120 1649 1347 1685 adiiciuntur.
1400 1648 1621 1687 Vaassenius

172 1710 354 1748 animadu.
383 1711 429 1747 ad
455 1711 567 1748 fastos
594 1724 687 1748 saer.
715 1711 821 1748 Rom.
844 1724 883 1760 p.
899 1714 973 1747 288
1001 1711 1201 1756 annotauit,
1230 1709 1392 1758 coepisse
1417 1710 1517 1746 illum
1542 1722 1620 1747 mo·
1664 1704 1666 1734 Ῐ

160 1784 274 1820 rem,
306 1785 413 1822 quem
447 1773 652 1809 calendaria
687 1773 753 1808 ista
779 1779 1003 1822 sequuntur,
1038 1771 1114 1807 dies
1143 1769 1237 1818 prid.
1264 1769 1367 1818 Kal„
1403 1769 1516 1819 Nom,
1551 1771 1620 1820 ld.,

170 1833 322 1872 notandi
354 1833 384 1869 ΙΙ
409 1832 494 1869 Kal.
522 1840 594 1870 etc.
622 1832 821 1869 Theodosii
848 1840 987 1879 aetate,
1024 1833 1059 1869 in
1095 1832 1196 1868 cuius
1231 1832 1382 1868 nouellis
1409 1833 1620 1870 obseruatus

173 1902 243 1933 est.
294 1895 436 1932 Eodem
463 1894 581 1942 ducit,
609 1894 707 1944 quod
733 1895 770 1931 in
797 1894 922 1931 codice
949 1908 970 1931 a
997 1908 1054 1932 me
1080 1906 1229 1931 excusso
1255 1893 1302 1941 E,
1328 1905 1422 1930 saec.
1450 1894 1516 1942 Xl,
1543 1894 1619 1931 die·
1658 1927 1659 1930 ,

172 1958 241 1994 bus
267 1969 312 1994 ex
337 1956 464 1994 ordine
489 1956 738 2006 praefiguntur
772 1956 915 1993 litterae
948 1970 1020 1993 non
1055 1954 1266 1992 nundinales
1303 1961 1444 1991 ueteres
1470 1956 1619 2004 A—H,

171 2017 237 2054 sed
263 2017 486 2066 septimanae
512 2017 725 2054 christianae
753 2019 905 2055 A—G.
957 2018 1119 2054 Hicmos
1139 2022 1332 2066 usurpatus
1353 2024 1420 2072 est,
1449 2023 1489 2053 ut
1513 2017 1619 2054 chro-
1653 2052 1663 2062 ,.

171 2079 296 2128 nologi
321 2079 474 2127 docent,
501 2080 567 2115 sub
594 2079 688 2115 idem
716 2078 914 2116 Theodosii
940 2085 1104 2129 tempus,
1134 2077 1207 2115 uid.
1234 2089 1324 2127 prae
1351 2078 1426 2114 aliis
1453 2079 1619 2129 Scaliger
1654 2098 1663 2128 2

171 2141 219 2178 de
246 2141 388 2177 emend.
411 2148 522 2191 temp.
549 2153 588 2190 p.
603 2141 690 2178 234.
734 2140 792 2176 Ne
820 2153 906 2177 uero
933 2141 1045 2176 multo
1071 2140 1262 2177 recentiori
1289 2140 1444 2188 tempori
1472 2140 1618 2177 tabulae

171 2209 319 2239 nostrae
346 2203 519 2252 originem
547 2203 725 2251 assignes,
755 2208 878 2238 monet
903 2202 1109 2251 superstitio
1135 2201 1273 2239 dierum
1299 2202 1618 2250 Aegyptiacorum,
1644 2225 1647 2228 »

170 2265 234 2313 qui
260 2264 383 2301 iisdem
410 2266 445 2300 in
472 2265 558 2300 locis
583 2264 618 2300 111
644 2270 763 2299 nostro
785 2263 988 2300 calendario
1009 2271 1044 2300 et
1066 2264 1101 2299 in
1121 2263 1386 2310 Herwartiano,
1413 2263 1490 2300 siue
1507 2263 1617 2299 Lam·
1642 2283 1646 2291 =

172 2327 349 2373 beciano,
385 2326 431 2363 de
463 2338 535 2375 quo
569 2325 652 2362 uide
682 2326 853 2362 Vaassen.
881 2324 999 2375 praes.
1035 2337 1071 2375 p.
1091 2337 1199 2369 xxv,
1235 2330 1419 2361 notantur.
1482 2323 1540 2360 De
1573 2335 1618 2360 ea

171 2388 426 2437 superstitione
452 2387 536 2424 uide
562 2387 652 2423 duos
674 2387 848 2423 Ambrosii
869 2393 905 2423 et
927 2387 1114 2436 Augustini
1138 2387 1237 2423 locos
1264 2387 1502 2422 illustrantem
1527 2396 1617 2422 eun-

173 2448 256 2486 dem
283 2449 517 2487 Vaassenium
548 2448 729 2485 animadu.
756 2450 832 2498 p.7
852 2448 898 2484 ad
920 2451 967 2484 10
1001 2459 1125 2498 usque.
1167 2446 1376 2484 Confecerit
1401 2446 1512 2496 igitur
1537 2459 1619 2483 eam

174 2511 334 2547 tabulam
360 2511 515 2560 primum
543 2511 794 2559 grammaticus
823 2510 973 2560 aliquis,
1000 2510 1220 2547 Christianus
1247 2508 1426 2555 fortasse,
1451 2507 1514 2545 sed
1540 2508 1638 2545 eius.

172 2579 297 2621 notae,
321 2570 625 2622 quemadmodum
644 2572 892 2609 Tertullianus
919 2571 965 2608 de
989 2571 1130 2607 idolatr.
1160 2582 1196 2620 p.
1210 2571 1286 2606 620
1306 2569 1364 2606 ed.
1382 2569 1496 2609 Paris.
1518 2570 1618 2606 1580
1642 2619 1643 2622 Ἰ

172 2633 284 2671 dixit:
324 2632 573 2680 Quaerendum
599 2639 719 2670 autem
746 2639 799 2671 cst
826 2633 868 2670 de
893 2633 1176 2681 ludimagistris,
1210 2631 1272 2668 sed
1297 2636 1331 2669 el
1356 2633 1506 2669 caeteris
1527 2622 1664 2684 pro-'25¹1'

173 2693 373 2741 sessoribus
402 2694 621 2742 litterarum
654 2697 765 2734 immo
801 2707 873 2734 non
899 2693 1132 2732 dubitandum
1157 2691 1291 2741 aflines
1325 2705 1401 2731 csso
1433 2690 1616 2732 111111ιί100-
1639 2685 1650 2737 ἶ’
