1685 2954
555 91 659 121 me.
692 88 938 124 Qvnnrvs
1402 68 1479 111 175

97 196 241 250 Exigit
267 195 357 248 ipse
386 195 514 244 locuS,
543 197 684 244 raptus
715 195 761 229 ut
791 188 959 240 uirginis
988 186 1127 227 edam:

153 265 599 315 Plurarecognosces.
648 269 781 310 pauca
810 255 1022 296 doeendus
1058 254 1150 294 eris.

101 334 226 372 Terra
256 329 382 369 tribus
410 327 592 379 scopulis
623 332 785 365 uastum
816 322 1013 374 procurrit
1043 323 1081 361 in
1111 333 1263 374 aequor

157 394 371 445 Trinacris.
401 406 426 433 a
455 393 590 445 positu
620 405 766 431 nomeu
797 391 948 442 adepta
977 390 1068 441 loci,
1407 388 1486 426 420

102 466 233 507 Grata
261 462 403 502 domus
433 461 584 501 Cereri.
622 459 770 499 multas
800 470 851 497 ea
880 457 1066 510 possidet
1096 457 1230 509 urbeS,

157 534 201 571 111
231 530 376 583 quibus
409 534 475 568 est
505 529 614 567 culto
644 525 788 567 fertilis
818 527 967 566 Henna
996 525 1095 565 solo.

103 597 269 651 Frigida
297 595 524 636 caelestum
553 601 706 635 matres
734 594 941 634 Arethusa
969 597 1149 644 uocarat,

159 665 341 704 Venerat
369 663 420 703 ad
448 675 591 704 sacras
620 669 662 703 et
691 663 769 703 dea
799 663 906 701 flaua
934 660 1075 713 dapes.

105 732 210 773 Filia
238 732 461 783 consuetis,
491 737 538 770 ut
568 735 668 781 erat,
699 730 894 769 comitata
919 729 1065 781 puellis
1416 725 1495 762 425

159 800 330 839 Errabat
360 799 468 838 nudo
494 811 566 851 per
595 810 672 837 sua
700 803 817 849 prata
843 796 963 849 pede.

108 866 229 906 Valle
257 866 333 905 sub
362 867 553 906 umbrosa
580 865 696 904 locus
726 870 792 904 cst
820 863 1038 916 aspergine
1067 860 1194 902 multa

167 932 330 973 Vuidus
360 947 413 973 ex
442 934 524 973 alto
554 931 781 972 desilientis
810 942 954 984 aquae.

113 1002 195 1041 Tot
223 1001 384 1041 fuerant
412 999 505 1051 illic,
534 1004 632 1051 quot
661 999 785 1038 habet
813 1003 956 1037 natura
985 997 1155 1049 colores,

170 1069 371 1120 Pictaque
401 1066 584 1108 dissimili
612 1065 710 1105 flore
740 1066 896 1105 nitebat
922 1065 1082 1104 humus.
1424 1063 1505 1102 430

115 1135 248 1187 Quam
276 1134 394 1173 simul
423 1134 599 1185 aspexit,
629 1134 802 1173 comites
830 1131 1031 1185 accedite,
1059 1131 1175 1183 dixit,

170 1203 227 1242 Et
255 1212 415 1240 mecum
443 1200 587 1252 plenos
616 1200 713 1240 flore
742 1201 889 1240 referte
918 1201 1044 1240 sinus.

60 1309 83 1346 9
100 1296 183 1333 duo.
223 1305 484 1343 recognoscens
504 1290 654 1340 ΒΦῙό
674 1305 740 1330 sex
754 1298 787 1330 et
802 1293 880 1330 edd.
897 1305 991 1330 saec.
1007 1305 1083 1330 xv.
1115 1291 1235 1330 Gloss.
1263 1289 1388 1342 Plura]
1416 1303 1512 1341 quae

63 1349 100 1384 iu
128 1347 203 1382 aliis
230 1345 317 1382 loeis
344 1345 428 1380 dixi.
459 1347 503 1381 Ε.
544 1345 592 1388 Q.
612 1343 648 1379 d.
667 1344 827 1380 fabulam
855 1344 948 1380 hanc
973 1345 1080 1381 etiam
1107 1344 1143 1380 in
1172 1343 1512 1392 metamorphoseon

65 1397 171 1434 retuli
197 1401 233 1432 et
258 1395 341 1431 ideo
366 1395 477 1430 multa
506 1395 563 1430 hic
589 1407 708 1442 recog.
739 1395 776 1430 .i.
804 1395 974 1430 memorie
1000 1395 1163 1431 reduces.
1207 1393 1270 1430 scl‘
1291 1394 1514 1444 quae-prius

65 1447 208 1485 audisti.
238 1448 287 1482 D.
391 1446 476 1480 419.
504 1445 622 1480 Terra
650 1446 778 1494 quibus
804 1444 834 1491 f.
875 1452 965 1481 uast.
986 1444 1171 1481 descendit
1197 1444 1284 1489 d·no;
1309 1455 1511 1491 puar.scr.

66 1497 268 1548 praecurrit
299 1496 330 1532 0
358 1494 440 1532 dato.
481 1496 684 1544 procumbit
710 1507 894 1544 mmmpr.
922 1495 1003 1533 duo.
1042 1496 1078 1531 in
1105 1507 1241 1544 aequos
1266 1493 1490 1542 Ilfmtmpr.

118 1549 206 1583 420.
233 1547 400 1582 Tinacris
426 1548 470 1582 E.
512 1547 580 1582 Tr.
603 1546 732 1595 apositi
756 1549 800 1583 P.
842 1547 910 1583 Tr.
932 1547 1137 1596 appositum
1155 1543 1225 1582 As
1245 1550 1413 1594 quatuor.
1448 1556 1515 1593 ap-

99 1597 191 1633 ositu
219 1594 366 1645 Fsmp
383 1595 557 1632 undecim.
597 1598 766 1645 oppositu
787 1596 869 1633 duo.
910 1597 1081 1646 adempta
1100 1598 1152 1632 N.
1194 1596 1294 1632 locus
1319 1595 1356 1632 h.
1395 1595 1518 1632 locent

108 1658 182 1683 ma.
196 1657 253 1694 pr.
358 1648 446 1682 421.
473 1646 583 1682 Certa
611 1647 707 1682 dom.
728 1659 759 1683 rr.
801 1648 931 1683 cereris
950 1650 1000 1683 D.
1045 1648 1175 1683 multas
1196 1646 1264 1682 dea
1286 1657 1382 1695 poss·
1406 1643 1449 1682 Ψ
1456 1650 1515 1680 11.

74 1697 177 1734 mult.
204 1696 252 1732 ibi
277 1708 374 1745 poss.
403 1698 512 1732 221.
555 1696 656 1732 mult.
687 1709 781 1745 quae
808 1710 904 1745 poss.
923 1709 1030 1734 tutus.
1071 1697 1193 1734 Gloss.
1210 1699 1265 1733 D.-
1290 1695 1346 1744 ea]
1375 1695 1517 1732 domus.

125 1748 214 1782 422.
243 1753 299 1782 est
325 1746 420 1781 celso
446 1749 482 1781 2.
523 1752 577 1781 est
603 1746 701 1781 cultu
733 1748 943 1783 Ommscr.
983 1750 1057 1791 Sic,
1083 1747 1218 1792 henna,
1245 1748 1399 1782 61433.
1433 1746 1520 1784 fert.

76 1796 191 1833 hensa
215 1795 265 1833 A.
311 1795 394 1832 fert.
423 1795 532 1831 ethna
551 1795 618 1841 111⁶.
633 1793 1522 1842 BDEFGOEFAMNOPHWAEbem

77 1859 130 1885 rs
146 1859 220 1884 nia.
238 1858 295 1896 pr.
313 1851 328 1882 t
353 1848 505 1894 triginta
528 1857 636 1882 tinus.
684 1846 768 1882 fert.
793 1858 909 1883 aenna
933 1847 1020 1884 Ald.
1042 1849 1150 1897 prim.
1195 1847 1280 1883 fert.
1307 1854 1416 1884 aetna
1441 1846 1520 1883 edd.

80 1909 177 1934 saec.
197 1909 274 1933 xv.
312 1896 397 1932 fert.
424 1896 556 1931 aethna
588 1897 625 1932 G.
663 1895 748 1932 fert.
775 1903 883 1933 oetna
907 1910 944 1947 p.
985 1911 1078 1934 enna
1103 1900 1165 1947 qui
1188 1902 1340 1942 restant,
1367 1897 1433 1934 hoc
1457 1901 1522 1941 est,

79 1959 104 1995 9
123 1959 197 1984 ma.
214 1958 283 1983 sec.
302 1948 358 1992 (in
376 1943 493 1992 ras.?)
507 1945 529 1982 h
539 1947 588 1981 44
613 1945 762 1995 aliquot.
809 1948 916 1984 ethna
943 1949 1021 1984 loco
1052 1946 1104 1985 Φ.
1157 1948 1266 1984 ethna
1293 1960 1358 1985 suo
1388 1949 1420 1986 0
1439 1959 1523 1984 ufar.

81 2009 154 2034 scr.
258 1999 346 2033 423.
373 1997 543 2032 caelestes
567 2004 672 2034 matr.
702 2000 818 2034 Ema.
830 2010 897 2034 sec.
914 1996 954 2034 ‹1›
974 1999 1055 2036 dno.
1105 2005 1255 2035 matrem
1282 1995 1339 2035 ΙΙ.
1381 2005 1526 2045 aretusa

82 2045 178 2084 ΕΓ.
227 2053 375 2083 uocaret
399 2047 448 2083 A.
560 2048 648 2082 424.
683 2048 728 2083 ad
761 2053 795 2084 et
827 2049 938 2098 dapes
967 2051 1005 2086 in
1030 2062 1110 2086 ras.
1134 2062 1182 2086 m.
1227 2061 1348 2085 sacros
1374 2045 1423 2085 Γ.

136 2096 225 2134 425.
252 2097 436 2133 comittata
463 2099 526 2150 Ε.ι
612 2099 698 2135 426.
733 2110 799 2145 per
823 2099 902 2135 loca
928 2112 1066 2136 summa
1092 2100 1187 2149 pede
1213 2102 1263 2136 M
1276 2111 1360 2136 aar.
1379 2111 1450 2136 scr.

135 2150 223 2185 427.
251 2148 367 2184 umbr.
394 2148 493 2183 lacus
518 2146 570 2184 Ψ.
611 2155 667 2184 est
691 2161 759 2185 om.
785 2150 822 2185 G.
865 2151 1056 2198 aspargine
1078 2148 1159 2187 GP.
1262 2152 1349 2186 428.
1376 2149 1530 2187 Vmidus

83 2210 117 2236 r.
162 2198 341 2234 Humidus
367 2197 434 2243 ΠΤ.
446 2199 557 2234 BGD
569 2201 601 2235 E
614 2196 1197 2237 GOEFANOPHWAETb
1207 2200 1255 2248 sy
1266 2200 1531 2250 ma.sec.hmp

86 2251 134 2285 13
145 2250 194 2284 40
204 2250 250 2284 41
269 2249 398 2296 uiginti
415 2252 560 2297 septem.
601 2260 645 2284 ex
670 2249 745 2285 altd
770 2249 837 2296 Ilf.
854 2263 1009 2300 nra-pr„
1037 2253 1109 2288 alta
1135 2263 1205 2288 ma.
1216 2263 1285 2288 sec.
1325 2251 1532 2288 dissilientis

87 2297 184 2346 Ass
202 2309 280 2335 sex.
382 2300 470 2334 429.
507 2299 584 2334 'ror
610 2299 741 2335 florent
765 2301 836 2336 illie
862 2304 958 2338 433.
1004 2302 1074 2338 illic
1100 2301 1198 2351 quod
1224 2303 1273 2338 D.
1320 2301 1394 2338 illic
1420 2307 1533 2351 quot-

89 2355 179 2398 quot
204 2356 331 2385 natura
356 2352 383 2384 t.
429 2349 500 2384 illic
525 2357 703 2398 quotquot
729 2350 838 2387 hahet
863 2351 976 2389 herba
1003 2353 1071 2388 col.
1099 2352 1182 2389 dato.
1291 2351 1378 2388 430.
1410 2352 1533 2388 Dura-

91 2411 163 2448 que
182 2398 265 2436 diss.
286 2401 320 2436 E
329 2411 402 2436 ma.
412 2411 470 2447 pr.
509 2399 599 2435 flore
624 2400 764 2437 ridebat
782 2403 844 2437 29.
883 2402 973 2439 flore
991 2403 1129 2439 uirebat
1141 2404 1203 2439 49.
1306 2404 1393 2439 431.
1421 2401 1535 2446 Quod

93 2449 170 2486 sim.
196 2452 231 2486 E
254 2449 336 2486 duo.
391 2450 494 2492 Quos
525 2450 603 2485 sim.
632 2451 687 2496 N3
713 2448 983 2490 HAuar.scr.
1030 2453 1133 2496 Quas
1164 2455 1207 2490 Τ.
1254 2453 1375 2497 Quem
1400 2452 1533 2490 hsma.

94 2509 162 2535 sec.
179 2504 344 2547 quatuor.
385 2499 492 2543 Quae
511 2502 572 2536 20.
610 2501 720 2537 semel
747 2514 824 2551 asp.
839 2504 889 2539 A.
992 2504 1078 2539 432.
1105 2503 1153 2540 Et
1178 2504 1304 2553 plenos
1331 2516 1471 2540 mecum
1498 2514 1536 2552 p.

96 2559 234 2584 mecum
260 2549 347 2586 dixit
371 2551 428 2595 A;
453 2549 519 2595 Ilf.
539 2562 653 2598 snpra
671 2550 815 2588 lineam.
863 2565 1003 2590 mecum
1029 2560 1168 2590 uestros
1192 2554 1230 2592 fl.
1259 2551 1386 2591 ΡΦΓ
1390 2550 1537 2591 MNO

99 2594 355 2647 PHAEbfy
365 2601 477 2637 r836
490 2602 594 2636 1422
605 2602 652 2636 35
672 2601 846 2639 undecim.
884 2604 973 2640 flore
990 2604 1129 2653 replete
1145 2600 1263 2642 ΓΔὸ
1275 2607 1379 2642 1422
1389 2605 1438 2643 35
1448 2603 1537 2649 duo3

104 2647 353 2686 GMuar.scr.
393 2650 533 2688 Etnaeo
560 2658 701 2688 nostros
727 2651 817 2691 flore
843 2654 984 2703 replete
1008 2655 1106 2692 sinus
1130 2666 1238 2693 emus.
