1685 2954
549 102 605 131 DE
635 102 817 131 AEDIBVS
848 100 992 130 SACRls
1359 98 1510 128 cxxvu

0 224 4 248 Ι
66 209 225 242 tructum
244 209 331 241 tuno
354 200 478 250 fuerit,
504 212 586 237 cum
608 213 715 238 nemo
741 199 931 248 resectum,
957 198 1015 238 uel
1042 199 1246 237 restitutum
1269 203 1412 236 tantum
1434 204 1511 237 tra-

64 266 144 314 dat,
171 265 390 316 supersedeo
416 274 592 313 quaerere
601 276 612 307 3
641 261 794 299 Ouidius
822 274 930 311 quem
956 262 1075 299 locum
1103 263 1180 299 eius
1206 262 1361 309 nouerit,
1387 262 1511 299 scien-

65 328 152 365 dum
180 336 246 366 est.
297 328 355 363 De
380 338 453 376 quo
480 336 569 361 sane
603 323 765 360 nonnihil
799 322 1032 360 dubitationis
1067 324 1281 374 relinquitur
1305 335 1351 361 ex
1377 335 1512 360 monu-

65 391 176 427 menti
195 388 371 437 Ancyrani
396 387 538 423 uerbis:
566 385 755 422 basilicam
779 384 941 431 (luliam)
967 397 1058 433 quae
1080 384 1155 432 suit
1178 389 1272 424 inter
1294 385 1416 423 aedem
1437 385 1512 422 Ga-

64 454 176 489 storis
198 455 233 488 et
258 449 378 487 aedem
404 450 570 486 Saturni.
626 448 721 484 Nam
749 459 829 484 cum
856 446 1006 483 Saturni
1033 448 1207 497 templum
1241 454 1278 485 et
1302 447 1392 484 Iulia
1418 447 1513 484 basi-

63 514 134 550 lica
160 512 220 549 ubi
245 511 401 557 suerint,
437 515 605 546 accurate
629 515 791 553 constet,
827 508 1034 558 quaeritur,
1072 522 1156 546 num
1182 510 1345 560 proxime
1369 511 1466 546 hanc
1490 519 1515 547 a

64 575 178 612 latere
204 571 356 620 dextro,
393 583 439 607 an
473 572 591 622 spatio
619 572 738 620 aliquo
764 570 988 618 intermisso,
1030 584 1102 608 non
1137 573 1275 609 maiore
1305 577 1427 608 tamen
1453 582 1515 619 eo,

64 647 172 686 quam
199 639 376 684 quantum
402 633 497 670 inter
524 634 704 670 basilicam
732 639 769 678 et
794 633 944 669 Saturni
975 632 1103 670 aedem
1137 631 1350 680 intercedit,
1384 631 1516 669 Casto-

62 709 143 733 rum
169 695 343 745 templum
370 696 417 732 sit
443 695 736 745 intelligendum:
765 702 803 732 et
830 702 949 731 utrum
975 695 1096 732 forum
1123 696 1240 746 ipsum
1265 694 1441 743 attigerit,
1466 705 1514 731 an

62 759 149 809 quia
168 758 375 806 longissima
400 757 469 795 fuit
489 759 649 805 basilica,
676 758 900 807 aliquantum
920 759 1110 794 recesserit
1136 770 1158 794 a
1182 757 1277 794 foro.
1318 755 1377 792 De
1402 755 1515 805 priori

64 821 132 857 isto
167 819 372 857 discrimine
406 819 572 857 conferes
608 832 704 870 quae
734 820 884 856 Bunsen
917 819 985 857 uir.
1021 820 1073 856 ill.
1109 819 1251 855 diuersa
1287 818 1439 867 protulit
1475 817 1513 854 in

66 882 156 919 bull.
177 880 276 918 1835
302 887 340 918 et
368 882 405 918 in
434 893 519 918 ann.
542 883 662 929 18363
697 878 935 931 posteriorem
960 881 996 917 in
1023 881 1169 918 modum
1196 878 1386 916 discedunt
1411 878 1515 914 Bun-

65 956 130 982 sen
157 950 194 982 et
221 943 375 981 Canina.
426 942 670 980 Prominuisse
695 944 730 978 in
756 942 876 978 forum
902 941 990 979 dicit
1014 941 1228 989 Ambrosch,
1255 940 1363 978 Stud.
1389 954 1428 991 p.
1450 941 1514 980 97.

164 1005 226 1042 ΚΡ
254 1005 364 1042 Febr.
399 1006 628 1054 templum
654 1005 852 1041 Iunonis
879 1004 1108 1055 Sospitae
1143 1004 1350 1041 dedicatum
1384 1003 1516 1040 dicitur

64 1079 138 1104 non
164 1067 274 1115 louge
300 1067 347 1103 ab
373 1067 465 1103 aede
489 1066 618 1103 Matris
644 1067 821 1115 Magnaez
855 1066 925 1103 fuit
950 1079 1037 1115 ergo
1073 1066 1108 1102 in
1135 1065 1301 1103 Palatino
1327 1071 1452 1103 monte
1478 1071 1516 1103 et

64 1129 246 1166 diuersum
272 1127 319 1164 ab
346 1127 462 1163 altero
488 1128 524 1164 in
544 1128 625 1164 foro
644 1128 800 1176 olitorio,
828 1127 874 1165 de
900 1141 973 1178 quo
1001 1127 1074 1164 uid.
1096 1127 1286 1164 Sachsium
1310 1131 1345 1176 l,
1369 1141 1408 1178 p.
1425 1129 1514 1164 429.

64 1191 297 1238 Quamquam
332 1188 493 1238 intelligo
529 1202 626 1226 nunc
660 1190 882 1227 Bunsenium
921 1191 957 1227 in
992 1189 1168 1226 addendis
1204 1195 1233 1228 t.
1258 1193 1294 1232 3,
1322 1193 1360 1238 1,
1386 1202 1424 1239 p.
1440 1191 1517 1227 664

64 1251 309 1288 coniecturam
343 1251 510 1300 posuisse
543 1251 745 1302 speciosam
779 1251 827 1289 de
858 1252 996 1302 templo
1022 1251 1180 1301 Magnae
1204 1251 1331 1289 Matris
1365 1252 1402 1288 in
1434 1251 1517 1289 foro

64 1313 219 1350 olitorio.

164 1373 320 1413 Fauni
346 1374 574 1424 templum
599 1381 903 1413 commemoratur
931 1387 954 1412 a
979 1373 1151 1412 Vitruuio
1177 1377 1215 1422 3,
1245 1378 1280 1412 1.
1333 1375 1515 1425 Tempus,

64 1449 138 1488 quo
163 1436 323 1473 locatum
349 1442 387 1472 et
412 1435 619 1474 dedicatum
646 1444 714 1485 est,
740 1437 867 1475 Liuius
894 1437 1006 1474 tradit
1031 1438 1094 1485 34,
1109 1437 1172 1474 53.
1224 1436 1364 1473 Locum
1389 1438 1424 1474 in
1453 1450 1516 1474 ca-

64 1498 140 1549 pite
165 1498 305 1535 insulae
331 1497 429 1534 clare
454 1497 619 1547 designat
645 1499 810 1537 Ouidius.
871 1499 1089 1536 Marlianum
1116 1500 1176 1536 lib.
1193 1499 1232 1546 5,
1259 1511 1292 1535 c.
1309 1502 1358 1537 16
1383 1513 1421 1550 p.
1437 1502 1517 1537 246

65 1561 124 1598 ed.
151 1561 290 1598 Graeu.
322 1559 398 1596 eius
426 1561 573 1609 uestigia
599 1562 777 1610 quaedam
805 1574 872 1598 suo
898 1567 1065 1611 tempore
1091 1561 1190 1598 cerni
1217 1561 1379 1611 potuisse
1406 1561 1516 1599 uideo

65 1620 261 1658 affirmare.
319 1620 361 1658 Id
395 1628 517 1659 tamen
552 1623 795 1660 testimonium
830 1624 910 1661 iure
944 1623 1099 1660 sortasse
1135 1622 1372 1673 neglexerunt
1404 1628 1518 1674 topo-

65 1682 206 1732 graphi.

167 1743 413 1792 Templum
441 1745 634 1782 Iunonis
661 1746 876 1783 Lucinae
909 1758 981 1796 quo
1016 1747 1097 1784 loco
1132 1753 1170 1784 et
1195 1746 1342 1797 quando
1367 1746 1519 1784 dedica·

67 1811 144 1842 tum
169 1803 303 1851 fuerit,
339 1805 539 1853 quaeritur.
589 1806 728 1842 Locum
756 1808 937 1857 Esquilias
963 1810 1150 1844 nominant
1176 1809 1325 1845 Verrius
1351 1809 1387 1845 in
1414 1808 1516 1846 fastis

66 1866 199 1902 Praen.
227 1872 264 1902 et
291 1864 457 1903 Ouidius.
509 1864 549 1902 Si
586 1869 812 1904 accuratiora
848 1867 1054 1917 desideras,
1091 1881 1182 1906 caue
1209 1869 1332 1907 Ouidii
1369 1882 1517 1908 uersum

65 1928 142 1965 245
165 1939 247 1963 cum
273 1927 591 1977 interpolatoribus
616 1927 711 1966 Italis
738 1930 892 1979 accipias
918 1929 965 1967 de
990 1929 1099 1967 domo
1125 1930 1244 1967 Seruii
1261 1931 1386 1969 Tullii.
1431 1935 1518 1969 Ea·-

67 1988 193 2025 cubiae
216 1990 311 2037 regis
337 2001 427 2038 quas
453 1989 561 2025 etiam
587 1989 706 2027 Varro
733 1991 819 2028 dicit
847 1991 893 2028 de
918 1991 945 2028 l.
972 1992 996 2029 l.
1025 1993 1064 2040 5,
1083 1993 1157 2040 49,
1181 1993 1264 2030 illae
1288 1999 1398 2039 sunt,
1425 2006 1518 2044 quas

65 2062 89 2088 a
108 2051 251 2087 Collina
277 2049 326 2086 ad
344 2050 566 2099 Esquilinam
594 2064 708 2102 usque
732 2060 875 2105 pportam
895 2053 1078 2091 Strabone
1103 2060 1196 2091 teste
1221 2054 1245 2091 l.
1260 2056 1299 2103 5,
1326 2067 1358 2092 c.
1373 2059 1412 2104 3,
1439 2058 1461 2102 §
1476 2058 1518 2105 7,

65 2124 105 2162 p.
121 2112 197 2154 314
223 2111 309 2148 Cor.
335 2110 486 2148 Seruius
502 2112 660 2162 Tullius,
686 2114 803 2151 Plinio
829 2128 866 2152 n.
886 2115 923 2153 h.
945 2118 983 2164 3,
1011 2117 1097 2162 §67
1122 2116 1272 2166 aliisque
1293 2118 1518 2167 Tarquinius

64 2173 256 2224 Superbus
291 2174 387 2222 egit,
418 2186 582 2224 quasque
616 2175 780 2224 designat
813 2177 945 2214 Festus
971 2190 1010 2227 p.
1030 2179 1117 2224 117,
1139 2180 1199 2214 10.
1260 2179 1300 2215 ln
1326 2179 1518 2229 Esquilino

66 2235 159 2273 colle
184 2247 288 2272 mons
315 2235 492 2286 Cespius,
517 2236 624 2273 Varr.
647 2240 669 2284 §
689 2239 754 2286 50,
783 2239 819 2275 in
847 2240 982 2289 Cespio
1008 2246 1132 2276 monte
1157 2240 1185 2276 is
1212 2240 1334 2288 locus,
1360 2241 1422 2277 ubi
1448 2240 1517 2277 ho-

65 2294 125 2333 die
149 2295 260 2333 aedes
284 2296 424 2334 Mariae
449 2298 596 2335 Maioris
621 2306 699 2347 est,
735 2300 862 2338 aedem
896 2302 1041 2338 Iunonis
1074 2301 1169 2338 hanc
1195 2301 1320 2338 habuit
1354 2313 1400 2339 ex
1430 2315 1518 2340 sen-

67 2358 179 2394 tentia
205 2359 530 2408 topographorum,
559 2360 633 2397 uid.
661 2361 789 2399 Sachs.
814 2367 852 2411 1,
879 2377 918 2413 p.
935 2365 1021 2408 476,
1048 2363 1234 2412 Nibbyum
1261 2363 1308 2400 ad
1332 2363 1450 2403 Nard.
1474 2369 1517 2414 2,

68 2429 106 2467 p.
119 2421 188 2456 36:
215 2421 277 2469 qui
302 2432 398 2470 quae
424 2428 528 2459 notat
552 2422 599 2460 de
624 2425 831 2472 pauimento
850 2425 894 2462 de
911 2426 1070 2462 mosa-ico
1090 2424 1216 2463 bianco
1239 2437 1259 2462 e
1281 2437 1368 2464 nero
1393 2439 1419 2464 a
1441 2425 1518 2474 fio--

67 2482 179 2526 rami,
217 2481 279 2519 che
302 2485 336 2519 si
361 2484 466 2520 trono
490 2484 572 2521 nell’
598 2487 802 2523 mistam—are
826 2486 867 2524 la
894 2486 1057 2524 Basilica
1083 2487 1137 2532 (di
1163 2488 1281 2524 Maria
1308 2488 1519 2539 Maggiore)

68 2551 131 2586 per
154 2542 278 2580 ordine
303 2543 340 2582 di
367 2545 558 2584 Benedetto
583 2545 681 2592 XIV,
714 2559 811 2584 anno
841 2551 961 2598 1748,
988 2554 1030 2586 ut
1057 2548 1157 2585 addit
1182 2549 1368 2599 Fogginus
1394 2563 1433 2601 p.
1448 2555 1517 2600 21,

69 2600 180 2636 miror
212 2615 236 2640 a
269 2607 413 2645 nemine
445 2607 842 2647 dum-accommodata
874 2623 954 2648 esse
986 2610 1034 2648 ad
1061 2609 1185 2649 Ouidii
1211 2613 1324 2649 uerba
1350 2616 1389 2662 3,
1416 2613 1516 2650 254:

71 2663 174 2699 Ferte
197 2663 282 2703 deae
305 2665 427 2719 tiores,
449 2670 586 2720 gaudet
610 2669 819 2718 florentibus
842 2671 971 2711 herbis.
1023 2672 1082 2711 De
1106 2678 1272 2725 tempore
1298 2686 1372 2711 non
1398 2673 1520 2711 multo
