1685 2954
137 43 216 87 186
602 39 607 44 ⁸
692 62 1005 93 FASTORVM
1610 0 1643 198 U

244 158 497 200 Praeteritus
526 159 666 202 Cereri
694 163 828 203 nullus
857 163 899 203 in
929 164 1026 204 orbe
1055 165 1182 206 locus.

190 226 310 266 Errat
340 233 383 266 et
412 227 453 267 in
483 229 611 281 caelo,
640 228 859 283 liquidique
889 232 1078 272 immunia
1107 234 1219 285 ponti
1491 239 1569 275 575
1620 199 1629 287 i

245 293 472 347 Alloquitur
499 296 635 350 gelido
662 298 843 349 proxima
871 300 994 353 signa
1021 301 1135 353 polo:

189 361 456 402 Parrhasides
485 364 641 422 stellae.
677 377 853 419 namque
883 368 1015 408 omnia
1044 381 1170 409 nosse
1199 367 1389 421 potestis,

241 429 482 481 Aequoreas
511 444 730 485 numquam
761 446 853 474 cum
882 435 1066 476 subeatis
1096 448 1245 489 aquas:
1651 423 1654 468 Ῑ

186 496 477 549 Persephonen
504 505 641 538 natam
669 498 844 541 miserae
873 508 1097 544 monstrate
1125 501 1296 556 parenti.

242 564 422 605 Dixerat.
460 565 554 606 huic
583 567 728 608 Helice
757 567 856 608 talia
884 570 1008 609 uerba
1036 570 1180 610 refert-z
1490 573 1570 609 580
1640 613 1641 623 ἵ

188 630 367 673 Crimine
395 644 477 672 uox
505 645 636 673 uacua
662 640 751 674 est:
782 635 924 675 Solem
952 635 1004 676 de
1033 636 1191 690 uirgine
1218 643 1333 690 rapta

242 700 436 751 Consule,
465 700 533 752 qui
561 701 645 740 late
673 701 784 741 facta
813 701 953 742 diurna
980 702 1104 744 uidet.

186 767 259 807 Sol
287 766 433 819 aditus,
463 779 583 820 quam
613 769 788 821 quaeris,
818 767 888 820 ait,
918 783 970 810 ne
999 782 1106 810 uana
1134 772 1312 826 labores,

240 835 383 888 Nupta
411 836 519 875 Iouis
546 833 659 876 fratri
688 835 808 877 tertia
835 849 965 890 regna
994 844 1123 880 tenet.

184 900 346 953 Questa
374 902 443 943 diu
467 904 703 949 seeum,sie
732 910 798 944 est
826 904 954 946 affata
981 911 1204 959 tonantem,
1492 908 1572 945 585

241 970 506 1023 Maximaque
535 972 575 1011 in
601 972 715 1012 uoltu
743 971 864 1026 signa
890 972 1066 1014 dolentis
1094 981 1227 1015 erant:

187 1037 234 1078 Si
262 1050 414 1078 memor
443 1051 503 1090 eS,
533 1038 585 1078 de
615 1051 694 1092 quo
723 1038 820 1080 mihi
847 1041 903 1081 sit
928 1040 1174 1095 Proserpina
1202 1047 1312 1094 nata,

240 1104 459 1146 Dimidium
489 1118 611 1146 curae
641 1106 767 1147 debet
793 1108 944 1147 habere
973 1114 1082 1150 tuae.

185 1172 296 1213 Orbe
323 1179 531 1226 pererrato
560 1174 648 1214 sola
678 1181 745 1215 est
771 1174 914 1216 iniuria
942 1176 1039 1216 facti

244 1241 436 1295 Cognita.
473 1241 682 1282 commissi
709 1241 890 1295 praemia
920 1248 1057 1296 raptor
1083 1243 1220 1283 habet.
1495 1244 1574 1280 590

184 1309 244 1350 At
271 1321 405 1363 neque
433 1309 697 1362 Persephone
727 1310 852 1363 digna
881 1316 949 1350 est
976 1310 1183 1363 praedone
1213 1309 1370 1362 marito,

240 1377 336 1417 Nec
363 1389 494 1430 gener
521 1377 601 1417 hoc
629 1375 746 1417 nobis
774 1390 886 1418 more
914 1378 1120 1430 parandus
1149 1383 1250 1417 erat.

186 1442 294 1495 Quid
328 1445 498 1498 grauius
531 1445 688 1485 uictore
718 1443 846 1498 Gyge
884 1445 1049 1499 captiua
1085 1447 1284 1497 tulissem,

241 1510 373 1562 Quam
401 1525 510 1553 nunc
538 1518 582 1552 te
614 1513 718 1552 caeli
746 1519 912 1565 sceptra
941 1519 1110 1553 tenente
1138 1510 1242 1554 tuh?

177 1622 266 1659 574.
303 1625 415 1660 cereri
442 1630 496 1660 est
521 1625 608 1660 null.
642 1623 741 1662 GA.
853 1624 938 1660 575.
973 1624 1096 1674 liquidi
1129 1619 1273 1673 quoque
1300 1623 1446 1659 numina
1472 1627 1574 1671 pont.

133 1670 186 1710 Φ.
231 1686 305 1723 que
331 1675 365 1711 in
391 1676 536 1710 numina
566 1687 598 1712 r.
644 1676 812 1711 immania
837 1673 1019 1712 AHma.
1031 1687 1086 1722 pr.
1101 1676 1146 1710 41
1162 1677 1223 1710 43.
1264 1674 1423 1709 inmunia
1453 1675 1499 1710 G.

180 1724 267 1760 576.
305 1724 394 1761 Inde
427 1725 473 1762 ab
506 1725 571 1762 hoc
599 1737 703 1761 uersu
737 1724 837 1761 abest
867 1725 996 1771 folium
1025 1727 1060 1760 in
1087 1728 1145 1761 M.
1258 1726 1343 1760 577.
1378 1724 1502 1760 Paras.
1530 1721 1576 1761 Γ.

130 1773 274 1811 Patras.
300 1775 428 1828 reliqui
447 1778 517 1813 mei
535 1775 757 1824 praeter-Hs.
799 1776 1008 1812 Parrasidos
1033 1776 1232 1812 Guar.scr.
1271 1787 1367 1811 omn.
1393 1786 1500 1824 posse
1522 1771 1574 1810 Φ.

128 1837 227 1862 omn.
254 1826 351 1863 serre
377 1824 427 1863 Ψ.
467 1839 565 1862 omn.
591 1827 683 1862 scire
711 1829 746 1863 T
761 1831 843 1863 tres.
885 1834 1043 1875 potestas
1070 1825 1240 1874 bmaqnn
1345 1826 1431 1861 578.
1462 1837 1574 1873 nunq.

127 1875 195 1922 Ilf.
239 1877 329 1925 Aeq.
370 1889 529 1926 unquam
556 1876 617 1914 A.
726 1879 812 1914 579.
845 1877 1106 1925 Persiphonem
1133 1874 1263 1913 ΕΦΨ.
1304 1875 1576 1923 Persephonern

130 1923 272 1963 DHA
285 1926 437 1976 Tmps.
489 1928 590 1964 Pers.
629 1929 779 1964 miserae
812 1935 932 1964 natam
961 1927 1046 1964 Ao.
1156 1929 1243 1964 580.
1279 1927 1380 1964 ΒῙΧ.’
1399 1927 1481 1962 hinc
1513 1924 1575 1963 br.

128 1977 231 2025 elyce
257 1977 322 2024 Ilf.
364 1980 451 2014 elice
478 1977 677 2015 DEGbr.
779 1980 865 2015 581.
900 1985 955 2015 est
981 1991 1051 2015 om.
1078 1977 1139 2014 A.
1182 1985 1286 2027 repta
1312 1980 1500 2025 Emmpr.

180 2030 268 2066 582.
298 2030 370 2065 late
396 2030 493 2064 furta
518 2031 579 2064 27.
624 2029 695 2064 late
721 2029 822 2076 signa
849 2030 910 2065 29.
952 2029 1079 2064 diurna
1108 2028 1167 2064 die
1194 2029 1292 2064 uidet
1318 2027 1536 2075 Ilf.ma.pr.

180 2081 267 2116 584.
304 2081 414 2118 tercia
441 2079 651 2125 ufinEG.
695 2091 806 2127 regna
833 2079 932 2116 uidet
963 2080 1007 2116 Ο.
1113 2080 1199 2115 585.
1233 2091 1353 2114 secum
1382 2086 1436 2114 est
1462 2079 1513 2113 sic
1537 2076 1572 2113 h.

129 2128 240 2166 effata
258 2133 378 2167 Ema.
390 2143 445 2180 pr.
547 2132 632 2167 586.
663 2130 820 2165 Maxima
848 2131 904 2166 cui
933 2131 1034 2165 uultu
1050 2128 1110 2166 A.
1150 2131 1186 2165 in
1215 2130 1334 2165 uultus
1352 2126 1447 2165 ΦΓ.
1485 2126 1572 2167 uult.

129 2179 213 2217 libri
237 2185 380 2230 praeter
404 2181 454 2217 A.
503 2181 603 2225 signa
639 2181 772 2216 doloris
811 2183 845 2217 Τ
869 2185 1035 2230 qttatuor.
1087 2187 1165 2216 erat
1192 2177 1335 2216 Huar.
1353 2191 1424 2216 sor.

180 2233 266 2268 587.
296 2243 472 2268 memores
498 2230 713 2280 1lf.nm.pr.
756 2242 794 2266 es
820 2242 842 2267 a
868 2244 942 2281 quo
962 2233 1041 2267 123.
1082 2243 1120 2267 es
1149 2230 1234 2267 mihi
1255 2231 1300 2267 sit
1325 2229 1372 2266 de
1397 2239 1468 2277 quo
1493 2223 1570 2271 Af.

179 2282 266 2319 589.
293 2283 352 2319 ini.
379 2283 476 2319 facto
495 2285 540 2318 Ρ.
581 2283 639 2320 ini.
666 2281 733 2317 fati
758 2283 820 2316 27.
922 2284 1009 2319 590.
1038 2281 1156 2331 Cogn.
1177 2281 1339 2330 promissi
1363 2284 1445 2315 tres.
1484 2289 1571 2312 con-

131 2332 225 2368 missi
257 2334 303 2372 G.
350 2345 487 2381 praem.
514 2333 628 2368 frater
658 2331 722 2369 Gb
742 2336 831 2377 tres5
863 2330 1110 2380 ²11p11ar.sc›·.
1154 2340 1247 2381 rapt.
1276 2331 1337 2367 bat
1361 2331 1479 2365 Dma.
1490 2338 1545 2375 pr.

179 2383 267 2418 591.
294 2383 370 2419 Sed
396 2395 479 2432 neq.
511 2386 555 2420 Τ.
596 2384 648 2418 Ac
675 2395 756 2431 neq.
785 2381 809 2419 h
828 2387 914 2420 ecett.
933 2383 987 2420 ed.
1031 2382 1192 2432 persipli.
1221 2380 1297 2418 El».
1341 2376 1511 2428 persoph.
1535 2379 1570 2413 D

128 2443 268 2481 vna-pr.
311 2441 365 2469 est
392 2442 538 2483 raptore
564 2435 670 2470 2041
698 2432 781 2470 duo.
884 2436 971 2471 592.
1007 2433 1187 2482 peraridus
1215 2435 1250 2468 D
1275 2441 1336 2478 per
1361 2439 1473 2481 comp.
1497 2439 1570 2463 vita.

127 2495 185 2533 pr.
211 2494 302 2520 corr.
340 2495 441 2520 more
466 2484 621 2534 piandus
647 2487 709 2520 23.
812 2483 900 2522 593.
927 2496 1029 2533 grau.
1056 2490 1202 2533 raptore
1228 2492 1321 2529 gyge
1345 2475 1452 2513 NH.
1489 2477 1572 2526 giga

129 2536 220 2571 DF.
265 2534 347 2583 gige
372 2533 449 2570 rell.
475 2537 556 2572 mai.
603 2535 749 2584 captiua
775 2534 850 2570 tiua
875 2534 940 2571 tul.
967 2532 1015 2571 Γ.
1058 2535 1195 2570 tulisset
1219 2530 1288 2568 hm
1305 2533 1393 2566 uolt.
1414 2528 1469 2564 ccl.

179 2585 266 2621 594.
292 2584 414 2627 Quam
441 2591 477 2620 te
502 2598 598 2621 nunc
623 2584 656 2622 b.
695 2585 784 2622 caeli
810 2596 922 2634 regna
951 2585 1046 2622 GOt
1070 2594 1147 2620 sex.
1190 2588 1334 2631 sceptra
1359 2585 1509 2629 regente
1533 2578 1571 2614 6.

129 2635 209 2672 tulit
232 2635 256 2673 h
281 2639 367 2673 neu.
385 2633 441 2672 ed.
482 2636 616 2672 Versus
644 2640 786 2683 transp.
812 2640 894 2685 post
919 2647 954 2672 u.
976 2636 1051 2672 597
1076 2635 1113 2670 in
1141 2629 1193 2669 Φ.
