1685 2954
98 83 155 131 40
655 99 978 130 rasronvu

153 198 315 254 Villice,
344 198 398 241 da
422 198 602 254 requiem
627 204 760 242 terrae
787 207 976 243 semente
1002 208 1184 255 peracta,

209 269 275 309 Da
301 267 481 322 requiem
509 273 655 308 terram
682 267 752 322 qui
778 269 954 322 coluere,
983 269 1092 311 uiris.

156 335 298 390 Pagus
327 341 426 390 agat
453 335 616 376 festum.
648 347 800 388 pagum
828 336 1010 390 lustrate,
1038 336 1183 389 coloni,

210 403 268 444 Et
296 402 392 443 date
417 403 594 457 paganis
621 415 754 443 annua
781 402 862 444 liba
890 403 1004 445 focis.
1462 409 1541 444 670

153 468 372 510 Placentur
399 475 552 510 matres
580 470 740 523 frugum
767 472 988 524 Tellusque
1019 471 1232 526 Ceresque

209 536 336 577 Farre
364 549 440 578 suo
468 537 663 591 grauidae
690 537 998 590 uisceribusque
1027 540 1126 579 suis.

155 602 346 645 Officium
371 617 584 646 commune
610 604 742 645 Ceres
770 610 814 644 et
840 606 966 645 Terra
995 613 1169 646 tuentur.

209 672 328 712 Haec
356 672 526 725 praebet
553 682 723 712 causam
751 670 948 725 frugibus,
978 669 1046 712 illa
1071 673 1219 712 locum.

154 737 382 780 consortes
409 751 589 792 operum,
617 750 690 789 per
718 749 822 789 quas
852 744 1035 778 correcta
1063 746 1268 791 uetustaS,
1463 743 1541 778 675

206 805 453 860 Quernaque
483 805 604 859 glans
628 804 741 844 uicta
770 810 838 845 est
866 803 1026 845 utiliore
1055 806 1167 846 cibo:

151 873 370 915 Fructibus
404 873 614 914 immensis
640 870 785 912 auidos
819 872 972 912 satiate
1007 873 1188 926 colonos,

206 941 267 982 Vt
293 939 459 994 capiant
487 941 624 982 cultus
649 940 830 993 praemia
863 939 991 993 digna
1020 940 1096 980 sui.

150 1008 242 1050 Vos
271 1008 366 1049 date
393 1013 617 1060 perpetuos
645 1008 800 1048 teneris
827 1008 1085 1048 sementibus
1113 1013 1281 1048 auctus:

204 1076 301 1117 Nec
324 1086 433 1117 noua
459 1086 532 1126 per
560 1073 721 1127 gelidas
747 1080 844 1115 usta
870 1073 925 1115 sit
952 1075 1079 1116 herba
1107 1075 1237 1117 niues.
1458 1079 1538 1116 680

153 1142 261 1185 Cum
290 1143 475 1195 serimus,
505 1141 665 1182 caelum
693 1143 830 1183 uentis
857 1143 1013 1195 aperite
1039 1142 1217 1184 serenis:

206 1211 313 1254 Cum
349 1211 470 1261 latet,
506 1209 702 1249 aetherea
738 1208 924 1264 spargite
960 1223 1103 1252 semen
1135 1223 1254 1265 aqua.

152 1279 276 1320 Neue
305 1289 456 1333 graues
484 1275 606 1318 cultis
633 1276 822 1318 Cerealia
849 1290 954 1331 rura,
983 1283 1145 1331 cauete,

207 1345 386 1402 Agmine
412 1345 573 1385 laesuro
601 1343 897 1399 depopulentur
924 1358 1038 1387 aues.

155 1412 247 1454 Vos
275 1424 451 1467 quoque,
483 1411 691 1465 formicae,
721 1412 922 1454 subiectis
949 1413 1107 1466 parcite
1136 1413 1293 1468 granis:
1463 1418 1541 1454 685

207 1481 313 1523 Post
339 1492 520 1523 messem
547 1479 726 1535 praedae
755 1480 874 1535 copia
900 1481 1028 1522 maior
1056 1480 1142 1522 erit.

150 1603 238 1640 668.
265 1603 323 1640 Da
350 1609 468 1640 terrae
495 1603 654 1653 requiem
676 1603 736 1652 qui
758 1605 821 1640 43.
864 1609 978 1640 terras
996 1603 1055 1651 qui
1079 1605 1125 1640 Τ.
1165 1608 1283 1638 terrae
1301 1602 1362 1652 qui
1381 1602 1418 1638 A
1433 1602 1544 1640 alius.

100 1660 220 1691 terrae
244 1666 352 1704 quam
380 1654 448 1690 col.
475 1655 512 1689 8.
553 1662 673 1690 terrae
699 1660 735 1689 et
761 1654 822 1702 qui
848 1656 900 1690 K.
1010 1655 1098 1690 670.
1135 1652 1220 1688 data
1247 1655 1298 1690 K.
1339 1664 1425 1688 ann.
1451 1654 1545 1690 festa

102 1704 186 1742 duo.
287 1706 376 1741 671.
402 1703 547 1751 frugum
573 1711 707 1740 matres
733 1703 817 1740 libri
842 1709 982 1752 practer
1010 1705 1222 1751 Bchys
1246 1707 1280 1739 et
1306 1707 1391 1739 netz.
1409 1705 1516 1752 impr.

153 1755 239 1791 674.
266 1766 392 1791 causas
420 1752 606 1791 ²FTsex.
710 1756 796 1790 675.
826 1755 1096 1802 Consortesque
1121 1765 1271 1803 operum
1294 1756 1344 1790 D.
1385 1754 1544 1790 Consor-

102 1811 157 1841 tes
183 1817 354 1854 superum
383 1804 443 1841 Fb
472 1806 636 1852 quinque.
676 1804 786 1839 cons.
812 1805 931 1853 operis
962 1805 993 1840 Ο
1012 1804 1120 1840 alius.
1167 1804 1277 1839 Cous.
1305 1805 1443 1852 superis
1467 1805 1547 1840 AB

103 1852 356 1892 AMNPA
370 1853 438 1904 Tp
449 1866 493 1891 rs
512 1855 662 1890 38931
691 1853 778 1890 liber
802 1857 881 1891 Iac.
904 1856 1016 1891 Gron.
1038 1858 1071 1890 et
1097 1853 1383 1902 quatuordecim3
1415 1855 1444 1891 G
1460 1866 1541 1890 uar.

102 1914 175 1943 scr.
216 1907 326 1942 Cons.
357 1906 477 1954 superi
505 1907 566 1940 43.
620 1916 685 1953 per
711 1916 800 1953 quos
828 1907 862 1941 E
880 1908 940 1940 43.
982 1912 1149 1953 correpta
1180 1901 1546 1941 GEKANOPH

102 1953 290 2004 AEZby
311 1968 384 1993 rna.
399 1968 466 1993 sec.
488 1955 608 1991 hmrs
627 1957 740 1990 3931
754 1956 858 1990 4041
879 1957 1007 2003 uiyinti
1025 1954 1111 2000 duo;
1138 1967 1160 2003 p
1175 1966 1345 2004 manser„
1373 1965 1545 2004 corrupta

103 2006 135 2054 f.
237 2008 323 2043 677.
360 2006 540 2053 Frugibus
570 2002 978 2054 BGDAOZgymps
1004 2007 1065 2041 40.
1109 2005 1275 2041 inmensis
1306 2006 1438 2042 GEK.
1486 2017 1544 2042 sa-

104 2058 199 2093 ciate
227 2059 272 2094 E.
313 2058 446 2093 sociate
471 2068 506 2103 9.
547 2063 687 2091 sacrata
717 2057 803 2092 ΤΖ.
844 2056 941 2091 auid.
968 2062 1098 2104 augete
1124 2057 1157 2091 Z
1174 2067 1258 2091 aar.
1278 2067 1347 2092 scr.
1455 2057 1540 2091 678.

102 2107 153 2143 Et
180 2108 321 2157 capient
346 2105 376 2152 f.
425 2106 474 2141 Vt
499 2106 615 2141 cultus
646 2106 791 2154 capiant
819 2106 857 2143 G.
895 2106 1013 2155 (cap.)
1039 2105 1178 2142 fructus
1203 2102 1300 2141 HT
1315 2107 1362 2142 41
1388 2109 1479 2152 tre-35
1515 2104 1546 2141 G

102 2169 268 2194 nanscr.
309 2157 406 2192 cultu
433 2168 489 2205 pr.
518 2155 553 2192 d.
581 2168 646 2192 suo
675 2160 733 2192 ll.
855 2158 940 2192 679.
975 2156 1059 2192 date
1085 2156 1272 2192 continuos
1298 2153 1351 2192 A.
1389 2161 1538 2192 sement.

104 2215 206 2244 actus
233 2205 284 2244 M
296 2205 392 2244 OA.
431 2213 554 2242 :iustus
572 2209 616 2243 E.
655 2207 802 2242 haustus
820 2206 907 2252 ἄκος
937 2207 965 2243 G
981 2218 1062 2243 ναν.
1079 2218 1148 2244 scr.
1250 2207 1336 2244 680.
1362 2205 1420 2241 Ne
1444 2215 1541 2240 noua

103 2255 199 2295 BA
213 2256 295 2304 Tf5
322 2254 359 2293 P
379 2268 462 2293 uar.
483 2267 552 2292 scr.
592 2257 662 2304 gel.
690 2256 802 2292 herba
829 2258 874 2293 sit
899 2264 979 2293 usta
1000 2257 1282 2305 AFPT9prs
1305 2255 1537 2302 undeuiginti.

153 2311 240 2345 681.
269 2319 370 2357 aper.
399 2307 563 2343 secundis
590 2311 626 2345 2.
667 2318 833 2343 serenum
864 2305 916 2343 (D.
1025 2308 1111 2343 682.
1140 2308 1227 2343 latet
1254 2306 1317 2342 hes
1345 2306 1416 2341 eria
1441 2316 1488 2339 m.

156 2360 241 2393 683.
270 2369 398 2406 graues
425 2356 540 2392 cultus
566 2357 603 2394 A
623 2357 735 2393 5841
766 2356 848 2394 duo.
898 2358 1028 2394 cereal.
1055 2358 1149 2393 culta
1175 2355 1304 2394 EFA
1362 2351 1544 2390 PAET

104 2419 168 2444 mr
188 2420 261 2443 vua.
282 2420 338 2456 pr.
357 2411 378 2444 3
400 2406 525 2443 decem.
566 2407 695 2444 cereal.
716 2415 842 2443 cuncta
866 2407 952 2444 liber
970 2411 1049 2445 Iac.
1070 2409 1182 2444 Gron.
1219 2405 1348 2442 cereal.
1374 2405 1450 2440 iura
1476 2406 1540 2441 41.

105 2458 235 2493 cereal.
265 2458 359 2492 dona
383 2455 687 2507 MHifbgyhpr
707 2470 779 2494 uia.
800 2470 867 2495 sec.
883 2470 902 2494 s
928 2457 1064 2506 aliquot-
1088 2458 1212 2506 scripti
1235 2460 1269 2491 et
1294 2458 1377 2490 nen.
1409 2456 1515 2503 impr.

157 2509 245 2543 684.
272 2508 431 2543 laesuros
462 2510 504 2544 Τ.
555 2509 641 2544 laes.
669 2520 714 2543 ne
743 2509 960 2557 populentur
986 2507 1055 2554 4)8
1080 2519 1153 2543 ma.
1176 2517 1233 2554 pr.
1273 2505 1543 2554 depopulantur

106 2554 182 2604 ΣῙ.
229 2557 472 2606 depopulatur
498 2557 529 2593 b.
647 2559 732 2594 685.
769 2570 914 2608 quoque
943 2557 1135 2606 suppositis
1167 2555 1337 2592 formicae
1371 2567 1469 2603 parc.
1503 2557 1541 2591 6.

103 2619 250 2657 quoque
275 2607 441 2644 subiectis
463 2608 633 2645 formicae
659 2611 693 2645 E
710 2621 784 2645 ma.
799 2605 1028 2646 sec.ANA
1039 2605 1186 2643 Tbhrs
1210 2606 1337 2654 uiginti
1362 2604 1437 2652 t‘crc
1460 2616 1540 2643 cum

105 2661 192 2695 uett.
220 2659 326 2706 impr.
433 2658 518 2695 686.
547 2671 706 2696 inensem
733 2658 814 2696 dieo.
