1685 2954
114 51 172 96 30
653 68 1002 98 ,τῦΑεΤοιινΜ

169 167 334 220 Iamque
363 172 494 208 ratem
522 166 671 208 doctae
700 169 854 208 monitu
883 169 1115 210 Carmentis
1140 170 1181 209 in
1208 181 1368 210 amnem

224 234 393 287 Egerat,
424 240 466 274 et
495 235 645 275 Tuscis
672 236 818 276 obuius
844 237 927 276 ibat
957 235 1085 290 aquis.
1471 239 1549 278 500

169 301 366 341 Fluminis
394 303 462 342 illa
490 303 611 355 latus,
641 305 707 344 eui
733 309 829 344 sunt
854 304 960 344 uada
986 304 1127 345 iuncta
1155 304 1334 358 Tarenti,

224 369 388 420 Aspicit
418 375 461 410 et
492 382 661 422 sparsas
689 372 881 423 ρει-,1003
908 372 998 412 sola
1026 362 1181 412 casas(

168 435 309 488 thue
341 443 440 490 erat,
470 436 661 478 immissis
690 439 855 491 puppim
884 440 1002 480 stetit
1030 445 1124 479 ante
1155 439 1326 492 capillis,

224 502 515 558 Continuitque
544 517 704 545 manum
734 511 851 546 torua
877 508 1061 560 regentis
1087 508 1174 547 iter.

167 571 224 611 Et
250 572 388 623 procul
416 572 457 611 in
487 572 671 613 dextram
700 574 876 614 tendens
904 587 980 614 sua
1010 575 1174 615 brachia
1200 575 1326 627 ripam
1472 576 1551 613 505

219 638 349 678 Pinea
376 652 457 678 non
484 652 585 679 sano
616 646 678 679 ter
704 640 811 692 pede
839 646 958 681 texta
985 642 1096 680 ferit:
1150 658 1156 662 *

167 707 288 747 Neue
318 706 433 746 daret
461 707 609 746 saltum
639 720 861 759 properans
889 706 1080 747 insistere
1109 713 1255 759 terrae,

223 773 309 814 Vix
337 779 403 813 est
430 773 609 813 Euandri
633 775 786 826 uixque
818 779 980 814 retenta
1007 786 1138 814 manu.

167 842 300 894 Dique
329 840 560 893 petitorum,
591 839 705 894 dixit,
734 842 894 881 saluete
925 841 1120 893 locorum,

225 910 370 961 Tuque
398 920 529 948 nouos
557 908 674 948 eaelo
711 904 818 948 terra
847 908 989 949 datura
1020 908 1135 960 deos,
1478 914 1558 950 510

166 976 435 1027 Fluminaque
467 981 509 1015 et
537 976 686 1028 fontes,
715 977 861 1029 quibus
890 977 1016 1016 utitur
1043 977 1205 1029 hospita
1233 977 1369 1030 tellus,

223 1044 281 1083 Et
308 1054 514 1083 nemorum
541 1043 671 1082 siluae
701 1043 970 1096 naiadumque
999 1043 1130 1085 chori!

166 1112 270 1152 Este
299 1108 417 1150 bonis
446 1109 590 1150 auibus
626 1108 702 1150 uisi
741 1115 920 1162 natoque
955 1110 1153 1165 mihique:

223 1177 412 1230 Ripaque
442 1178 550 1217 felici
578 1183 693 1217 taeta
722 1178 775 1217 sit
804 1178 886 1217 ista
913 1178 1031 1230 pede.

167 1245 316 1297 Fallor,
345 1258 396 1285 an
424 1245 467 1286 hi
495 1245 596 1286 fient
621 1246 803 1300 ingentia
830 1247 992 1286 moenia
1020 1248 1160 1299 colles,
1479 1249 1558 1286 515

166 1368 252 1406 499.
283 1375 396 1405 ratem
423 1368 560 1404 monitu
589 1368 717 1404 doctae
734 1370 785 1404 K.
828 1369 968 1405 monitis
988 1366 1036 1406 Γ.
1079 1369 1185 1405 docte
1210 1369 1401 1406 carmentis
1423 1370 1559 1406 monitu

117 1419 153 1455 in
181 1431 310 1455 aunem
338 1423 382 1456 E.
497 1422 584 1455 500.
611 1419 771 1454 vexerat
798 1427 833 1454 et
862 1421 978 1456 13va
1005 1425 1170 1468 (mutuor.
1212 1419 1344 1456 thuscis
1376 1418 1440 1455 CD?
1457 1422 1503 1456 G.

167 1471 255 1506 501.
284 1471 376 1506 latus
405 1470 504 1506 cuius
532 1476 572 1505 ut
601 1469 695 1505 uada
715 1465 760 1504 Γ.
802 1469 895 1505 latus
922 1470 1022 1506 euius
1052 1471 1144 1506 uada
1163 1472 1214 1506 K.
1260 1471 1353 1506 uada
1373 1477 1501 1506 cuncta
1527 1469 1560 1505 b.

115 1521 239 1557 iuncta
266 1521 406 1570 parenti
432 1523 511 1557 ²128
539 1532 611 1557 ma.
633 1531 688 1568 pr.
737 1520 857 1555 iuncta
884 1521 1014 1556 terenti
1046 1522 1115 1557 GP
1136 1532 1290 1557 ma.sec.
1319 1520 1373 1556 hs
1398 1532 1471 1556 nm.
1487 1530 1558 1556 sec.

115 1573 140 1608 8
163 1583 319 1608 masec.
351 1583 427 1608 sex.
469 1579 572 1607 taren
589 1597 598 1606 .
615 1598 623 1606 .
643 1597 651 1606 .
685 1571 731 1606 G.
836 1572 923 1606 502.
951 1571 1061 1619 Adsp.
1095 1568 1205 1606 (mr.
1245 1577 1280 1606 et
1306 1572 1399 1606 solas
1424 1583 1489 1617 per
1514 1572 1563 1606 M

114 1623 197 1659 No
223 1621 371 1670 aliquot.
475 1623 561 1657 503.
594 1622 714 1670 thue
734 1620 882 1656 humero
904 1621 1045 1656 iiniiiiss.
1068 1620 1098 1657 b.
1138 1628 1215 1656 erat
1234 1621 1380 1656 intonsis
1399 1618 1447 1655 Σ.
1483 1627 1562 1657 erat

116 1671 259 1708 incultis
290 1673 321 1709 0
349 1684 431 1709 mir.
456 1684 526 1709 scr.
577 1678 655 1708 erat
691 1671 835 1707 hirsutis
870 1670 961 1706 idem
993 1671 1125 1707 itidem.
1182 1671 1333 1715 inmissis
1360 1668 1480 1707 Es'r.
1524 1671 1559 1706 in

116 1722 230 1758 missis
256 1724 292 1758 D
308 1724 354 1759 G.
395 1725 517 1771 pupiin
545 1721 577 1757 b.
620 1734 753 1770 pupein
774 1718 1061 1757 AENPHA
1077 1720 1139 1768 T9
1165 1733 1322 1757 inwsec.
1349 1733 1367 1757 s
1392 1720 1561 1766 „niulfist”

119 1785 281 1822 puppem
308 1769 635 1809 DFGOEFAE.
680 1772 828 1820 capillos
852 1784 874 1819 9
901 1784 973 1807 ma.
990 1784 1046 1819 pr.
1159 1773 1245 1808 504.
1274 1784 1400 1807 manus
1424 1784 1493 1820 9s3
1524 1768 1564 1807 Φ

116 1834 201 1860 war.
219 1835 291 1859 scr.
319 1827 398 1859 test.
416 1827 543 1860 Heius.
581 1834 688 1858 manu
716 1824 751 1858 E
766 1834 839 1858 nia.
855 1834 923 1858 sec.
957 1824 989 1858 G
1004 1820 1043 1857 Φ
1061 1821 1105 1865 (t.
1119 1824 1186 1868 H.)
1202 1819 1480 1858 ΓΚΛΝΡΠ
1493 1819 1563 1858 ΨΙ)

117 1885 193 1910 ona.
205 1885 274 1910 sec.
297 1886 333 1910 m
351 1887 510 1911 masec.
527 1875 681 1910 34041.
709 1877 796 1908 octo.
825 1879 929 1908 torua
948 1873 1101 1908 tenentis
1126 1872 1236 1920 gloss.
1251 1872 1312 1910 A.
1353 1873 1511 1921 regiiritis
1525 1875 1562 1908 3.

170 1925 260 1961 505.
295 1925 412 1960 dextr.
440 1924 554 1961 tendit
581 1922 627 1959 Σ.
669 1934 734 1958 sua
761 1921 894 1958 lumina
920 1921 998 1959 4522
1118 1926 1207 1960 506.
1242 1936 1311 1959 non
1338 1926 1421 1960 satis
1449 1931 1504 1960 ter
1529 1921 1562 1959 b.

118 1986 207 2010 sano
234 1987 314 2011 cum
344 1975 437 2024 pede
461 1972 507 2010 Σ.
548 1974 643 2023 pede
670 1980 764 2009 tecta
783 1974 906 2010 AGG
923 1972 1026 2019 (teste
1040 1974 1185 2021 Heius.)
1203 1976 1262 2012 43.
1351 1975 1453 2020 „5o7.
1480 1974 1562 2009 insi-

114 2031 212 2061 stere
243 2026 344 2074 ripae
370 2023 473 2072 Fa),
500 2029 540 2060 ut
566 2029 670 2074 puto,
697 2021 781 2060 ΓΛ
794 2021 999 2060 MNOH
1010 2022 1314 2070 ²FAEbehs
1348 2024 1452 2060 mulli
1483 2035 1562 2061 cum

115 2079 202 2112 uett.
231 2075 307 2122 ed.;
332 2073 484 2124 APmp
511 2086 680 2112 uar.scr.
783 2075 871 2110 508.
899 2074 1048 2110 euandri
1078 2075 1162 2110 diua
1190 2083 1330 2111 retenta
1357 2087 1461 2111 nnus.

166 2126 254 2162 509.
283 2126 413 2176 Diique
431 2123 693 2163 DEGFZr.
733 2125 878 2161 saluetis
904 2125 972 2160 loe.
997 2127 1042 2162 G.
1083 2126 1172 2162 salu.
1196 2125 1346 2162 deorum
1369 2123 1560 2172 Fmaqu.

168 2176 256 2213 510.
286 2177 420 2226 Tuque
447 2177 533 2213 deos
560 2189 590 2213 e.
610 2182 638 2213 t.
657 2175 785 2211 datura
808 2188 920 2211 nouos
936 2173 986 2212 Z.
1022 2176 1151 2212 datura
1177 2175 1251 2212 dies
1279 2175 1300 2212 b
1316 2188 1389 2212 ma.
1403 2186 1458 2224 pr.
1495 2173 1560 2208 da-

119 2232 202 2263 tura
229 2234 380 2277 nepotes
407 2225 532 2263 sma.
550 2239 617 2263 sec.
722 2227 809 2262 511.
843 2226 1082 2275 Fulminaque
1107 2224 1153 2262 Γ.
1197 2233 1232 2262 et
1260 2232 1396 2262 montes
1422 2220 1486 2270 113
1513 2225 1561 2259 M

116 2288 200 2314 aar.
221 2289 290 2315 scr.
328 2278 456 2327 quibus
483 2278 616 2313 utimur
648 2274 698 2313 Ψ.
727 2279 816 2312 Post
845 2276 878 2311 11.
903 2288 937 2311 ιι.
967 2275 1097 2312 lacuna
1124 2281 1200 2313 octo
1225 2275 1395 2323 soliorum
1419 2275 1455 2310 in
1487 2275 1533 2309 G.

167 2328 254 2363 512.
282 2331 360 2375 Ita,
389 2341 573 2365 nemorum
603 2328 726 2371 siluae,
753 2324 1300 2376 ARGDFOPWAmaqm
1323 2324 1464 2373 bfmps
1486 2335 1558 2359 nia.

116 2388 174 2426 pr.
192 2379 258 2424 3)8
273 2380 320 2414 43
343 2378 596 2427 duodeuiginti.
642 2390 829 2414 nemorum
859 2377 948 2413 deae
979 2379 1007 2414 G
1030 2389 1111 2414 var.
1130 2389 1200 2414 scr.
1243 2387 1425 2412 nemorum
1454 2373 1560 2427 diuae

120 2427 144 2464 h
169 2426 239 2464 duo
266 2428 343 2466 aliz.
382 2442 567 2466 nemorum
596 2429 694 2464 uisae
720 2429 756 2464 A
782 2439 866 2463 mir.
881 2440 950 2463 scr.
966 2426 1002 2472 ('?
1019 2430 1067 2463 29
1078 2426 1114 2472 2²)
1141 2438 1286 2462 nemora
1312 2432 1348 2461 et
1374 2425 1488 2460 siluae
1520 2421 1563 2460 ‘P'

116 2489 200 2515 παν.
216 2489 285 2514 scr.
326 2491 511 2516 nemorum
538 2479 705 2527 nimphae
731 2481 791 2526 qni
817 2482 954 2514 restant
975 2489 1053 2513 cum.
1072 2482 1157 2513 uolt.
1177 2476 1230 2512 cd.
1273 2474 1402 2522 nayad.
1424 2474 1455 2511 b.
1488 2486 1561 2523 que

117 2527 210 2564 thori
231 2531 277 2564 Ζ.
317 2530 390 2565 cori
411 2533 455 2566 E.
559 2531 644 2567 513.
674 2530 773 2564 lionis
801 2529 925 2563 animis
950 2540 985 2563 m
1004 2540 1077 2564 ma.
1092 2538 1146 2574 pr.
1187 2527 1283 2561 uisae
1303 2528 1382 2561 KZ
1401 2537 1473 2561 ηιιι.
1489 2535 1559 2562 sec.

120 2578 298 2628 michique
323 2581 403 2615 DE
427 2580 476 2615 αἶ.
579 2581 665 2616 514.
694 2581 836 2627 istaque
859 2579 921 2614 sel.
948 2579 1026 2626 ripa
1052 2578 1096 2613 sit
1123 2577 1192 2611 icta
1220 2576 1313 2624 pede
1339 2573 1387 2610 II
1399 2578 1460 2611 41,

167 2628 255 2665 515.
290 2641 337 2665 an
371 2630 417 2665 liii
453 2636 592 2667 montes
628 2631 701 2679 ing.
729 2629 847 2665 menia
880 2628 967 2665 fient
992 2626 1024 2664 b.
1077 2626 1122 2662 hii
1151 2628 1242 2663 ΕΖ.
1291 2626 1327 2662 lii
1353 2626 1487 2663 sacient
1509 2637 1558 2662 m.

117 2678 206 2717 fiant
232 2681 274 2717 Τ.
313 2680 475 2729 ingencia
503 2678 548 2717 Γ.
593 2682 710 2716 menia
738 2681 830 2715 DE.
