1685 2954
157 97 388 130 ccxxxvm
658 135 663 141 ,
795 99 852 128 nn
881 99 977 129 nnis

156 198 252 248 dari,
277 211 362 237 nam
387 197 560 236 memoria
584 208 644 235 me
669 196 844 249 destituit,
871 199 939 237 cfr.
967 206 1088 239 tamen
1113 200 1216 251 Virg.
1242 200 1332 237 Aen.
1355 201 1396 250 4,
1414 200 1502 240 638.
1544 199 1605 240 De

159 261 390 311 Clymeno
417 261 457 307 6,
485 259 557 296 751
586 259 670 297 uide
694 273 805 311 supra
829 275 868 313 p.
888 274 1021 299 ccxui
1051 269 1088 300 et
1115 263 1314 300 Heinsium.

257 323 466 360 Liberum
493 327 634 371 patrem
655 321 949 374 quandoquidem
966 331 1251 361 consentaneum
1279 330 1334 361 est
1359 323 1444 361 olim
1471 336 1605 362 numen

158 384 346 437 proprium
373 381 499 429 fuisse,
526 383 563 418 in
593 390 664 420 tam
687 384 820 422 difficili
848 387 999 423 nominis
1026 387 1266 435 originatione
1291 386 1421 433 multo,
1448 385 1513 422 nisi
1534 385 1606 423 fal-

158 447 229 493 lor,
255 450 418 495 praestat
444 444 647 482 Varronem
673 446 720 483 fr.
739 447 801 494 15,
827 447 893 483 csr.
921 449 1073 496 August.
1101 460 1134 484 c.
1158 448 1195 486 d.
1222 451 1260 496 6,
1287 450 1325 496 9,
1352 447 1470 497 sequi,
1496 460 1608 497 quam

157 507 410 549 Clausenium,
445 506 508 554 qui
533 507 562 542 si
589 514 687 544 recte
714 505 880 555 λείβειν,
914 505 1058 557 λοιβὴν
1086 509 1250 547 adhibuit
1274 523 1312 560 p.
1337 511 1435 556 752,
1467 509 1609 559 reliqua

157 574 257 605 certe
289 568 437 604 mirifice
472 569 715 607 conturbauit.
775 570 903 618 ltaque
936 570 983 607 de
1015 573 1158 609 nomine
1193 572 1313 609 fateor
1348 571 1608 621 ignorantiam,

158 629 268 666 deum
302 629 477 666 seminum
512 631 758 680 cuiuscunque
791 630 891 667 modi
924 639 962 667 et
997 632 1218 670 fascinorum
1254 640 1465 684 potentem,
1497 638 1609 683 prout

157 691 203 729 fr.
226 691 271 728 15
301 697 469 737 testatur,
498 698 535 727 et
553 691 765 728 Latinorum
794 692 941 741 quidem
968 692 1075 730 deum
1102 707 1274 744 agnosco.
1317 696 1456 732 Harum
1483 706 1608 731 rerum

156 759 288 791 neutra
321 752 430 801 longe
462 753 589 789 aberat
624 765 647 789 a
683 752 817 789 Bacchi
853 754 1026 803 proximis
1055 756 1090 791 in
1123 756 1327 805 Campania
1359 756 1608 804 religionibus.

157 815 291 852 Vinum
318 813 417 864 quod
444 813 562 850 Varro
599 815 739 864 scripsit
766 814 1033 863 quodammodo
1069 817 1312 866 principatum
1343 818 1528 853 fructuum
1554 822 1612 853 te·

157 888 261 924 nere,
288 876 376 912 nihil
403 875 470 911 nisi
498 876 574 912 eius
600 876 850 925 interpretatio
878 876 1042 913 uidetur:
1080 879 1225 914 minime
1251 879 1347 915 enim
1373 883 1517 914 constat
1542 884 1613 914 'ue‘-

158 944 254 975 teres
280 936 432 973 Latinos
458 938 510 974 ita
538 937 753 984 iudicasses
772 938 834 986 qui
861 938 984 974 Iouem
1013 940 1134 988 potius
1162 939 1366 976 uindemiae
1392 936 1614 988 praefecisse

156 999 328 1036 uidentur
354 1004 512 1036 testante
539 1000 706 1035 Varrone
732 998 778 1035 de
807 997 833 1035 l.
855 999 880 1035 l.
907 1001 943 1043 6,
966 1002 1013 1036 16
1040 1007 1077 1037 et
1103 1000 1229 1037 sabula
1254 1002 1316 1038 illa
1342 1000 1389 1037 de
1414 1000 1611 1046 Mezentio,

157 1061 244 1098 uide
268 1072 379 1110 supra
405 1073 443 1110 p.
459 1072 653 1098 Lxxx111.
703 1060 852 1097 Memini
885 1060 932 1097 de
968 1061 1036 1097 hac
1062 1074 1102 1098 re
1128 1063 1261 1099 alicubi
1293 1063 1329 1100 in
1355 1073 1481 1099 museo
1511 1060 1613 1098 Rhe-

156 1135 254 1159 nano
287 1122 475 1172 disputare
507 1121 718 1158 Conradum
753 1121 1053 1170 Schwenckium,
1089 1125 1288 1174 incorrupti
1323 1123 1443 1160 iudicii
1477 1124 1611 1161 uirum.

157 1184 235 1222 Sed
265 1190 388 1220 tamen
422 1195 572 1232 graecas
605 1184 817 1220 cerimonias
852 1184 922 1220 hac
955 1191 1060 1233 parte
1097 1185 1142 1221 ad
1171 1187 1320 1223 rusticos
1347 1186 1499 1222 Latinos
1525 1197 1613 1234 per-

157 1247 302 1283 uenisse
329 1257 402 1281 non
430 1251 508 1291 est,
543 1245 629 1294 quin
659 1246 808 1293 Virgilio
845 1253 881 1282 et
908 1247 1060 1282 Horatio
1088 1246 1269 1284 credatur.
1323 1248 1487 1283 Alterum
1514 1258 1614 1296 quo-

157 1319 231 1358 que
265 1307 313 1343 de
347 1307 542 1343 seminibus
578 1307 786 1344 animalium
815 1307 997 1344 Bacchum
1034 1309 1204 1355 attraxit,
1241 1320 1351 1357 quem
1376 1306 1615 1357 Neapolitani

157 1375 250 1406 teste
276 1369 462 1406 Macrobio
490 1375 560 1405 sat,
591 1373 624 1413 l,
641 1372 688 1406 18
715 1369 926 1406 aduenerati
953 1376 1037 1406 sunt
1054 1365 1249 1416 ‘'Hsswvog
1275 1369 1512 1419 cognomine3
1547 1379 1614 1406 ne-

158 1442 232 1481 que
259 1430 386 1467 dubito
412 1443 457 1468 eo
490 1431 630 1468 referre
659 1430 804 1477 Oscae,
841 1438 880 1467 ut
907 1437 1021 1479 puto,
1053 1430 1199 1480 linguae
1225 1431 1444 1468 uocabulum
1471 1430 1613 1479 hirqui,-

155 1492 270 1530 tallos
294 1491 371 1528 siue
396 1493 605 1542 irquitallos
631 1492 729 1542 apud
751 1491 856 1528 Paul.
877 1492 997 1537 Diae„
1024 1492 1123 1541 quod
1148 1493 1325 1543 significat
1351 1504 1485 1543 pueros
1511 1503 1613 1540 τρα-

157 1552 361 1605 γίζοντας,
388 1555 572 1604 pubertati
598 1555 795 1604 proximos.
850 1553 1015 1603 Vtraque
1041 1555 1149 1591 etiam
1178 1554 1368 1604 prouincia
1394 1553 1529 1589 Libero
1555 1558 1613 1589 at-

157 1617 295 1653 tributa
320 1622 375 1653 est
401 1616 438 1652 in
473 1617 583 1653 sacris
612 1617 762 1665 publicis
791 1616 886 1652 urbis
914 1616 1067 1652 Romae.
1119 1617 1245 1654 Ferias
1273 1621 1312 1652 et
1343 1616 1519 1664 tempium
1546 1625 1614 1651 na-

159 1684 237 1715 ctus
264 1683 320 1714 est
345 1689 442 1714 anno
469 1678 515 1715 V.
537 1678 581 1715 C.
609 1680 685 1714 260
712 1690 782 1714 una
811 1690 891 1714 cum
915 1678 1052 1714 Cerere
1078 1683 1231 1727 propter
1258 1687 1428 1713 annonae
1454 1676 1614 1713 difficul-

158 1746 293 1776 tatem:
326 1751 372 1776 ex
405 1740 577 1776 librorum
605 1739 750 1788 quidem
777 1739 1038 1787 Sibyllinorum
1065 1739 1230 1785 monitu,
1262 1737 1328 1775 sed
1353 1738 1435 1788 quis
1461 1737 1614 1775 credere

156 1801 256 1838 uelit*
276 1801 397 1849 graeci
430 1801 489 1837 dei
522 1811 637 1849 usque
671 1811 715 1836 eo
749 1799 862 1849 ignoti
896 1813 1029 1837 nomen
1055 1796 1224 1838 Λυαίου
1258 1806 1323 1836 aut
1343 1794 1614 1849 Ἐλευθερέως

155 1871 244 1901 tunc
269 1863 484 1899 translatum
511 1868 548 1898 et
574 1860 820 1898 introductum
846 1860 988 1899 fuisse?
1016 1861 1155 1899 accedit
1181 1860 1280 1912 quod
1296 1862 1490 1911 Dionysius
1509 1863 1546 1906 6,
1564 1862 1614 1898 17

154 1932 193 1963 et
217 1925 268 1962 44
298 1936 386 1961 cum*
408 1924 460 1960 bis
486 1922 658 1972 templum
685 1935 795 1959 unum
822 1929 860 1960 et
886 1924 940 1960 bis
965 1923 1100 1973 templa
1124 1922 1223 1959 sacta
1249 1922 1356 1972 dicit,
1390 1935 1435 1960 ea
1462 1922 1612 1974 quidem

155 2000 214 2024 res
248 1987 381 2023 rectius
413 1999 457 2023 ex
483 1985 572 2034 legis
602 1985 776 2021 Horatiae
809 1986 928 2022 uerbis
961 1985 1060 2035 apud
1086 1985 1230 2022 Liuium
1257 1987 1295 2032 3,
1321 1985 1384 2032 55,
1421 1997 1530 2035 quam
1566 1995 1612 2021 ex

156 2049 288 2087 Seruio
315 2048 364 2084 ad
391 2060 448 2097 ge.
478 2051 515 2094 1,
542 2049 566 2084 7
605 2046 794 2083 diiudicari
829 2047 997 2083 uidetur:
1033 2047 1097 2084 sed
1129 2048 1158 2084 si
1184 2047 1268 2084 Xlll
1293 2047 1363 2083 Kl'ae
1381 2047 1470 2084 Mai.
1497 2045 1611 2084 seriae

153 2111 304 2148 suerunt
331 2109 476 2146 Cereris
502 2115 539 2145 et
565 2107 688 2144 Liberi
715 2114 872 2145 testante
897 2107 976 2145 fere
1003 2107 1138 2146 Ouidio
1160 2112 1198 2156 3,
1216 2111 1307 2156 786,
1335 2121 1424 2157 ergo
1448 2105 1608 2144 XV1K1‘

155 2171 269 2223 April.
295 2171 406 2208 solius
433 2170 556 2207 Liberi
581 2169 696 2206 seriae
723 2171 1004 2219 consignantur,
1031 2182 1121 2221 quas
1148 2171 1368 2206 recentiores
1394 2168 1515 2206 alteris
1543 2178 1610 2202 cur

154 2235 265 2272 fuisse
291 2239 474 2284 putemus,
503 2231 588 2268 nihil
616 2238 671 2268 est
697 2243 853 2267 causae:
887 2244 1019 2268 nomen
1044 2244 1132 2280 ergo
1158 2230 1228 2268 fuit
1256 2231 1443 2268 uetustius.
1496 2228 1606 2264 Hisce

153 2296 382 2334 Liberalibus
409 2292 635 2330 consuetudo
670 2292 739 2329 suit
775 2304 907 2341 pueros
944 2293 1136 2342 uesticipes
1172 2299 1259 2341 toga
1288 2292 1381 2329 uirili
1410 2288 1607 2327 induendi:

153 2370 248 2409 quae
273 2355 468 2394 cerimonia
496 2355 562 2392 etsi
589 2367 660 2390 non
686 2354 847 2404 publica,
875 2353 1046 2403 Propert.
1067 2355 1106 2401 5,
1130 2358 1167 2402 l,
1189 2357 1275 2402 128,
1302 2352 1521 2391 sanctissima
1547 2357 1606 2387 ta-

153 2431 237 2458 men
263 2417 331 2455 fuit
357 2423 394 2454 et
419 2417 662 2454 uetustissima
689 2423 726 2453 et
753 2428 834 2452 cum
863 2415 958 2451 louis
987 2415 1184 2465 Capitolini
1209 2414 1384 2453 sacrificio
1412 2412 1606 2449 coniuncta

154 2486 249 2520 teste
269 2478 399 2516 Seruio
425 2478 475 2515 ad
502 2479 569 2516 ecl.
591 2482 628 2526 4,
646 2479 708 2516 50.
763 2477 862 2521 Quin
890 2477 983 2514 adeo
1010 2478 1108 2527 quod
1136 2476 1290 2515 Ouidius
1318 2479 1356 2523 3,
1374 2476 1449 2512 785
1475 2473 1523 2510 de
1549 2473 1606 2509 lu-

153 2543 209 2581 dis
235 2539 391 2578 antehac
417 2551 461 2576 eo
489 2539 548 2576 die
584 2541 688 2577 factis
723 2551 764 2576 se
799 2540 1017 2589 comperisse
1049 2540 1213 2588 scripsit,
1249 2537 1334 2574 nihil
1371 2534 1466 2572 aliud
1494 2541 1608 2583 puta-

153 2603 418 2651 uerim;”quam
445 2603 654 2637 memoriam
682 2602 851 2651 publicae
879 2601 1029 2638 alicuius
1051 2600 1268 2638 celebritatis
1295 2599 1381 2635 olim
1408 2597 1605 2640 institutae,

154 2678 237 2706 cum
267 2672 388 2713 neque
415 2661 487 2698 bini
520 2660 595 2700 ludi
623 2663 764 2700 tantulo
790 2663 1008 2710 interuallo,
1047 2673 1167 2712 neque
1192 2662 1353 2712 priorum
1380 2660 1416 2697 in
1443 2669 1605 2696 mensem
