<?xml version="1.0" encoding="UTF-8"?>
<!DOCTYPE html PUBLIC "-//W3C//DTD XHTML 1.0 Transitional//EN"
    "http://www.w3.org/TR/xhtml1/DTD/xhtml1-transitional.dtd">
<html xmlns="http://www.w3.org/1999/xhtml" xml:lang="en" lang="en">
 <head>
  <title>
</title>
<meta http-equiv="Content-Type" content="text/html;charset=utf-8" />
  <meta name='ocr-system' content='tesseract 3.04.00' />
  <meta name='ocr-capabilities' content='ocr_page ocr_carea ocr_par ocr_line ocrx_word'/>
</head>
<body>
  <div class='ocr_page' id='page_1' title='image "./fastorumlibrisex00oviduoft_0164.png"; bbox 0 0 1685 2954; ppageno 0'>
   <div class='ocr_carea' id='block_1_1' title="bbox 108 106 940 146">
    <p class='ocr_par' dir='ltr' id='par_1_1' title="bbox 108 106 940 146">
     <span class='ocr_line' id='line_1_1' title="bbox 108 106 940 146; baseline 0.002 -2"><span class='ocrx_word' id='word_1_1' title='bbox 108 117 209 145; x_wconf 65' lang='grc' dir='ltr'><strong>(τινι</strong></span> <span class='ocrx_word' id='word_1_2' title='bbox 616 106 621 111; x_wconf 87' lang='grc'><em>“</em></span> <span class='ocrx_word' id='word_1_3' title='bbox 720 116 776 144; x_wconf 78' lang='lat' dir='ltr'><strong>DE</strong></span> <span class='ocrx_word' id='word_1_4' title='bbox 806 118 940 146; x_wconf 72' lang='lat' dir='ltr'><strong>renus</strong></span> 
     </span>
    </p>
   </div>
   <div class='ocr_carea' id='block_1_2' title="bbox 94 214 1552 2719">
    <p class='ocr_par' dir='ltr' id='par_1_2' title="bbox 107 214 1549 557">
     <span class='ocr_line' id='line_1_2' title="bbox 109 214 1546 268; baseline 0.003 -17"><span class='ocrx_word' id='word_1_5' title='bbox 109 214 303 252; x_wconf 86' lang='lat' dir='ltr'><strong>affirmauit</strong></span> <span class='ocrx_word' id='word_1_6' title='bbox 327 214 452 250; x_wconf 82' lang='lat' dir='ltr'>Labeo</span> <span class='ocrx_word' id='word_1_7' title='bbox 478 214 575 263; x_wconf 85' lang='lat' dir='ltr'><strong>apud</strong></span> <span class='ocrx_word' id='word_1_8' title='bbox 595 215 743 252; x_wconf 87' lang='lat' dir='ltr'><strong>Festum</strong></span> <span class='ocrx_word' id='word_1_9' title='bbox 763 229 800 266; x_wconf 85' lang='lat' dir='ltr'><strong>p.</strong></span> <span class='ocrx_word' id='word_1_10' title='bbox 814 217 903 265; x_wconf 82' lang='lat'><strong>253,</strong></span> <span class='ocrx_word' id='word_1_11' title='bbox 924 218 972 253; x_wconf 83' lang='lat'><strong>14</strong></span> <span class='ocrx_word' id='word_1_12' title='bbox 987 218 1055 254; x_wconf 91' lang='lat' dir='ltr'><strong>sin.</strong></span> <span class='ocrx_word' id='word_1_13' title='bbox 1109 219 1234 262; x_wconf 83' lang='lat' dir='ltr'>Quare</span> <span class='ocrx_word' id='word_1_14' title='bbox 1260 218 1380 254; x_wconf 85' lang='lat' dir='ltr'><strong>mirari</strong></span> <span class='ocrx_word' id='word_1_15' title='bbox 1404 219 1546 268; x_wconf 87' lang='lat' dir='ltr'><strong>subeat,</strong></span> 
     </span>
     <span class='ocr_line' id='line_1_3' title="bbox 108 275 1548 328; baseline 0.003 -15"><span class='ocrx_word' id='word_1_16' title='bbox 108 275 206 326; x_wconf 90' lang='lat' dir='ltr'><strong>quod</strong></span> <span class='ocrx_word' id='word_1_17' title='bbox 232 277 349 312; x_wconf 85' lang='lat' dir='ltr'><strong>Varro</strong></span> <span class='ocrx_word' id='word_1_18' title='bbox 375 276 413 322; x_wconf 87' lang='grc'><strong>6,</strong></span> <span class='ocrx_word' id='word_1_19' title='bbox 438 278 484 310; x_wconf 83' lang='lat'><strong>13</strong></span> <span class='ocrx_word' id='word_1_20' title='bbox 521 276 725 319; x_wconf 84' lang='lat' dir='ltr'><strong>Quirinalia</strong></span> <span class='ocrx_word' id='word_1_21' title='bbox 757 277 845 315; x_wconf 81' lang='lat' dir='ltr'>dixit</span> <span class='ocrx_word' id='word_1_22' title='bbox 878 278 986 315; x_wconf 85' lang='lat' dir='ltr'><strong>ferias</strong></span> <span class='ocrx_word' id='word_1_23' title='bbox 1022 291 1162 324; x_wconf 69' lang='lat' dir='ltr'><strong>eomnn,</strong></span> <span class='ocrx_word' id='word_1_24' title='bbox 1197 281 1257 328; x_wconf 72' lang='lat' dir='ltr'><strong>qui</strong></span> <span class='ocrx_word' id='word_1_25' title='bbox 1283 280 1548 318; x_wconf 65' lang='lat' dir='ltr'><strong>Furnacabibus</strong></span> 
     </span>
     <span class='ocr_line' id='line_1_4' title="bbox 108 335 1547 383; baseline 0.003 -8"><span class='ocrx_word' id='word_1_26' title='bbox 108 339 212 375; x_wconf 70' lang='lat' dir='ltr'><strong>suis</strong></span> <span class='ocrx_word' id='word_1_27' title='bbox 236 348 308 373; x_wconf 76' lang='lat' dir='ltr'><strong>uon</strong></span> <span class='ocrx_word' id='word_1_28' title='bbox 332 335 466 373; x_wconf 82' lang='lat' dir='ltr'><strong>suerint</strong></span> <span class='ocrx_word' id='word_1_29' title='bbox 491 336 628 383; x_wconf 76' lang='lat' dir='ltr'><strong>feriati.</strong></span> <span class='ocrx_word' id='word_1_30' title='bbox 681 339 794 383; x_wconf 82' lang='lat' dir='ltr'><strong>Quasi</strong></span> <span class='ocrx_word' id='word_1_31' title='bbox 820 353 892 377; x_wconf 92' lang='lat' dir='ltr'><strong>non</strong></span> <span class='ocrx_word' id='word_1_32' title='bbox 919 341 1076 377; x_wconf 89' lang='lat' dir='ltr'><strong>omnium</strong></span> <span class='ocrx_word' id='word_1_33' title='bbox 1103 341 1228 378; x_wconf 86' lang='lat' dir='ltr'><strong>eadem</strong></span> <span class='ocrx_word' id='word_1_34' title='bbox 1254 342 1388 378; x_wconf 84' lang='lat' dir='ltr'><strong>suerint</strong></span> <span class='ocrx_word' id='word_1_35' title='bbox 1409 341 1547 379; x_wconf 88' lang='lat' dir='ltr'><strong>Forna-</strong></span> 
     </span>
     <span class='ocr_line' id='line_1_5' title="bbox 108 398 1548 452; baseline 0.003 -17"><span class='ocrx_word' id='word_1_36' title='bbox 108 399 221 444; x_wconf 83' lang='lat' dir='ltr'><strong>calia,</strong></span> <span class='ocrx_word' id='word_1_37' title='bbox 259 403 383 434; x_wconf 88' lang='lat' dir='ltr'><strong>contra</strong></span> <span class='ocrx_word' id='word_1_38' title='bbox 419 404 528 448; x_wconf 85' lang='lat' dir='ltr'><strong>atque</strong></span> <span class='ocrx_word' id='word_1_39' title='bbox 554 398 706 436; x_wconf 88' lang='lat' dir='ltr'><strong>Ouidius</strong></span> <span class='ocrx_word' id='word_1_40' title='bbox 732 413 768 436; x_wconf 89' lang='lat' dir='ltr'><strong>u.</strong></span> <span class='ocrx_word' id='word_1_41' title='bbox 782 399 856 436; x_wconf 84' lang='lat'><strong>528</strong></span> <span class='ocrx_word' id='word_1_42' title='bbox 883 401 1004 438; x_wconf 84' lang='lat' dir='ltr'><strong>tradit.</strong></span> <span class='ocrx_word' id='word_1_43' title='bbox 1056 402 1165 439; x_wconf 90' lang='lat' dir='ltr'><strong>Dicta</strong></span> <span class='ocrx_word' id='word_1_44' title='bbox 1191 408 1246 439; x_wconf 89' lang='lat' dir='ltr'><strong>est</strong></span> <span class='ocrx_word' id='word_1_45' title='bbox 1271 415 1381 452; x_wconf 89' lang='lat' dir='ltr'><strong>supra</strong></span> <span class='ocrx_word' id='word_1_46' title='bbox 1407 415 1446 452; x_wconf 85' lang='lat' dir='ltr'><strong>p.</strong></span> <span class='ocrx_word' id='word_1_47' title='bbox 1463 414 1548 440; x_wconf 77' lang='lat' dir='ltr'><strong>cxv</strong></span> 
     </span>
     <span class='ocr_line' id='line_1_6' title="bbox 107 458 1549 514; baseline 0.006 -21"><span class='ocrx_word' id='word_1_48' title='bbox 107 458 315 495; x_wconf 86' lang='lat' dir='ltr'><strong>coniectura</strong></span> <span class='ocrx_word' id='word_1_49' title='bbox 349 458 395 495; x_wconf 92' lang='lat' dir='ltr'><strong>de</strong></span> <span class='ocrx_word' id='word_1_50' title='bbox 422 459 675 498; x_wconf 88' lang='lat' dir='ltr'><strong>Fornacalium</strong></span> <span class='ocrx_word' id='word_1_51' title='bbox 710 462 928 499; x_wconf 83' lang='lat' dir='ltr'><strong>caerimonia</strong></span> <span class='ocrx_word' id='word_1_52' title='bbox 955 463 1148 513; x_wconf 89' lang='lat' dir='ltr'><strong>aliquando</strong></span> <span class='ocrx_word' id='word_1_53' title='bbox 1175 476 1197 500; x_wconf 89' lang='lat' dir='ltr'><strong>a</strong></span> <span class='ocrx_word' id='word_1_54' title='bbox 1222 463 1302 501; x_wconf 86' lang='lat' dir='ltr'><strong>soro</strong></span> <span class='ocrx_word' id='word_1_55' title='bbox 1330 465 1365 501; x_wconf 92' lang='lat' dir='ltr'><strong>in</strong></span> <span class='ocrx_word' id='word_1_56' title='bbox 1390 465 1549 514; x_wconf 85' lang='lat' dir='ltr'><strong>singulos</strong></span> 
     </span>
     <span class='ocr_line' id='line_1_7' title="bbox 107 519 356 557; baseline 0.008 -2"><span class='ocrx_word' id='word_1_57' title='bbox 107 519 205 556; x_wconf 91' lang='lat' dir='ltr'><strong>uicos</strong></span> <span class='ocrx_word' id='word_1_58' title='bbox 231 520 356 557; x_wconf 86' lang='lat' dir='ltr'><strong>relata.</strong></span> 
     </span>
    </p>

    <p class='ocr_par' dir='ltr' id='par_1_3' title="bbox 102 580 1552 1677">
     <span class='ocr_line' id='line_1_8' title="bbox 206 580 1550 638; baseline 0.007 -23"><span class='ocrx_word' id='word_1_59' title='bbox 206 581 262 616; x_wconf 93' lang='lat' dir='ltr'><strong>De</strong></span> <span class='ocrx_word' id='word_1_60' title='bbox 288 580 535 619; x_wconf 85' lang='lat' dir='ltr'><strong>Parentalibus</strong></span> <span class='ocrx_word' id='word_1_61' title='bbox 561 596 671 633; x_wconf 91' lang='lat' dir='ltr'><strong>supra</strong></span> <span class='ocrx_word' id='word_1_62' title='bbox 696 597 733 633; x_wconf 90' lang='lat' dir='ltr'><strong>p.</strong></span> <span class='ocrx_word' id='word_1_63' title='bbox 751 596 807 620; x_wconf 73' lang='lat' dir='ltr'><strong>xx.</strong></span> <span class='ocrx_word' id='word_1_64' title='bbox 836 586 997 634; x_wconf 84' lang='lat' dir='ltr'><strong>exposui.</strong></span> <span class='ocrx_word' id='word_1_65' title='bbox 1040 585 1219 634; x_wconf 81' lang='lat' dir='ltr'><strong>Fugiebat</strong></span> <span class='ocrx_word' id='word_1_66' title='bbox 1246 598 1304 623; x_wconf 91' lang='lat' dir='ltr'><strong>me</strong></span> <span class='ocrx_word' id='word_1_67' title='bbox 1330 592 1430 635; x_wconf 85' lang='lat' dir='ltr'><strong>tunc,</strong></span> <span class='ocrx_word' id='word_1_68' title='bbox 1451 587 1550 638; x_wconf 90' lang='lat' dir='ltr'><strong>quod</strong></span> 
     </span>
     <span class='ocr_line' id='line_1_9' title="bbox 107 642 1550 694; baseline 0.006 -17"><span class='ocrx_word' id='word_1_69' title='bbox 107 642 251 678; x_wconf 79' lang='lat' dir='ltr'><strong>maximi</strong></span> <span class='ocrx_word' id='word_1_70' title='bbox 277 648 332 678; x_wconf 89' lang='lat' dir='ltr'><strong>est</strong></span> <span class='ocrx_word' id='word_1_71' title='bbox 357 642 403 679; x_wconf 90' lang='lat' dir='ltr'><strong>ad</strong></span> <span class='ocrx_word' id='word_1_72' title='bbox 431 644 672 681; x_wconf 86' lang='lat' dir='ltr'><strong>coniecturam</strong></span> <span class='ocrx_word' id='word_1_73' title='bbox 698 657 817 681; x_wconf 85' lang='lat' dir='ltr'><strong>meam</strong></span> <span class='ocrx_word' id='word_1_74' title='bbox 843 647 1028 694; x_wconf 80' lang='lat' dir='ltr'><strong>momenti,</strong></span> <span class='ocrx_word' id='word_1_75' title='bbox 1057 646 1220 683; x_wconf 81' lang='lat' dir='ltr'><strong>in-sastis</strong></span> <span class='ocrx_word' id='word_1_76' title='bbox 1246 649 1384 685; x_wconf 82' lang='lat' dir='ltr'><strong>rusticis</strong></span> <span class='ocrx_word' id='word_1_77' title='bbox 1410 649 1550 686; x_wconf 82' lang='lat' dir='ltr'><strong>Farne-</strong></span> 
     </span>
     <span class='ocr_line' id='line_1_10' title="bbox 108 704 1551 757; baseline 0.003 -17"><span class='ocrx_word' id='word_1_78' title='bbox 108 704 215 740; x_wconf 87' lang='lat' dir='ltr'><strong>sianis</strong></span> <span class='ocrx_word' id='word_1_79' title='bbox 241 716 364 741; x_wconf 88' lang='lat' dir='ltr'><strong>mense</strong></span> <span class='ocrx_word' id='word_1_80' title='bbox 391 705 590 757; x_wconf 84' lang='lat' dir='ltr'><strong>Februario</strong></span> <span class='ocrx_word' id='word_1_81' title='bbox 624 713 707 755; x_wconf 88' lang='lat' dir='ltr'><strong>post</strong></span> <span class='ocrx_word' id='word_1_82' title='bbox 733 706 948 755; x_wconf 85' lang='lat' dir='ltr'><strong>Lupercalia</strong></span> <span class='ocrx_word' id='word_1_83' title='bbox 975 707 1081 744; x_wconf 88' lang='lat' dir='ltr'><strong>indici</strong></span> <span class='ocrx_word' id='word_1_84' title='bbox 1109 708 1325 745; x_wconf 83' lang='lat' dir='ltr'><strong>Parentalia.</strong></span> <span class='ocrx_word' id='word_1_85' title='bbox 1378 709 1551 745; x_wconf 88' lang='lat' dir='ltr'><strong>Nondum</strong></span> 
     </span>
     <span class='ocr_line' id='line_1_11' title="bbox 106 765 1552 816; baseline 0.003 -15"><span class='ocrx_word' id='word_1_86' title='bbox 106 771 228 802; x_wconf 88' lang='lat' dir='ltr'><strong>tamen</strong></span> <span class='ocrx_word' id='word_1_87' title='bbox 254 767 338 802; x_wconf 91' lang='lat' dir='ltr'><strong>satis</strong></span> <span class='ocrx_word' id='word_1_88' title='bbox 365 767 472 813; x_wconf 85' lang='lat' dir='ltr'><strong>noui,</strong></span> <span class='ocrx_word' id='word_1_89' title='bbox 500 767 534 802; x_wconf 90' lang='lat' dir='ltr'><strong>in</strong></span> <span class='ocrx_word' id='word_1_90' title='bbox 561 773 651 816; x_wconf 90' lang='lat' dir='ltr'><strong>quot</strong></span> <span class='ocrx_word' id='word_1_91' title='bbox 676 765 773 814; x_wconf 85' lang='lat' dir='ltr'><strong>dies,</strong></span> <span class='ocrx_word' id='word_1_92' title='bbox 802 773 838 803; x_wconf 92' lang='lat' dir='ltr'><strong>et</strong></span> <span class='ocrx_word' id='word_1_93' title='bbox 863 780 947 803; x_wconf 90' lang='lat' dir='ltr'><strong>num</strong></span> <span class='ocrx_word' id='word_1_94' title='bbox 975 769 1010 803; x_wconf 92' lang='lat' dir='ltr'><strong>in</strong></span> <span class='ocrx_word' id='word_1_95' title='bbox 1037 775 1178 815; x_wconf 87' lang='lat' dir='ltr'><strong>certos,</strong></span> <span class='ocrx_word' id='word_1_96' title='bbox 1207 781 1252 805; x_wconf 91' lang='lat' dir='ltr'><strong>an</strong></span> <span class='ocrx_word' id='word_1_97' title='bbox 1280 771 1434 806; x_wconf 90' lang='lat' dir='ltr'><strong>incertos</strong></span> <span class='ocrx_word' id='word_1_98' title='bbox 1460 782 1552 806; x_wconf 90' lang='lat' dir='ltr'><strong>con-</strong></span> 
     </span>
     <span class='ocr_line' id='line_1_12' title="bbox 106 827 1552 880; baseline 0.004 -17"><span class='ocrx_word' id='word_1_99' title='bbox 106 827 177 877; x_wconf 89' lang='lat' dir='ltr'><strong>cipi</strong></span> <span class='ocrx_word' id='word_1_100' title='bbox 203 828 468 864; x_wconf 87' lang='lat' dir='ltr'><strong>consucuerint.</strong></span> <span class='ocrx_word' id='word_1_101' title='bbox 520 828 649 864; x_wconf 87' lang='lat' dir='ltr'><strong>Ferias</strong></span> <span class='ocrx_word' id='word_1_102' title='bbox 675 829 823 865; x_wconf 88' lang='lat' dir='ltr'><strong>annales</strong></span> <span class='ocrx_word' id='word_1_103' title='bbox 857 829 981 864; x_wconf 83' lang='lat' dir='ltr'><strong>incerti</strong></span> <span class='ocrx_word' id='word_1_104' title='bbox 1008 830 1193 877; x_wconf 89' lang='lat' dir='ltr'><strong>temporis,</strong></span> <span class='ocrx_word' id='word_1_105' title='bbox 1222 843 1318 880; x_wconf 85' lang='lat' dir='ltr'><strong>quae</strong></span> <span class='ocrx_word' id='word_1_106' title='bbox 1346 830 1552 869; x_wconf 87' lang='lat' dir='ltr'><strong>inciderunt</strong></span> 
     </span>
     <span class='ocr_line' id='line_1_13' title="bbox 106 889 1551 940; baseline 0.004 -16"><span class='ocrx_word' id='word_1_107' title='bbox 106 889 142 924; x_wconf 92' lang='lat' dir='ltr'><strong>in</strong></span> <span class='ocrx_word' id='word_1_108' title='bbox 169 889 308 938; x_wconf 83' lang='lat' dir='ltr'><strong>priores</strong></span> <span class='ocrx_word' id='word_1_109' title='bbox 333 902 396 925; x_wconf 83' lang='lat' dir='ltr'><strong>sex</strong></span> <span class='ocrx_word' id='word_1_110' title='bbox 428 901 590 937; x_wconf 86' lang='lat' dir='ltr'><strong>menses,</strong></span> <span class='ocrx_word' id='word_1_111' title='bbox 618 890 726 939; x_wconf 82' lang='lat' dir='ltr'><strong>plane</strong></span> <span class='ocrx_word' id='word_1_112' title='bbox 759 890 972 940; x_wconf 89' lang='lat' dir='ltr'><strong>praeteritas</strong></span> <span class='ocrx_word' id='word_1_113' title='bbox 1009 890 1055 926; x_wconf 90' lang='lat' dir='ltr'><strong>ab</strong></span> <span class='ocrx_word' id='word_1_114' title='bbox 1083 889 1216 927; x_wconf 90' lang='lat' dir='ltr'><strong>Ouidio</strong></span> <span class='ocrx_word' id='word_1_115' title='bbox 1244 892 1359 927; x_wconf 89' lang='lat' dir='ltr'><strong>nullas</strong></span> <span class='ocrx_word' id='word_1_116' title='bbox 1386 892 1551 930; x_wconf 84' lang='lat' dir='ltr'><strong>existimo</strong></span> 
     </span>
     <span class='ocr_line' id='line_1_14' title="bbox 105 950 1550 1000; baseline 0.003 -14"><span class='ocrx_word' id='word_1_117' title='bbox 105 957 255 1000; x_wconf 87' lang='lat' dir='ltr'><strong>praeter</strong></span> <span class='ocrx_word' id='word_1_118' title='bbox 279 950 448 997; x_wconf 84' lang='lat' dir='ltr'><strong>Latinas,</strong></span> <span class='ocrx_word' id='word_1_119' title='bbox 485 951 531 988; x_wconf 93' lang='lat' dir='ltr'><strong>de</strong></span> <span class='ocrx_word' id='word_1_120' title='bbox 557 951 687 1000; x_wconf 93' lang='lat' dir='ltr'><strong>quibus</strong></span> <span class='ocrx_word' id='word_1_121' title='bbox 713 950 773 988; x_wconf 80' lang='lat' dir='ltr'><strong>adi</strong></span> <span class='ocrx_word' id='word_1_122' title='bbox 801 950 1004 988; x_wconf 88' lang='lat' dir='ltr'><strong>Varronem</strong></span> <span class='ocrx_word' id='word_1_123' title='bbox 1031 953 1068 996; x_wconf 84' lang='lat'><strong>6,</strong></span> <span class='ocrx_word' id='word_1_124' title='bbox 1091 952 1153 996; x_wconf 88' lang='grc'><strong>25,</strong></span> <span class='ocrx_word' id='word_1_125' title='bbox 1178 952 1414 990; x_wconf 85' lang='lat' dir='ltr'><strong>Niebubrium</strong></span> <span class='ocrx_word' id='word_1_126' title='bbox 1441 953 1478 990; x_wconf 91' lang='lat' dir='ltr'><strong>h.</strong></span> <span class='ocrx_word' id='word_1_127' title='bbox 1502 954 1550 991; x_wconf 89' lang='lat' dir='ltr'><strong>R.</strong></span> 
     </span>
     <span class='ocr_line' id='line_1_15' title="bbox 105 1012 1552 1064; baseline 0.003 -16"><span class='ocrx_word' id='word_1_128' title='bbox 105 1017 145 1060; x_wconf 86' lang='lat'><strong>2,</strong></span> <span class='ocrx_word' id='word_1_129' title='bbox 173 1025 210 1062; x_wconf 88' lang='lat' dir='ltr'><strong>p.</strong></span> <span class='ocrx_word' id='word_1_130' title='bbox 225 1014 273 1048; x_wconf 82' lang='lat'><strong>38</strong></span> <span class='ocrx_word' id='word_1_131' title='bbox 289 1024 387 1061; x_wconf 87' lang='lat' dir='ltr'><strong>sqq.,</strong></span> <span class='ocrx_word' id='word_1_132' title='bbox 421 1013 657 1049; x_wconf 87' lang='lat' dir='ltr'><strong>Vaassenium</strong></span> <span class='ocrx_word' id='word_1_133' title='bbox 693 1012 876 1049; x_wconf 89' lang='lat' dir='ltr'><strong>animadu.</strong></span> <span class='ocrx_word' id='word_1_134' title='bbox 903 1026 940 1062; x_wconf 89' lang='lat' dir='ltr'><strong>p.</strong></span> <span class='ocrx_word' id='word_1_135' title='bbox 957 1014 1031 1049; x_wconf 89' lang='grc'><strong>245</strong></span> <span class='ocrx_word' id='word_1_136' title='bbox 1056 1026 1127 1062; x_wconf 85' lang='lat' dir='ltr'><strong>sq.,</strong></span> <span class='ocrx_word' id='word_1_137' title='bbox 1161 1026 1198 1063; x_wconf 87' lang='lat' dir='ltr'><strong>p.</strong></span> <span class='ocrx_word' id='word_1_138' title='bbox 1221 1015 1296 1050; x_wconf 83' lang='lat'><strong>294</strong></span> <span class='ocrx_word' id='word_1_139' title='bbox 1314 1027 1394 1064; x_wconf 88' lang='lat' dir='ltr'><strong>sqq.</strong></span> <span class='ocrx_word' id='word_1_140' title='bbox 1455 1015 1552 1052; x_wconf 87' lang='lat' dir='ltr'><strong>Nam</strong></span> 
     </span>
     <span class='ocr_line' id='line_1_16' title="bbox 106 1073 1551 1124; baseline 0.002 -13"><span class='ocrx_word' id='word_1_141' title='bbox 106 1074 323 1124; x_wconf 84' lang='lat' dir='ltr'><strong>Compitalia</strong></span> <span class='ocrx_word' id='word_1_142' title='bbox 350 1086 485 1122; x_wconf 86' lang='lat' dir='ltr'><strong>uerna,</strong></span> <span class='ocrx_word' id='word_1_143' title='bbox 523 1074 596 1111; x_wconf 91' lang='lat' dir='ltr'><strong>uid.</strong></span> <span class='ocrx_word' id='word_1_144' title='bbox 625 1074 728 1110; x_wconf 87' lang='lat' dir='ltr'><strong>Suet.</strong></span> <span class='ocrx_word' id='word_1_145' title='bbox 758 1073 842 1111; x_wconf 92' lang='lat' dir='ltr'><strong>Oct.</strong></span> <span class='ocrx_word' id='word_1_146' title='bbox 872 1077 944 1121; x_wconf 85' lang='lat'><strong>31,</strong></span> <span class='ocrx_word' id='word_1_147' title='bbox 978 1075 1210 1124; x_wconf 86' lang='lat' dir='ltr'><strong>conceptiuas</strong></span> <span class='ocrx_word' id='word_1_148' title='bbox 1236 1074 1383 1121; x_wconf 86' lang='lat' dir='ltr'><strong>serias,-</strong></span> <span class='ocrx_word' id='word_1_149' title='bbox 1403 1077 1551 1114; x_wconf 89' lang='lat' dir='ltr'><strong>testibus</strong></span> 
     </span>
     <span class='ocr_line' id='line_1_17' title="bbox 105 1134 1550 1185; baseline 0.001 -13"><span class='ocrx_word' id='word_1_150' title='bbox 105 1134 292 1172; x_wconf 92' lang='lat' dir='ltr'><strong>Macrobio</strong></span> <span class='ocrx_word' id='word_1_151' title='bbox 321 1139 354 1180; x_wconf 90' lang='lat'><strong>1,</strong></span> <span class='ocrx_word' id='word_1_152' title='bbox 381 1135 405 1171; x_wconf 82' lang='lat'>5</span> <span class='ocrx_word' id='word_1_153' title='bbox 424 1134 503 1182; x_wconf 70' lang='lat' dir='ltr'><strong>sin.,</strong></span> <span class='ocrx_word' id='word_1_154' title='bbox 533 1135 631 1172; x_wconf 88' lang='lat' dir='ltr'><strong>Gell.</strong></span> <span class='ocrx_word' id='word_1_155' title='bbox 660 1138 721 1182; x_wconf 92' lang='grc'><strong>10,</strong></span> <span class='ocrx_word' id='word_1_156' title='bbox 740 1138 790 1171; x_wconf 88' lang='grc'><strong>24</strong></span> <span class='ocrx_word' id='word_1_157' title='bbox 818 1142 855 1172; x_wconf 91' lang='lat' dir='ltr'><strong>et</strong></span> <span class='ocrx_word' id='word_1_158' title='bbox 880 1136 994 1172; x_wconf 92' lang='lat' dir='ltr'><strong>Paulo</strong></span> <span class='ocrx_word' id='word_1_159' title='bbox 1020 1137 1123 1173; x_wconf 83' lang='lat' dir='ltr'><strong>Diae.</strong></span> <span class='ocrx_word' id='word_1_160' title='bbox 1150 1149 1187 1185; x_wconf 88' lang='lat' dir='ltr'><strong>p.</strong></span> <span class='ocrx_word' id='word_1_161' title='bbox 1204 1137 1267 1183; x_wconf 83' lang='lat'><strong>62,</strong></span> <span class='ocrx_word' id='word_1_162' title='bbox 1297 1137 1358 1183; x_wconf 90' lang='grc'><strong>15,</strong></span> <span class='ocrx_word' id='word_1_163' title='bbox 1385 1149 1431 1174; x_wconf 90' lang='lat' dir='ltr'><strong>ne</strong></span> <span class='ocrx_word' id='word_1_164' title='bbox 1457 1138 1550 1174; x_wconf 89' lang='lat' dir='ltr'><strong>Var-</strong></span> 
     </span>
     <span class='ocr_line' id='line_1_18' title="bbox 105 1196 1551 1248; baseline 0.002 -16"><span class='ocrx_word' id='word_1_165' title='bbox 105 1197 204 1233; x_wconf 89' lang='lat' dir='ltr'><strong>ronis</strong></span> <span class='ocrx_word' id='word_1_166' title='bbox 222 1196 300 1245; x_wconf 89' lang='lat' dir='ltr'><strong>quis</strong></span> <span class='ocrx_word' id='word_1_167' title='bbox 321 1197 424 1234; x_wconf 90' lang='lat' dir='ltr'><strong>nimis</strong></span> <span class='ocrx_word' id='word_1_168' title='bbox 445 1204 623 1234; x_wconf 82' lang='lat' dir='ltr'><strong>uetustum</strong></span> <span class='ocrx_word' id='word_1_169' title='bbox 648 1198 889 1233; x_wconf 87' lang='lat' dir='ltr'><strong>testimonium</strong></span> <span class='ocrx_word' id='word_1_170' title='bbox 907 1197 1015 1245; x_wconf 87' lang='lat' dir='ltr'><strong>dicat,</strong></span> <span class='ocrx_word' id='word_1_171' title='bbox 1039 1204 1257 1233; x_wconf 78' lang='lat' dir='ltr'><strong>tractaturus</strong></span> <span class='ocrx_word' id='word_1_172' title='bbox 1275 1197 1384 1235; x_wconf 84' lang='lat' dir='ltr'><strong>fuisse</strong></span> <span class='ocrx_word' id='word_1_173' title='bbox 1405 1199 1551 1248; x_wconf 85' lang='lat' dir='ltr'><strong>copiose</strong></span> 
     </span>
     <span class='ocr_line' id='line_1_19' title="bbox 105 1256 1550 1308; baseline 0.001 -14"><span class='ocrx_word' id='word_1_174' title='bbox 105 1257 250 1294; x_wconf 90' lang='lat' dir='ltr'><strong>uidetur</strong></span> <span class='ocrx_word' id='word_1_175' title='bbox 266 1256 430 1294; x_wconf 90' lang='lat' dir='ltr'><strong>Ouidius.</strong></span> <span class='ocrx_word' id='word_1_176' title='bbox 467 1259 612 1295; x_wconf 87' lang='lat' dir='ltr'><strong>Etenim</strong></span> <span class='ocrx_word' id='word_1_177' title='bbox 636 1259 673 1294; x_wconf 91' lang='lat' dir='ltr'><strong>in</strong></span> <span class='ocrx_word' id='word_1_178' title='bbox 699 1258 792 1295; x_wconf 90' lang='lat' dir='ltr'><strong>libro</strong></span> <span class='ocrx_word' id='word_1_179' title='bbox 820 1259 994 1306; x_wconf 89' lang='lat' dir='ltr'><strong>secundo,</strong></span> <span class='ocrx_word' id='word_1_180' title='bbox 1024 1259 1083 1295; x_wconf 91' lang='lat' dir='ltr'><strong>ubi</strong></span> <span class='ocrx_word' id='word_1_181' title='bbox 1109 1259 1223 1295; x_wconf 90' lang='lat' dir='ltr'><strong>multa</strong></span> <span class='ocrx_word' id='word_1_182' title='bbox 1250 1271 1271 1294; x_wconf 90' lang='lat' dir='ltr'><strong>a</strong></span> <span class='ocrx_word' id='word_1_183' title='bbox 1297 1266 1405 1308; x_wconf 89' lang='lat' dir='ltr'><strong>poeta</strong></span> <span class='ocrx_word' id='word_1_184' title='bbox 1432 1258 1550 1296; x_wconf 83' lang='lat' dir='ltr'><strong>hiulca</strong></span> 
     </span>
     <span class='ocr_line' id='line_1_20' title="bbox 103 1319 1550 1368; baseline 0 -12"><span class='ocrx_word' id='word_1_185' title='bbox 103 1325 142 1356; x_wconf 85' lang='lat' dir='ltr'><strong>et</strong></span> <span class='ocrx_word' id='word_1_186' title='bbox 166 1319 364 1366; x_wconf 83' lang='lat' dir='ltr'><strong>incongrua</strong></span> <span class='ocrx_word' id='word_1_187' title='bbox 390 1326 475 1356; x_wconf 90' lang='lat' dir='ltr'><strong>sunt</strong></span> <span class='ocrx_word' id='word_1_188' title='bbox 501 1320 644 1367; x_wconf 85' lang='lat' dir='ltr'><strong>relicta,</strong></span> <span class='ocrx_word' id='word_1_189' title='bbox 671 1331 765 1368; x_wconf 87' lang='lat' dir='ltr'><strong>quae</strong></span> <span class='ocrx_word' id='word_1_190' title='bbox 790 1332 812 1357; x_wconf 91' lang='lat' dir='ltr'><strong>a</strong></span> <span class='ocrx_word' id='word_1_191' title='bbox 840 1333 875 1357; x_wconf 92' lang='lat' dir='ltr'><strong>u.</strong></span> <span class='ocrx_word' id='word_1_192' title='bbox 894 1320 965 1356; x_wconf 76' lang='lat'><strong>671</strong></span> <span class='ocrx_word' id='word_1_193' title='bbox 995 1319 1041 1356; x_wconf 82' lang='lat' dir='ltr'><strong>ad</strong></span> <span class='ocrx_word' id='word_1_194' title='bbox 1068 1321 1142 1356; x_wconf 84' lang='lat'><strong>617</strong></span> <span class='ocrx_word' id='word_1_195' title='bbox 1169 1319 1215 1355; x_wconf 89' lang='lat' dir='ltr'><strong>de</strong></span> <span class='ocrx_word' id='word_1_196' title='bbox 1241 1319 1310 1356; x_wconf 87' lang='lat' dir='ltr'><strong>dea</strong></span> <span class='ocrx_word' id='word_1_197' title='bbox 1335 1320 1464 1357; x_wconf 88' lang='lat' dir='ltr'><strong>Tacita</strong></span> <span class='ocrx_word' id='word_1_198' title='bbox 1490 1320 1550 1356; x_wconf 90' lang='lat' dir='ltr'><strong>uel</strong></span> 
     </span>
     <span class='ocr_line' id='line_1_21' title="bbox 103 1379 1550 1430; baseline 0.002 -14"><span class='ocrx_word' id='word_1_199' title='bbox 103 1380 208 1416; x_wconf 89' lang='lat' dir='ltr'><strong>Muta</strong></span> <span class='ocrx_word' id='word_1_200' title='bbox 226 1379 361 1416; x_wconf 88' lang='lat' dir='ltr'><strong>Larum</strong></span> <span class='ocrx_word' id='word_1_201' title='bbox 388 1387 504 1418; x_wconf 85' lang='lat' dir='ltr'><strong>matre</strong></span> <span class='ocrx_word' id='word_1_202' title='bbox 530 1381 712 1430; x_wconf 84' lang='lat' dir='ltr'><strong>leguntur,</strong></span> <span class='ocrx_word' id='word_1_203' title='bbox 739 1394 812 1417; x_wconf 92' lang='lat' dir='ltr'><strong>non</strong></span> <span class='ocrx_word' id='word_1_204' title='bbox 832 1382 879 1418; x_wconf 90' lang='lat' dir='ltr'><strong>ad</strong></span> <span class='ocrx_word' id='word_1_205' title='bbox 900 1381 1057 1428; x_wconf 85' lang='lat' dir='ltr'><strong>Feralia,</strong></span> <span class='ocrx_word' id='word_1_206' title='bbox 1084 1380 1147 1416; x_wconf 91' lang='lat' dir='ltr'><strong>sed</strong></span> <span class='ocrx_word' id='word_1_207' title='bbox 1171 1380 1217 1416; x_wconf 91' lang='lat' dir='ltr'><strong>ad</strong></span> <span class='ocrx_word' id='word_1_208' title='bbox 1238 1381 1453 1430; x_wconf 85' lang='lat' dir='ltr'><strong>Compitalia</strong></span> <span class='ocrx_word' id='word_1_209' title='bbox 1473 1381 1550 1419; x_wconf 87' lang='lat' dir='ltr'><strong>siue</strong></span> 
     </span>
     <span class='ocr_line' id='line_1_22' title="bbox 102 1440 1548 1493; baseline 0.001 -16"><span class='ocrx_word' id='word_1_210' title='bbox 102 1440 268 1490; x_wconf 89' lang='lat' dir='ltr'><strong>Lararia,</strong></span> <span class='ocrx_word' id='word_1_211' title='bbox 294 1442 393 1478; x_wconf 88' lang='lat' dir='ltr'><strong>Fest.</strong></span> <span class='ocrx_word' id='word_1_212' title='bbox 415 1443 552 1492; x_wconf 78' lang='lat' dir='ltr'><strong>p.253‚</strong></span> <span class='ocrx_word' id='word_1_213' title='bbox 570 1445 615 1480; x_wconf 87' lang='lat'><strong>16</strong></span> <span class='ocrx_word' id='word_1_214' title='bbox 629 1444 711 1491; x_wconf 90' lang='lat' dir='ltr'><strong>sin.,</strong></span> <span class='ocrx_word' id='word_1_215' title='bbox 738 1442 958 1493; x_wconf 85' lang='lat' dir='ltr'><strong>spectauisse</strong></span> <span class='ocrx_word' id='word_1_216' title='bbox 976 1448 1080 1491; x_wconf 81' lang='lat' dir='ltr'><strong>pute,</strong></span> <span class='ocrx_word' id='word_1_217' title='bbox 1109 1441 1192 1478; x_wconf 87' lang='lat' dir='ltr'><strong>uide</strong></span> <span class='ocrx_word' id='word_1_218' title='bbox 1213 1441 1258 1478; x_wconf 88' lang='lat' dir='ltr'><strong>de</strong></span> <span class='ocrx_word' id='word_1_219' title='bbox 1279 1443 1404 1479; x_wconf 86' lang='lat' dir='ltr'><strong>eadem</strong></span> <span class='ocrx_word' id='word_1_220' title='bbox 1424 1443 1461 1478; x_wconf 94' lang='lat' dir='ltr'><strong>in</strong></span> <span class='ocrx_word' id='word_1_221' title='bbox 1480 1442 1548 1479; x_wconf 88' lang='lat' dir='ltr'><strong>illis</strong></span> 
     </span>
     <span class='ocr_line' id='line_1_23' title="bbox 103 1502 1549 1554; baseline 0.001 -15"><span class='ocrx_word' id='word_1_222' title='bbox 103 1503 321 1540; x_wconf 87' lang='lat' dir='ltr'><strong>caerimonia</strong></span> <span class='ocrx_word' id='word_1_223' title='bbox 339 1503 562 1541; x_wconf 90' lang='lat' dir='ltr'><strong>Macrobium</strong></span> <span class='ocrx_word' id='word_1_224' title='bbox 586 1510 622 1553; x_wconf 91' lang='lat'><strong>1,</strong></span> <span class='ocrx_word' id='word_1_225' title='bbox 639 1507 676 1553; x_wconf 88' lang='lat'><strong>7,</strong></span> <span class='ocrx_word' id='word_1_226' title='bbox 699 1518 736 1554; x_wconf 88' lang='lat' dir='ltr'><strong>p.</strong></span> <span class='ocrx_word' id='word_1_227' title='bbox 750 1507 826 1540; x_wconf 86' lang='lat'><strong>220</strong></span> <span class='ocrx_word' id='word_1_228' title='bbox 840 1516 911 1553; x_wconf 87' lang='lat' dir='ltr'><strong>sq.,</strong></span> <span class='ocrx_word' id='word_1_229' title='bbox 937 1503 984 1539; x_wconf 91' lang='lat' dir='ltr'><strong>de</strong></span> <span class='ocrx_word' id='word_1_230' title='bbox 1005 1504 1150 1552; x_wconf 85' lang='lat' dir='ltr'><strong>reliquis</strong></span> <span class='ocrx_word' id='word_1_231' title='bbox 1174 1516 1273 1548; x_wconf 80' lang='lat' dir='ltr'><strong>uere,</strong></span> <span class='ocrx_word' id='word_1_232' title='bbox 1300 1516 1394 1553; x_wconf 91' lang='lat' dir='ltr'><strong>quae</strong></span> <span class='ocrx_word' id='word_1_233' title='bbox 1415 1502 1549 1540; x_wconf 88' lang='lat' dir='ltr'><strong>Ouidio</strong></span> 
     </span>
     <span class='ocr_line' id='line_1_24' title="bbox 103 1565 1546 1615; baseline -0.001 -14"><span class='ocrx_word' id='word_1_234' title='bbox 103 1566 442 1603; x_wconf 89' lang='lat' dir='ltr'><strong>commemorandae</strong></span> <span class='ocrx_word' id='word_1_235' title='bbox 468 1568 665 1612; x_wconf 77' lang='lat' dir='ltr'><strong>restabant,</strong></span> <span class='ocrx_word' id='word_1_236' title='bbox 691 1567 840 1603; x_wconf 89' lang='lat' dir='ltr'><strong>Festum</strong></span> <span class='ocrx_word' id='word_1_237' title='bbox 870 1579 907 1615; x_wconf 89' lang='lat' dir='ltr'><strong>p.</strong></span> <span class='ocrx_word' id='word_1_238' title='bbox 925 1565 1014 1612; x_wconf 90' lang='grc'><strong>257,</strong></span> <span class='ocrx_word' id='word_1_239' title='bbox 1043 1569 1061 1600; x_wconf 91' lang='lat'>1</span> <span class='ocrx_word' id='word_1_240' title='bbox 1085 1566 1168 1612; x_wconf 90' lang='lat' dir='ltr'><strong>sin.,</strong></span> <span class='ocrx_word' id='word_1_241' title='bbox 1196 1565 1349 1601; x_wconf 88' lang='lat' dir='ltr'><strong>Paulum</strong></span> <span class='ocrx_word' id='word_1_242' title='bbox 1377 1577 1414 1613; x_wconf 90' lang='lat' dir='ltr'><strong>p.</strong></span> <span class='ocrx_word' id='word_1_243' title='bbox 1430 1566 1494 1613; x_wconf 85' lang='lat'><strong>69,</strong></span> <span class='ocrx_word' id='word_1_244' title='bbox 1510 1566 1546 1609; x_wconf 82' lang='lat'><strong>6,</strong></span> 
     </span>
     <span class='ocr_line' id='line_1_25' title="bbox 102 1626 1446 1677; baseline -0.001 -13"><span class='ocrx_word' id='word_1_245' title='bbox 102 1638 142 1677; x_wconf 82' lang='lat' dir='ltr'><strong>p.</strong></span> <span class='ocrx_word' id='word_1_246' title='bbox 159 1631 246 1674; x_wconf 91' lang='grc'><strong>121,</strong></span> <span class='ocrx_word' id='word_1_247' title='bbox 262 1628 328 1663; x_wconf 86' lang='lat'><strong>]7:</strong></span> <span class='ocrx_word' id='word_1_248' title='bbox 354 1627 516 1676; x_wconf 88' lang='lat' dir='ltr'><strong>Dionysii</strong></span> <span class='ocrx_word' id='word_1_249' title='bbox 543 1629 625 1664; x_wconf 89' lang='lat' dir='ltr'><strong>Hal.</strong></span> <span class='ocrx_word' id='word_1_250' title='bbox 648 1631 686 1676; x_wconf 85' lang='lat'><strong>4,</strong></span> <span class='ocrx_word' id='word_1_251' title='bbox 706 1630 754 1664; x_wconf 83' lang='lat'><strong>14</strong></span> <span class='ocrx_word' id='word_1_252' title='bbox 779 1628 946 1664; x_wconf 88' lang='lat' dir='ltr'><strong>mirificus</strong></span> <span class='ocrx_word' id='word_1_253' title='bbox 973 1633 1027 1663; x_wconf 93' lang='lat' dir='ltr'><strong>est</strong></span> <span class='ocrx_word' id='word_1_254' title='bbox 1055 1638 1158 1662; x_wconf 88' lang='lat' dir='ltr'><strong>error</strong></span> <span class='ocrx_word' id='word_1_255' title='bbox 1184 1626 1231 1663; x_wconf 90' lang='lat' dir='ltr'><strong>de</strong></span> <span class='ocrx_word' id='word_1_256' title='bbox 1257 1626 1310 1662; x_wconf 88' lang='lat' dir='ltr'><strong>bis</strong></span> <span class='ocrx_word' id='word_1_257' title='bbox 1336 1626 1446 1663; x_wconf 81' lang='lat' dir='ltr'><strong>seriis.</strong></span> 
     </span>
    </p>

    <p class='ocr_par' dir='ltr' id='par_1_4' title="bbox 94 1686 1548 2473">
     <span class='ocr_line' id='line_1_26' title="bbox 202 1686 1548 1739; baseline 0.001 -16"><span class='ocrx_word' id='word_1_258' title='bbox 202 1688 335 1725; x_wconf 89' lang='lat' dir='ltr'><strong>Feriae</strong></span> <span class='ocrx_word' id='word_1_259' title='bbox 368 1690 515 1726; x_wconf 89' lang='lat' dir='ltr'><strong>annales</strong></span> <span class='ocrx_word' id='word_1_260' title='bbox 550 1691 746 1739; x_wconf 88' lang='lat' dir='ltr'><strong>populares</strong></span> <span class='ocrx_word' id='word_1_261' title='bbox 781 1690 816 1725; x_wconf 93' lang='lat' dir='ltr'><strong>in</strong></span> <span class='ocrx_word' id='word_1_262' title='bbox 850 1695 989 1725; x_wconf 89' lang='lat' dir='ltr'><strong>certum</strong></span> <span class='ocrx_word' id='word_1_263' title='bbox 1023 1688 1117 1724; x_wconf 87' lang='lat' dir='ltr'><strong>diem</strong></span> <span class='ocrx_word' id='word_1_264' title='bbox 1144 1689 1286 1737; x_wconf 91' lang='lat' dir='ltr'><strong>concipi</strong></span> <span class='ocrx_word' id='word_1_265' title='bbox 1315 1688 1442 1724; x_wconf 86' lang='lat' dir='ltr'><strong>solitae</strong></span> <span class='ocrx_word' id='word_1_266' title='bbox 1466 1686 1548 1725; x_wconf 86' lang='lat' dir='ltr'><strong>sue-</strong></span> 
     </span>
     <span class='ocr_line' id='line_1_27' title="bbox 102 1749 1547 1801; baseline 0 -16"><span class='ocrx_word' id='word_1_267' title='bbox 102 1755 190 1786; x_wconf 86' lang='lat' dir='ltr'><strong>runt</strong></span> <span class='ocrx_word' id='word_1_268' title='bbox 214 1749 391 1797; x_wconf 85' lang='lat' dir='ltr'><strong>Caristia,</strong></span> <span class='ocrx_word' id='word_1_269' title='bbox 427 1754 466 1798; x_wconf 88' lang='lat'><strong>2,</strong></span> <span class='ocrx_word' id='word_1_270' title='bbox 488 1752 585 1798; x_wconf 82' lang='lat'><strong>615,</strong></span> <span class='ocrx_word' id='word_1_271' title='bbox 621 1758 795 1801; x_wconf 90' lang='lat' dir='ltr'><strong>quantum</strong></span> <span class='ocrx_word' id='word_1_272' title='bbox 831 1750 1005 1798; x_wconf 84' lang='lat' dir='ltr'><strong>intelligo.</strong></span> <span class='ocrx_word' id='word_1_273' title='bbox 1057 1749 1155 1784; x_wconf 90' lang='lat' dir='ltr'><strong>Nam</strong></span> <span class='ocrx_word' id='word_1_274' title='bbox 1179 1749 1208 1784; x_wconf 89' lang='lat' dir='ltr'><strong>si</strong></span> <span class='ocrx_word' id='word_1_275' title='bbox 1234 1755 1351 1785; x_wconf 85' lang='lat' dir='ltr'><strong>statae</strong></span> <span class='ocrx_word' id='word_1_276' title='bbox 1381 1749 1547 1796; x_wconf 79' lang='lat' dir='ltr'><strong>fuissent,</strong></span> 
     </span>
     <span class='ocr_line' id='line_1_28' title="bbox 102 1810 1546 1858; baseline -0.001 -11"><span class='ocrx_word' id='word_1_277' title='bbox 102 1810 239 1858; x_wconf 84' lang='lat' dir='ltr'><strong>credo,</strong></span> <span class='ocrx_word' id='word_1_278' title='bbox 274 1817 488 1847; x_wconf 89' lang='lat' dir='ltr'><strong>notarentur</strong></span> <span class='ocrx_word' id='word_1_279' title='bbox 522 1812 557 1847; x_wconf 92' lang='lat' dir='ltr'><strong>in</strong></span> <span class='ocrx_word' id='word_1_280' title='bbox 592 1811 695 1848; x_wconf 82' lang='lat' dir='ltr'><strong>fastis</strong></span> <span class='ocrx_word' id='word_1_281' title='bbox 729 1810 933 1848; x_wconf 85' lang='lat' dir='ltr'><strong>Maffeanis.</strong></span> <span class='ocrx_word' id='word_1_282' title='bbox 991 1810 1184 1846; x_wconf 87' lang='lat' dir='ltr'><strong>Fastorum</strong></span> <span class='ocrx_word' id='word_1_283' title='bbox 1209 1810 1546 1858; x_wconf 84' lang='lat' dir='ltr'><strong>Lambecianorum,</strong></span> 
     </span>
     <span class='ocr_line' id='line_1_29' title="bbox 101 1871 1544 1922; baseline 0.001 -15"><span class='ocrx_word' id='word_1_284' title='bbox 101 1872 165 1908; x_wconf 94' lang='lat' dir='ltr'><strong>ubi</strong></span> <span class='ocrx_word' id='word_1_285' title='bbox 190 1871 318 1908; x_wconf 91' lang='lat' dir='ltr'><strong>eodem</strong></span> <span class='ocrx_word' id='word_1_286' title='bbox 345 1871 403 1908; x_wconf 91' lang='lat' dir='ltr'><strong>die</strong></span> <span class='ocrx_word' id='word_1_287' title='bbox 424 1885 496 1921; x_wconf 91' lang='lat' dir='ltr'><strong>quo</strong></span> <span class='ocrx_word' id='word_1_288' title='bbox 516 1873 614 1922; x_wconf 87' lang='lat' dir='ltr'><strong>apud</strong></span> <span class='ocrx_word' id='word_1_289' title='bbox 637 1872 810 1910; x_wconf 90' lang='lat' dir='ltr'><strong>Ouidium</strong></span> <span class='ocrx_word' id='word_1_290' title='bbox 833 1877 971 1919; x_wconf 79' lang='lat' dir='ltr'><strong>extant,</strong></span> <span class='ocrx_word' id='word_1_291' title='bbox 1000 1884 1072 1908; x_wconf 91' lang='lat' dir='ltr'><strong>non</strong></span> <span class='ocrx_word' id='word_1_292' title='bbox 1099 1883 1230 1920; x_wconf 85' lang='lat' dir='ltr'><strong>magna</strong></span> <span class='ocrx_word' id='word_1_293' title='bbox 1257 1878 1311 1908; x_wconf 87' lang='lat' dir='ltr'><strong>est</strong></span> <span class='ocrx_word' id='word_1_294' title='bbox 1337 1871 1544 1908; x_wconf 86' lang='lat' dir='ltr'><strong>auctoritas.</strong></span> 
     </span>
     <span class='ocr_line' id='line_1_30' title="bbox 97 1931 1548 1984; baseline 0 -15"><span class='ocrx_word' id='word_1_295' title='bbox 97 1931 296 1970; x_wconf 87' lang='lat' dir='ltr'><strong>Praeterea</strong></span> <span class='ocrx_word' id='word_1_296' title='bbox 323 1945 500 1984; x_wconf 89' lang='lat' dir='ltr'><strong>nusquam</strong></span> <span class='ocrx_word' id='word_1_297' title='bbox 527 1941 854 1971; x_wconf 85' lang='lat' dir='ltr'><strong>commemorantur</strong></span> <span class='ocrx_word' id='word_1_298' title='bbox 879 1934 943 1969; x_wconf 88' lang='lat' dir='ltr'><strong>nisi</strong></span> <span class='ocrx_word' id='word_1_299' title='bbox 969 1932 1066 1982; x_wconf 91' lang='lat' dir='ltr'><strong>apud</strong></span> <span class='ocrx_word' id='word_1_300' title='bbox 1091 1933 1211 1970; x_wconf 88' lang='lat' dir='ltr'><strong>Valer.</strong></span> <span class='ocrx_word' id='word_1_301' title='bbox 1232 1934 1330 1970; x_wconf 81' lang='lat' dir='ltr'><strong>Max.</strong></span> <span class='ocrx_word' id='word_1_302' title='bbox 1351 1937 1391 1981; x_wconf 90' lang='grc'><strong>2,</strong></span> <span class='ocrx_word' id='word_1_303' title='bbox 1412 1937 1448 1981; x_wconf 90' lang='grc'><strong>1,</strong></span> <span class='ocrx_word' id='word_1_304' title='bbox 1466 1936 1490 1970; x_wconf 90' lang='grc'>8</span> <span class='ocrx_word' id='word_1_305' title='bbox 1510 1939 1548 1970; x_wconf 95' lang='lat' dir='ltr'><strong>et</strong></span> 
     </span>
     <span class='ocr_line' id='line_1_31' title="bbox 99 1994 1546 2045; baseline 0 -14"><span class='ocrx_word' id='word_1_306' title='bbox 99 1995 136 2032; x_wconf 90' lang='lat' dir='ltr'><strong>in</strong></span> <span class='ocrx_word' id='word_1_307' title='bbox 158 1994 259 2031; x_wconf 84' lang='lat' dir='ltr'><strong>fastis</strong></span> <span class='ocrx_word' id='word_1_308' title='bbox 279 1995 419 2031; x_wconf 88' lang='lat' dir='ltr'><strong>rusticis</strong></span> <span class='ocrx_word' id='word_1_309' title='bbox 436 1996 600 2042; x_wconf 66' lang='lat' dir='ltr'><strong>Fames,</strong></span> <span class='ocrx_word' id='word_1_310' title='bbox 627 2007 722 2045; x_wconf 91' lang='lat' dir='ltr'><strong>quae</strong></span> <span class='ocrx_word' id='word_1_311' title='bbox 749 1996 795 2031; x_wconf 87' lang='lat' dir='ltr'><strong>ab</strong></span> <span class='ocrx_word' id='word_1_312' title='bbox 823 1995 898 2032; x_wconf 87' lang='lat' dir='ltr'><strong>aliis</strong></span> <span class='ocrx_word' id='word_1_313' title='bbox 924 1995 1117 2031; x_wconf 89' lang='lat' dir='ltr'><strong>obseruata</strong></span> <span class='ocrx_word' id='word_1_314' title='bbox 1143 2002 1238 2032; x_wconf 89' lang='lat' dir='ltr'><strong>sunt.</strong></span> <span class='ocrx_word' id='word_1_315' title='bbox 1277 1995 1318 2031; x_wconf 91' lang='lat' dir='ltr'><strong>In</strong></span> <span class='ocrx_word' id='word_1_316' title='bbox 1335 1995 1398 2040; x_wconf 24' lang='lat' dir='ltr'><strong>(his</strong></span> <span class='ocrx_word' id='word_1_317' title='bbox 1424 2001 1546 2031; x_wconf 84' lang='lat' dir='ltr'><strong>autem</strong></span> 
     </span>
     <span class='ocr_line' id='line_1_32' title="bbox 98 2055 1546 2094; baseline -0.001 -1"><span class='ocrx_word' id='word_1_318' title='bbox 98 2055 203 2093; x_wconf 77' lang='lat' dir='ltr'><strong>fastis</strong></span> <span class='ocrx_word' id='word_1_319' title='bbox 230 2057 340 2093; x_wconf 90' lang='lat' dir='ltr'><strong>uerba</strong></span> <span class='ocrx_word' id='word_1_320' title='bbox 363 2057 492 2093; x_wconf 80' lang='lat' dir='ltr'><strong>CARA</strong></span> <span class='ocrx_word' id='word_1_321' title='bbox 513 2057 738 2094; x_wconf 83' lang='lat' dir='ltr'><strong>COGNAT.</strong></span> <span class='ocrx_word' id='word_1_322' title='bbox 763 2064 860 2093; x_wconf 88' lang='lat' dir='ltr'><strong>recte</strong></span> <span class='ocrx_word' id='word_1_323' title='bbox 885 2068 925 2093; x_wconf 91' lang='lat' dir='ltr'><strong>se</strong></span> <span class='ocrx_word' id='word_1_324' title='bbox 951 2056 1086 2093; x_wconf 90' lang='lat' dir='ltr'><strong>habere</strong></span> <span class='ocrx_word' id='word_1_325' title='bbox 1108 2056 1330 2093; x_wconf 86' lang='lat' dir='ltr'><strong>demonstrat</strong></span> <span class='ocrx_word' id='word_1_326' title='bbox 1348 2056 1546 2092; x_wconf 87' lang='lat' dir='ltr'><strong>Tertullia-</strong></span> 
     </span>
     <span class='ocr_line' id='line_1_33' title="bbox 100 2117 1545 2168; baseline -0.002 -13"><span class='ocrx_word' id='word_1_327' title='bbox 100 2130 168 2155; x_wconf 89' lang='lat' dir='ltr'><strong>nus</strong></span> <span class='ocrx_word' id='word_1_328' title='bbox 203 2117 250 2154; x_wconf 90' lang='lat' dir='ltr'><strong>de</strong></span> <span class='ocrx_word' id='word_1_329' title='bbox 276 2118 456 2155; x_wconf 85' lang='lat' dir='ltr'><strong>idololatr.</strong></span> <span class='ocrx_word' id='word_1_330' title='bbox 484 2131 521 2168; x_wconf 89' lang='lat' dir='ltr'><strong>p.</strong></span> <span class='ocrx_word' id='word_1_331' title='bbox 538 2120 608 2154; x_wconf 87' lang='lat'><strong>621</strong></span> <span class='ocrx_word' id='word_1_332' title='bbox 646 2119 810 2156; x_wconf 88' lang='lat' dir='ltr'><strong>editionis</strong></span> <span class='ocrx_word' id='word_1_333' title='bbox 845 2131 954 2167; x_wconf 89' lang='lat' dir='ltr'><strong>quam</strong></span> <span class='ocrx_word' id='word_1_334' title='bbox 986 2130 1097 2166; x_wconf 88' lang='lat' dir='ltr'><strong>supra</strong></span> <span class='ocrx_word' id='word_1_335' title='bbox 1131 2117 1306 2164; x_wconf 87' lang='lat' dir='ltr'><strong>indicaui,</strong></span> <span class='ocrx_word' id='word_1_336' title='bbox 1342 2117 1403 2165; x_wconf 95' lang='lat' dir='ltr'><strong>qui</strong></span> <span class='ocrx_word' id='word_1_337' title='bbox 1437 2127 1545 2153; x_wconf 81' lang='lat' dir='ltr'><strong>carae</strong></span> 
     </span>
     <span class='ocr_line' id='line_1_34' title="bbox 100 2177 1543 2230; baseline -0.002 -15"><span class='ocrx_word' id='word_1_338' title='bbox 100 2181 325 2227; x_wconf 67' lang='lat' dir='ltr'><strong>cognationis</strong></span> <span class='ocrx_word' id='word_1_339' title='bbox 356 2179 556 2217; x_wconf 77' lang='lat' dir='ltr'><strong>honoraria</strong></span> <span class='ocrx_word' id='word_1_340' title='bbox 589 2187 787 2230; x_wconf 86' lang='lat' dir='ltr'><strong>nuncupat.</strong></span> <span class='ocrx_word' id='word_1_341' title='bbox 848 2180 977 2216; x_wconf 86' lang='lat' dir='ltr'><strong>Feriae</strong></span> <span class='ocrx_word' id='word_1_342' title='bbox 1010 2177 1169 2215; x_wconf 88' lang='lat' dir='ltr'><strong>eiusdem</strong></span> <span class='ocrx_word' id='word_1_343' title='bbox 1201 2190 1282 2214; x_wconf 88' lang='lat' dir='ltr'><strong>cum</strong></span> <span class='ocrx_word' id='word_1_344' title='bbox 1317 2177 1369 2214; x_wconf 89' lang='lat' dir='ltr'><strong>his</strong></span> <span class='ocrx_word' id='word_1_345' title='bbox 1403 2177 1543 2226; x_wconf 87' lang='lat' dir='ltr'><strong>generis</strong></span> 
     </span>
     <span class='ocr_line' id='line_1_35' title="bbox 97 2237 1542 2291; baseline -0.003 -14"><span class='ocrx_word' id='word_1_346' title='bbox 97 2252 218 2290; x_wconf 85' lang='lat' dir='ltr'><strong>neque</strong></span> <span class='ocrx_word' id='word_1_347' title='bbox 255 2247 376 2277; x_wconf 88' lang='lat' dir='ltr'><strong>tamen</strong></span> <span class='ocrx_word' id='word_1_348' title='bbox 410 2242 566 2278; x_wconf 88' lang='lat' dir='ltr'><strong>uniuersi</strong></span> <span class='ocrx_word' id='word_1_349' title='bbox 601 2243 728 2291; x_wconf 86' lang='lat' dir='ltr'><strong>populi</strong></span> <span class='ocrx_word' id='word_1_350' title='bbox 763 2253 834 2277; x_wconf 91' lang='lat' dir='ltr'><strong>non</strong></span> <span class='ocrx_word' id='word_1_351' title='bbox 870 2239 1024 2276; x_wconf 85' lang='lat' dir='ltr'><strong>sortasse</strong></span> <span class='ocrx_word' id='word_1_352' title='bbox 1058 2252 1181 2276; x_wconf 88' lang='lat' dir='ltr'><strong>omnes</strong></span> <span class='ocrx_word' id='word_1_353' title='bbox 1208 2251 1229 2275; x_wconf 94' lang='lat' dir='ltr'><strong>a</strong></span> <span class='ocrx_word' id='word_1_354' title='bbox 1254 2240 1391 2276; x_wconf 87' lang='lat' dir='ltr'><strong>statiuis</strong></span> <span class='ocrx_word' id='word_1_355' title='bbox 1417 2237 1542 2288; x_wconf 90' lang='lat' dir='ltr'><strong>populi</strong></span> 
     </span>
     <span class='ocr_line' id='line_1_36' title="bbox 96 2300 1541 2351; baseline -0.001 -15"><span class='ocrx_word' id='word_1_356' title='bbox 96 2302 253 2351; x_wconf 88' lang='lat' dir='ltr'><strong>partium</strong></span> <span class='ocrx_word' id='word_1_357' title='bbox 284 2302 494 2351; x_wconf 82' lang='lat' dir='ltr'><strong>dignoscere</strong></span> <span class='ocrx_word' id='word_1_358' title='bbox 522 2303 638 2339; x_wconf 89' lang='lat' dir='ltr'><strong>ualeo.</strong></span> <span class='ocrx_word' id='word_1_359' title='bbox 680 2303 801 2338; x_wconf 84' lang='lat' dir='ltr'><strong>Vnum</strong></span> <span class='ocrx_word' id='word_1_360' title='bbox 828 2309 948 2338; x_wconf 89' lang='lat' dir='ltr'><strong>tamen</strong></span> <span class='ocrx_word' id='word_1_361' title='bbox 974 2307 1076 2337; x_wconf 82' lang='lat' dir='ltr'><strong>extra</strong></span> <span class='ocrx_word' id='word_1_362' title='bbox 1103 2301 1359 2338; x_wconf 84' lang='lat' dir='ltr'><strong>dubitationem</strong></span> <span class='ocrx_word' id='word_1_363' title='bbox 1386 2300 1541 2349; x_wconf 87' lang='lat' dir='ltr'><strong>positum</strong></span> 
     </span>
     <span class='ocr_line' id='line_1_37' title="bbox 96 2362 1541 2412; baseline -0.002 -13"><span class='ocrx_word' id='word_1_364' title='bbox 96 2363 259 2399; x_wconf 86' lang='lat' dir='ltr'><strong>existimo</strong></span> <span class='ocrx_word' id='word_1_365' title='bbox 288 2364 506 2412; x_wconf 82' lang='lat' dir='ltr'><strong>exemplum,</strong></span> <span class='ocrx_word' id='word_1_366' title='bbox 533 2364 641 2401; x_wconf 81' lang='lat' dir='ltr'><strong>ferias</strong></span> <span class='ocrx_word' id='word_1_367' title='bbox 661 2365 867 2411; x_wconf 87' lang='lat' dir='ltr'><strong>stultorum,</strong></span> <span class='ocrx_word' id='word_1_368' title='bbox 894 2374 987 2412; x_wconf 87' lang='lat' dir='ltr'><strong>quae</strong></span> <span class='ocrx_word' id='word_1_369' title='bbox 1010 2362 1141 2399; x_wconf 88' lang='lat' dir='ltr'><strong>diuersi</strong></span> <span class='ocrx_word' id='word_1_370' title='bbox 1165 2363 1223 2398; x_wconf 82' lang='lat' dir='ltr'><strong>uix</strong></span> <span class='ocrx_word' id='word_1_371' title='bbox 1249 2373 1326 2398; x_wconf 85' lang='lat' dir='ltr'><strong>esse</strong></span> <span class='ocrx_word' id='word_1_372' title='bbox 1344 2367 1541 2410; x_wconf 86' lang='lat' dir='ltr'><strong>potuerunt</strong></span> 
     </span>
     <span class='ocr_line' id='line_1_38' title="bbox 94 2425 901 2473; baseline 0 -13"><span class='ocrx_word' id='word_1_373' title='bbox 94 2425 237 2473; x_wconf 86' lang='lat' dir='ltr'><strong>generis</strong></span> <span class='ocrx_word' id='word_1_374' title='bbox 264 2436 285 2459; x_wconf 90' lang='lat' dir='ltr'><strong>a</strong></span> <span class='ocrx_word' id='word_1_375' title='bbox 310 2425 570 2462; x_wconf 84' lang='lat' dir='ltr'><strong>Foruacalibus</strong></span> <span class='ocrx_word' id='word_1_376' title='bbox 600 2438 670 2462; x_wconf 83' lang='lat' dir='ltr'><strong>non</strong></span> <span class='ocrx_word' id='word_1_377' title='bbox 697 2427 901 2462; x_wconf 87' lang='lat' dir='ltr'><strong>stultorum.</strong></span> 
     </span>
    </p>

    <p class='ocr_par' dir='ltr' id='par_1_5' title="bbox 94 2478 1540 2719">
     <span class='ocr_line' id='line_1_39' title="bbox 198 2478 1540 2535; baseline -0.003 -13"><span class='ocrx_word' id='word_1_378' title='bbox 198 2485 353 2522; x_wconf 85' lang='lat' dir='ltr'><strong>Restant</strong></span> <span class='ocrx_word' id='word_1_379' title='bbox 386 2478 494 2534; x_wconf 71' lang='lat' dir='ltr'><strong>igitur</strong></span> <span class='ocrx_word' id='word_1_380' title='bbox 528 2488 682 2523; x_wconf 80' lang='lat' dir='ltr'><strong>statinae</strong></span> <span class='ocrx_word' id='word_1_381' title='bbox 716 2489 901 2535; x_wconf 88' lang='lat' dir='ltr'><strong>utriusque</strong></span> <span class='ocrx_word' id='word_1_382' title='bbox 929 2491 1049 2522; x_wconf 87' lang='lat' dir='ltr'><strong>notae.</strong></span> <span class='ocrx_word' id='word_1_383' title='bbox 1102 2485 1236 2520; x_wconf 88' lang='lat' dir='ltr'><strong>Earum</strong></span> <span class='ocrx_word' id='word_1_384' title='bbox 1264 2495 1357 2532; x_wconf 87' lang='lat' dir='ltr'><strong>quae</strong></span> <span class='ocrx_word' id='word_1_385' title='bbox 1382 2483 1540 2519; x_wconf 90' lang='lat' dir='ltr'><strong>uniuersi</strong></span> 
     </span>
     <span class='ocr_line' id='line_1_40' title="bbox 95 2543 1539 2596; baseline -0.003 -13"><span class='ocrx_word' id='word_1_386' title='bbox 95 2547 223 2596; x_wconf 89' lang='lat' dir='ltr'><strong>populi</strong></span> <span class='ocrx_word' id='word_1_387' title='bbox 249 2546 404 2582; x_wconf 81' lang='lat' dir='ltr'><strong>Romani</strong></span> <span class='ocrx_word' id='word_1_388' title='bbox 437 2560 509 2583; x_wconf 91' lang='lat' dir='ltr'><strong>non</strong></span> <span class='ocrx_word' id='word_1_389' title='bbox 536 2548 705 2594; x_wconf 83' lang='lat' dir='ltr'><strong>fuerunt,</strong></span> <span class='ocrx_word' id='word_1_390' title='bbox 742 2549 777 2584; x_wconf 92' lang='lat' dir='ltr'><strong>in</strong></span> <span class='ocrx_word' id='word_1_391' title='bbox 804 2548 904 2584; x_wconf 80' lang='lat' dir='ltr'><strong>fastis</strong></span> <span class='ocrx_word' id='word_1_392' title='bbox 926 2546 1114 2584; x_wconf 74' lang='lat' dir='ltr'><strong>Mafseanis</strong></span> <span class='ocrx_word' id='word_1_393' title='bbox 1148 2552 1319 2582; x_wconf 81' lang='lat' dir='ltr'><strong>notantur</strong></span> <span class='ocrx_word' id='word_1_394' title='bbox 1356 2545 1456 2591; x_wconf 91' lang='lat' dir='ltr'><strong>illae,</strong></span> <span class='ocrx_word' id='word_1_395' title='bbox 1492 2543 1539 2580; x_wconf 91' lang='lat' dir='ltr'><strong>de</strong></span> 
     </span>
     <span class='ocr_line' id='line_1_41' title="bbox 96 2607 1538 2658; baseline -0.001 -14"><span class='ocrx_word' id='word_1_396' title='bbox 96 2609 227 2658; x_wconf 90' lang='lat' dir='ltr'><strong>quibus</strong></span> <span class='ocrx_word' id='word_1_397' title='bbox 253 2620 364 2657; x_wconf 87' lang='lat' dir='ltr'><strong>supra</strong></span> <span class='ocrx_word' id='word_1_398' title='bbox 390 2620 428 2656; x_wconf 88' lang='lat' dir='ltr'><strong>p.</strong></span> <span class='ocrx_word' id='word_1_399' title='bbox 454 2619 562 2644; x_wconf 77' lang='lat' dir='ltr'><strong>xmx</strong></span> <span class='ocrx_word' id='word_1_400' title='bbox 589 2609 673 2645; x_wconf 79' lang='lat' dir='ltr'><strong>dixi.</strong></span> <span class='ocrx_word' id='word_1_401' title='bbox 726 2609 784 2645; x_wconf 86' lang='lat' dir='ltr'><strong>De</strong></span> <span class='ocrx_word' id='word_1_402' title='bbox 810 2609 1029 2657; x_wconf 79' lang='lat' dir='ltr'><strong>Agonalibus</strong></span> <span class='ocrx_word' id='word_1_403' title='bbox 1061 2608 1108 2644; x_wconf 92' lang='lat' dir='ltr'><strong>lll</strong></span> <span class='ocrx_word' id='word_1_404' title='bbox 1137 2607 1188 2643; x_wconf 90' lang='lat' dir='ltr'><strong>ld.</strong></span> <span class='ocrx_word' id='word_1_405' title='bbox 1216 2607 1307 2643; x_wconf 83' lang='lat' dir='ltr'><strong>Dec.</strong></span> <span class='ocrx_word' id='word_1_406' title='bbox 1336 2618 1446 2655; x_wconf 76' lang='lat' dir='ltr'><strong>supra</strong></span> <span class='ocrx_word' id='word_1_407' title='bbox 1479 2617 1538 2643; x_wconf 89' lang='lat' dir='ltr'><strong>me</strong></span> 
     </span>
     <span class='ocr_line' id='line_1_42' title="bbox 94 2668 1535 2719; baseline -0.002 -13"><span class='ocrx_word' id='word_1_408' title='bbox 94 2669 292 2719; x_wconf 90' lang='lat' dir='ltr'><strong>aliquando</strong></span> <span class='ocrx_word' id='word_1_409' title='bbox 323 2670 358 2706; x_wconf 93' lang='lat' dir='ltr'><strong>in</strong></span> <span class='ocrx_word' id='word_1_410' title='bbox 386 2681 545 2707; x_wconf 89' lang='lat' dir='ltr'><strong>errorem</strong></span> <span class='ocrx_word' id='word_1_411' title='bbox 572 2670 775 2707; x_wconf 77' lang='lat' dir='ltr'><strong>inlexerunt</strong></span> <span class='ocrx_word' id='word_1_412' title='bbox 802 2670 997 2719; x_wconf 81' lang='lat' dir='ltr'><strong>Fogginius</strong></span> <span class='ocrx_word' id='word_1_413' title='bbox 1024 2681 1061 2718; x_wconf 89' lang='lat' dir='ltr'><strong>p.</strong></span> <span class='ocrx_word' id='word_1_414' title='bbox 1088 2670 1138 2704; x_wconf 86' lang='lat'><strong>74</strong></span> <span class='ocrx_word' id='word_1_415' title='bbox 1156 2681 1210 2717; x_wconf 90' lang='lat' dir='ltr'><strong>sq.</strong></span> <span class='ocrx_word' id='word_1_416' title='bbox 1239 2674 1275 2704; x_wconf 90' lang='lat' dir='ltr'><strong>et</strong></span> <span class='ocrx_word' id='word_1_417' title='bbox 1301 2669 1361 2717; x_wconf 89' lang='lat' dir='ltr'><strong>qui</strong></span> <span class='ocrx_word' id='word_1_418' title='bbox 1388 2668 1535 2704; x_wconf 83' lang='lat' dir='ltr'><strong>Festum</strong></span> 
     </span>
    </p>
   </div>
  </div>
 </body>
</html>
