1685 2954
619 91 718 122 LOCI
747 91 958 121 RELIGIOSI
1402 89 1517 119 chv

69 197 113 235 lis
138 194 178 245 5,
198 196 263 245 49,
285 198 346 240 13,
373 193 437 232 sed
462 192 562 229 cuius
588 196 775 228 auctorem
802 203 909 228 nemo
937 191 1069 240 tradit,
1104 203 1177 228 non
1209 196 1307 228 esset
1333 190 1518 241 improba-

69 257 142 295 bile
162 270 241 303 ¹una
268 267 380 307 opera
406 258 607 292 extructam
628 264 708 290 esse
730 264 812 288 cum
830 253 971 301 porticu
990 253 1182 301 Octauiae,
1208 264 1363 308 quacum
1389 251 1518 288 eadem

69 320 302 369 inscriptione
338 314 658 364 comprehenditur
695 314 732 350 in
774 312 979 363 fragmento
1023 315 1209 351 marmoris
1246 312 1344 363 apud
1377 312 1517 350 Bellor.

70 381 145 418 tab.
166 385 205 418 2.
257 378 397 417 Verum
423 390 492 413 nec
520 375 630 412 aedes
665 375 744 424 ipsa
771 372 976 412 Octauiano
1004 376 1061 412 uel
1088 376 1276 412 triumuiro
1308 374 1428 424 potuit
1454 373 1520 410 de-

70 443 185 479 dicari
211 454 234 478 a
258 439 396 477 Marcio
422 437 618 487 Philippo,
657 447 766 486 quem
801 448 897 472 anno
924 438 970 474 V.
1001 438 1044 473 C.
1073 438 1147 474 705
1181 437 1411 486 superstitem
1444 448 1520 473 non

70 504 182 541 fuisse
207 502 304 538 clare
331 500 561 549 cognoscitur
587 510 632 534 ex
659 497 787 534 Dionis
814 498 878 544 41,
908 499 956 533 14
982 498 1101 534 uerbis
1129 498 1174 534 de
1200 497 1410 547 Perperna,
1444 497 1521 534 eius

70 566 107 602 in
134 574 284 601 censura
319 562 404 598 olim
433 561 585 610 collega.
639 559 767 604 Quare
803 571 876 595 non
906 558 1053 608 dubito,
1091 560 1175 609 quin
1203 559 1400 597 Suetonius
1427 570 1522 609 quae

69 627 151 664 loco
176 635 288 674 supra
313 622 387 660 ind.
414 623 558 672 posuit,
594 634 639 659 ex
665 622 775 658 solius
808 621 902 657 tituli
934 621 1007 658 fide
1035 621 1237 671 scripserit,
1272 620 1339 656 sub
1375 632 1449 669 quo
1475 620 1522 657 ab

71 686 301 733 Octauiano,
339 684 398 720 uel
427 683 584 721 Octauia
617 695 661 720 ea
696 683 805 720 aedes
840 684 876 719 in
910 683 1084 719 honorem
1123 682 1238 718 uitrici
1264 687 1427 717 extructa
1454 688 1522 719 est.

70 746 212 784 Ordine
238 758 326 783 uero
352 746 525 795 temporis
552 758 633 781 cum
661 745 858 782 Suetonius
885 757 928 782 ea
954 745 1091 795 templa
1118 748 1333 789 recenseat,
1369 755 1524 791 quorum

69 809 225 859 primum
251 807 339 844 facit
363 807 528 844 Herculis
547 807 750 854 Musarum,
777 806 886 843 ualde
913 806 949 842 id
975 807 1145 842 conuenit
1171 816 1252 840 cum
1272 803 1398 840 Dionis
1425 804 1525 841 testi-

69 869 213 916 monio,
240 870 303 916 49,
322 870 396 916 43,
422 868 602 918 porticum
631 867 810 905 Octauiae
836 868 953 903 extrui
990 875 1156 917 coeptam
1193 877 1289 901 anno
1315 868 1415 913 721,
1452 878 1525 916 quo

72 943 137 967 cnr
166 930 217 966 uti
251 930 408 966 noluerit
433 930 632 967 Muellerus
668 943 704 967 u.
741 929 791 966 ill.
820 927 937 977 praef.
968 929 1015 964 ad
1052 930 1202 965 Festum
1229 940 1267 976 p.
1290 939 1431 976 xxnz,
1466 939 1526 965 ine

72 992 179 1041 sugit.
233 991 371 1035 Quidni
397 992 504 1040 igitur
529 1004 624 1040 quae
649 990 778 1027 eodem
813 990 892 1025 loco
921 989 1051 1025 eodem
1078 996 1244 1038 tempore
1271 996 1402 1039 coepta
1428 995 1526 1038 sunt,

74 1053 205 1092 eodem
233 1053 340 1089 etiam
367 1053 426 1089 die
452 1053 618 1089 dedicata
644 1058 840 1102 putentur,
876 1051 945 1088 alio
975 1050 1140 1087 uidelicet
1175 1057 1285 1100 atque
1316 1051 1411 1100 prid.
1438 1051 1526 1089 Kal.

72 1117 154 1163 Iul.,
182 1127 256 1164 quo
284 1115 414 1151 nullius
441 1114 540 1151 aedis
567 1120 799 1150 consecratae
826 1121 949 1150 notam
976 1112 1085 1150 habet
1111 1124 1270 1149 marmor
1290 1112 1527 1151 Maffeanum.

72 1177 273 1214 Fuluianae
307 1176 406 1213 aedis
444 1176 619 1213 memoria
647 1175 761 1212 multo
790 1176 915 1213 iustius
949 1175 1124 1211 omittitur
1158 1175 1195 1210 in
1233 1176 1301 1212 isto
1331 1187 1528 1223 marmore,

73 1250 182 1289 quam
209 1237 309 1288 apud
336 1236 521 1275 Ouidium.

579 1355 732 1393 LIBER
756 1354 1021 1393 SEPTlMVS.

177 1433 195 1453 *
220 1435 368 1484 Fragm.
397 1437 433 1470 1.
486 1434 585 1470 Gell.
615 1437 678 1484 18,
700 1438 769 1472 12:
808 1438 933 1472 Potest
966 1437 1076 1472 etiam
1106 1434 1145 1472 id
1178 1447 1315 1484 quoque
1341 1434 1387 1472 ab
1412 1433 1531 1472 eodem

78 1498 243 1534 Varrone
275 1497 314 1532 in
350 1498 429 1532 VII
463 1494 672 1534 diuinarum
707 1496 873 1534 similiter
910 1495 1044 1533 dictum
1082 1497 1219 1535 uideri:
1262 1501 1388 1535 Inter
1420 1496 1533 1534 datas

76 1557 218 1605 filias
242 1569 391 1606 reyum
418 1557 524 1606 quad
549 1562 707 1603 vinciet,
733 1560 852 1595 ‘inter
873 1558 1146 1607 Antigonam
1172 1563 1214 1595 et
1243 1558 1442 1596 Tulliam
1467 1563 1533 1596 est

78 1619 445 1656 animaduertere.

180 1684 217 1716 2.
255 1680 285 1715 F
289 1687 354 1717 est.
377 1693 413 1731 p.
426 1684 514 1729 270,
529 1685 575 1717 21
591 1682 663 1717 sin:
691 1680 924 1718 Ruminalem
943 1680 1051 1729 ficum
1068 1682 1306 1732 appel]latwm
1324 1685 1378 1720 ait
1391 1685 1531 1734 Varroll

78 1753 149 1779 rer.
167 1740 240 1778 diu.
260 1744 337 1778 VII
350 1744 389 1779 in,
403 1743 544 1780 Palatii
568 1741 751 1790 fauc]ibus
776 1742 870 1790 quod
890 1743 956 1779 sub
976 1756 1019 1779 ea
1039 1744 1132 1788 αν-ΙΙ
1145 1744 1226 1782 bore
1252 1745 1340 1793 lupa
1365 1758 1390 1782 α
1415 1749 1536 1782 moute

80 1802 282 1851 decurrens]
310 1806 424 1841 Remo
452 1810 485 1841 et
512 1803 668 1841 Romulo
691 1805 707 1853 ΙΙ
725 1816 922 1841 varumnam
952 1804 1168 1854 praebuerit.
1207 1806 1384 1855 mamm]a
1414 1811 1535 1844 atatem

78 1857 195 1942 rimis
220 1863 280 1900 ‹12-
291 1859 306 1906 Η
321 1863 492 1912 cebatmu]

184 1925 366 1962 Credibile
392 1932 447 1962 est
471 1926 523 1962 M.
551 1925 766 1963 Terentium
792 1926 892 1964 initio
922 1927 1026 1964 huius
1053 1928 1133 1964 libri
1159 1927 1366 1966 disseruisse
1394 1929 1440 1967 de
1465 1930 1535 1967 du-

81 1989 166 2038 plici
191 2000 264 2024 non
292 1987 409 2023 solum
437 1989 534 2024 uocis
560 1987 750 2036 religiosus
775 1989 988 2038 significatu,
1017 1988 1120 2026 uelut
1145 1989 1234 2038 legis
1256 1990 1355 2040 apud
1375 1992 1535 2029 Gellium

81 2052 118 2095 4,
146 2052 185 2098 9,
212 2048 277 2086 sed
304 2048 351 2085 de
385 2048 544 2086 locorum
568 2049 819 2097 reliyiosorum
844 2051 1057 2087 discrimine.
1109 2051 1280 2100 Namque
1306 2053 1536 2090 manifestum

82 2118 137 2148 est
163 2112 233 2148 alio
254 2110 363 2147 modo
390 2111 440 2147 ita
462 2111 684 2160 appellatum
713 2110 792 2149 esse
811 2114 1088 2163 Aequimelium,
1109 2113 1216 2150 Varr.
1234 2113 1281 2151 de
1301 2114 1326 2151 1.
1345 2115 1369 2152 l.
1392 2116 1428 2159 5,
1449 2116 1536 2160 157,

74 2174 262 2223 ,Campum
288 2173 517 2219 sceleratum,
545 2172 649 2209 Paul.
667 2186 705 2222 p.
721 2177 809 2222 332,
826 2177 864 2222 7,
895 2176 951 2211 uel
972 2176 1091 2211 locum
1113 2175 1225 2220 illum,
1247 2175 1293 2211 de
1314 2188 1387 2225 quo
1405 2176 1536 2213 Festus

83 2248 121 2285 p.
142 2235 230 2282 174,
248 2238 298 2269 22
317 2234 382 2270 sin.
410 2241 447 2270 et
473 2233 651 2270 Niebuhr.
679 2234 713 2271 h.
737 2235 783 2272 R.
812 2239 851 2284 2,
872 2238 958 2284 144,
987 2243 1097 2286 atque
1124 2237 1310 2286 appellata
1332 2244 1417 2274 sunt
1441 2239 1535 2284 loca,

84 2297 145 2333 ubi
170 2297 418 2333 occubuerunt
443 2295 623 2343 Gracchi,
660 2296 756 2332 Plut.
785 2296 829 2332 C.
858 2298 926 2333 Gr.
954 2309 986 2333 c.
1003 2300 1063 2343 18,
1092 2299 1149 2335 uel
1174 2298 1338 2344 Doliola,
1373 2300 1480 2336 Varr.
1506 2300 1534 2337 1.

83 2358 176 2406 ind.,
204 2358 262 2394 uel
287 2358 356 2394 alia
382 2356 417 2393 id
444 2370 560 2407 genus
580 2358 747 2407 plurima.
802 2358 898 2401 Quid
925 2364 1094 2404 titularet,
1120 2360 1157 2397 h.
1178 2372 1211 2397 e.
1230 2362 1433 2409 interesset,
1459 2361 1535 2398 uid.

85 2419 210 2456 Muell.
239 2419 286 2456 ad
313 2418 410 2458 del.
432 2420 456 2458 l
486 2421 524 2467 9,
544 2420 607 2467 54,
635 2419 756 2456 docuit
783 2421 937 2468 primum
965 2425 1131 2471 exemplo
1157 2423 1368 2472 Antigonae.
1421 2423 1537 2460 Huius

79 2481 183 2517 <enim
209 2480 328 2518 locum
354 2482 560 2530 religiosum
592 2488 743 2531 propter
770 2481 941 2530 pietatem
965 2482 1075 2521 luisse
1102 2485 1246 2522 inuenio
1272 2484 1372 2534 apud
1398 2485 1536 2522 Pausa-

89 2542 182 2579 niam
207 2545 246 2592 9,
266 2544 331 2591 25,
350 2547 397 2580 2.
436 2543 615 2580 καλεῖται
643 2539 686 2578 δὲ
714 2535 734 2578 ὅ
764 2535 928 2589 σύμπας
955 2556 1072 2588 ουτος
1098 2540 1223 2589 τόπος
1249 2541 1384 2594 σύρμα
1404 2542 1536 2582 Ἀντι-

90 2595 229 2652 γόνης·
258 2597 312 2648 ὡς
337 2601 414 2655 γὰρ
442 2600 512 2643 τὸν
539 2604 611 2642 τοῦ
638 2601 911 2648 Πολυνείκους
939 2600 1124 2655 ἄρασθαι
1151 2605 1188 2644 οἱ
1214 2602 1535 2657 προθυμουμένῃ

81 2659 226 2712 »νεκρὸν
252 2661 419 2715 οὐδεμία
447 2662 628 2717 ἐφαίνετο
657 2661 842 2718 ῥαςώνη,
877 2663 1044 2718 δεύτερα
1070 2665 1282 2719 ἐπενόησεν
1309 2665 1433 2707 ἕλκειν
1461 2662 1536 2708 αὐ-

141 2736 201 2771 Ou.
219 2738 311 2771 Fasti.
329 2738 448 2778 Prole-g.
1180 2732 1218 2770 K
