1685 2954
130 74 249 108 chn
632 112 636 119 ,
751 73 809 105 me
836 73 966 106 Lvms

131 176 216 215 deos
239 179 282 213 ut
305 174 375 213 sibi
400 173 593 212 solenniter
617 172 802 213 ederentur
832 180 867 214 et
892 176 1023 214 honori
1045 187 1114 214 suo
1144 179 1436 215 consecrarentur
1460 177 1583 216 acerbe
1609 219 1612 222 ,

129 236 342 289 imperando
362 239 396 272 et
414 233 675 284 quodammodo
694 237 937 287 extorquendo
955 237 1098 285 fecisse.
1118 259 1168 266 -—-
1194 239 1295 274 Nam
1314 238 1584 286 tnyrauescente

130 298 337 351 pestilentia
372 295 451 333 ludi
490 297 620 333 scenici
659 301 876 336 auctoritate
907 305 1007 349 pont,
1042 303 1184 338 Romae
1215 300 1385 348 primitus
1426 302 1586 339 instituti

130 365 228 398 sunt.
255 380 306 388 --
331 357 386 395 Id.
414 359 464 396 ib.
491 360 530 406 3,
552 360 618 394 17:
643 357 726 396 inde
750 360 789 396 in
814 359 885 398 hac
909 361 1118 410 pestilentia
1143 362 1299 398 scenicos
1323 360 1443 409 ludos,
1469 362 1584 400 aliam

129 433 264 459 nouam
288 425 423 470 pestem
449 439 498 448 —
523 418 732 458 intulerunt.
785 421 868 458 Vid.
897 421 981 458 Liu.
1008 423 1032 457 7
1059 422 1136 459 init.

231 485 269 518 2.
312 482 476 518 Macrob.
503 486 571 517 sat.
597 482 636 529 6,
655 482 680 518 4
702 481 819 519 med.:
857 494 936 519 cum
964 485 1084 520 Varro
1110 495 1229 521 rerum
1257 483 1467 522 diuinarum
1493 483 1584 522 libro

130 544 263 582 decimo
290 543 448 581 dixerit.
479 543 726 581 nonnullis
751 543 1124 592 magistratibus
1155 546 1204 581 in
1235 545 1408 594 oppido
1438 544 1485 582 iti
1507 557 1585 594 96-

129 618 213 644 uus
236 603 495 642 umbraculi
521 616 792 642 concessum.

233 670 270 705 3.
311 667 419 705 Seru.
443 665 490 702 ad
511 667 602 704 Aen.
625 669 685 711 10,
705 667 802 703 894·
826 665 921 703 eunde
945 670 979 703 et
1003 668 1105 716 pueri
1118 679 1219 717 quos
1244 668 1282 704 in
1307 666 1404 704 ludis
1422 667 1586 705 uidemus

132 742 177 768 ea
201 733 307 780 parte
328 740 401 777 qua
418 732 566 765 cernunt
591 732 733 765 stantes
758 729 878 764 cern-ui
900 733 1089 774 uocantur,
1115 734 1157 765 ut
1181 730 1292 765 etiam
1317 731 1437 767 Varro
1462 731 1499 766 in
1524 730 1585 766 lu-

131 791 189 830 dis
214 789 456 828 theatralibus
480 788 591 826 docet.
646 787 726 825 Csr.
755 788 854 825 Non.
880 801 919 839 p.
939 792 988 824 20
1011 802 1041 826 s.
1071 802 1106 826 u.
1140 791 1313 827 cernuus.

229 852 348 890 Locos
374 851 565 901 Augustini
600 861 623 886 a
648 849 817 887 Varrone
851 863 923 887 non
961 862 1040 887 esse
1076 850 1212 887 alienos
1245 851 1390 888 uidetur
1416 851 1586 900 cognosci

129 926 176 953 ex
201 925 246 952 eo
271 912 370 964 quod
396 913 496 949 initio
522 912 602 949 libri
628 913 654 948 4
679 911 729 949 de
752 924 786 949 c.
809 911 845 950 d.
867 912 977 961 legis:
1005 911 1586 962 Haec—probauimus—par-

129 977 196 1013 tim
214 987 260 1012 ea·
282 975 412 1012 litteris
437 985 570 1018 eorum,
598 975 751 1022 quinon
770 978 946 1023 tanquam
971 976 1010 1011 in
1036 972 1300 1018 contumeliam,
1322 974 1384 1011 sed
1409 978 1586 1023 tanquam

128 1039 168 1074 in
192 1036 363 1074 honorem
394 1033 540 1072 deorum
566 1046 717 1072 suorum
747 1036 822 1072 ista
854 1038 1056 1086 conscripta
1082 1037 1237 1085 posteris
1261 1035 1499 1085 reliques-nnn
1531 1037 1587 1073 ita

129 1103 171 1135 ut
191 1099 251 1135 uir
276 1096 507 1134 doctissimus
534 1096 633 1146 apud
658 1109 718 1134 eos
738 1099 859 1134 Varro
884 1104 976 1134 caet.
1032 1098 1154 1134 Verba
1181 1108 1202 1133 a
1228 1097 1415 1133 Macrobio
1439 1103 1585 1134 seruata

128 1159 292 1197 fortassis
311 1158 358 1195 ad
377 1159 493 1208 ipsum
514 1170 643 1196 scenae
663 1170 793 1195 nomen
808 1157 1062 1207 explicandum
1082 1158 1382 1195 illustrandumue
1397 1159 1584 1208 pertinue-

128 1227 228 1268 runt,
255 1232 363 1270 quem
391 1218 437 1255 ad
464 1219 610 1256 modum
639 1219 736 1269 apud
765 1219 933 1256 Seruium
961 1226 1016 1256 est
1042 1220 1087 1256 ad
1117 1223 1206 1256 Aen.
1237 1223 1270 1263 l,
1292 1221 1384 1256 164:
1412 1223 1462 1257 Et
1487 1220 1583 1257 dicta
1626 1243 1629 1246 Δ

127 1294 237 1320 scena
264 1276 343 1318 ἀπὸ
363 1280 437 1329 τῆς
457 1279 594 1325 σκιᾶςε
623 1279 723 1330 apud
748 1283 915 1329 antiquos
942 1283 1036 1318 enim
1062 1281 1254 1319 theatralis
1278 1292 1386 1317 scena
1410 1283 1584 1330 parietem

128 1356 202 1382 non
225 1342 390 1387 habebat,
416 1342 479 1380 sed
504 1342 546 1380 cle
567 1341 758 1389 frondibus
779 1342 992 1380 umbracula
1012 1343 1242 1393 quaerebant.
1286 1342 1434 1391 Fragm.
1456 1346 1479 1379 3
1505 1343 1584 1381 siue

129 1407 180 1443 ita
206 1405 436 1443 scribendum
464 1411 538 1452 est,
575 1404 651 1440 siue
679 1405 810 1440 rectius
837 1411 891 1440 est
924 1404 1025 1441 libris
1051 1402 1289 1442 theatralibus
1315 1404 1412 1453 quod
1442 1416 1463 1440 a
1488 1405 1584 1441 Bur·
1624 1401 1628 1403 ’

129 1478 263 1503 manno
298 1470 519 1513 annotatur,
557 1465 673 1515 possit
698 1466 808 1502 etiam
835 1466 882 1502 ad
917 1478 1027 1501 unum
1065 1477 1109 1501 ex
1145 1465 1266 1513 libris,
1294 1466 1354 1515 qui
1389 1466 1584 1502 laudantur

129 1541 153 1565 a
179 1527 342 1565 Chai-isio
378 1526 420 1563 de
453 1525 653 1575 originibus
677 1529 844 1573 scenicis,
878 1526 920 1564 de
951 1526 1150 1564 actionibus
1175 1529 1343 1575 scenicis,
1375 1526 1418 1563 de
1443 1529 1584 1565 actione

127 1591 269 1629 scenica
293 1594 476 1639 spectare.

231 1650 355 1689 Ouidii
382 1650 450 1686 hoc
476 1650 557 1687 loco
585 1650 889 1687 commemorandi
915 1657 999 1687 sunt
1024 1651 1106 1687 trini
1135 1649 1209 1686 ludi
1236 1649 1388 1696 scenici,
1419 1648 1582 1698 Megale-

128 1713 217 1751 siaci
237 1712 408 1750 Cereales
431 1712 614 1760 Florales3
642 1712 731 1748 alios
758 1714 852 1749 enim
879 1711 1038 1748 indicare
1064 1724 1135 1747 non
1163 1711 1295 1760 potuit.
1348 1711 1581 1761 Quamquam

128 1775 302 1813 Cereales
327 1773 487 1810 scenicos
514 1773 625 1809 fuisse
651 1786 724 1810 non
751 1773 892 1821 habeo,
926 1774 989 1823 qui
1015 1772 1187 1820 doceam,
1221 1773 1285 1808 nisi
1311 1784 1356 1809 ex
1382 1785 1450 1821 eo,
1482 1772 1582 1823 quod

128 1835 312 1874 coniuncti
337 1834 487 1871 suerunt
511 1833 753 1879 Liberalibus,
780 1834 856 1871 uid.
884 1834 960 1873 Ou.
986 1834 1050 1871 lib.
1078 1837 1117 1882 3,
1139 1836 1228 1882 786,
1255 1834 1333 1871 Cic.
1352 1835 1457 1877 Verr.
1485 1838 1522 1879 2,
1541 1833 1581 1882 5,

129 1900 194 1947 14,
221 1897 404 1936 Liberalia
431 1902 553 1932 autem
579 1908 651 1932 non
669 1901 810 1933 tantum
830 1897 960 1933 scenici
985 1896 1184 1934 secundum
1203 1895 1422 1932 Tertulliani
1448 1896 1582 1943 locum,

128 1971 237 2009 quem
263 1970 374 2008 supra
400 1958 504 2008 posui
531 1970 568 2007 p.
584 1969 686 2005 ΠΗ,
719 1957 784 1994 sed
817 1958 925 1995 etiam
957 1959 1181 1996 scenicorum
1208 1958 1368 1994 omnium
1395 1957 1497 2006 origo
1521 1968 1580 1993 se·

128 2020 287 2058 cundum
314 2019 486 2058 Seruium
511 2018 557 2055 ad
584 2031 642 2067 ge.
667 2022 705 2067 2,
723 2022 810 2057 381.
863 2020 920 2057 De
945 2020 1193 2070 Megalesiacis
1219 2032 1276 2056 res
1302 2020 1410 2068 longe
1436 2025 1490 2055 est
1517 2030 1579 2055 ex-

127 2082 386 2132 ploratissima:
419 2082 497 2131 ipse
522 2080 623 2116 Naso
649 2081 687 2129 4,
711 2083 786 2118 326
818 2094 898 2118 cum
929 2081 1151 2118 Callimacho
1178 2081 1226 2118 fr.
1253 2081 1331 2117 442
1357 2081 1415 2117 Bl.
1444 2073 1577 2128 ἀμάρ-

126 2155 250 2194 τυρον
277 2138 394 2180 οὐδὲν
421 2138 543 2180 ἀείδω
569 2143 686 2192 inquit
711 2149 749 2179 et
774 2143 886 2179 utitur
912 2143 1116 2179 notissimae
1142 2143 1290 2180 alicuius
1315 2141 1484 2186 fabulae,
1516 2138 1577 2176 uel

127 2206 296 2243 tralaticii
321 2204 523 2255 argumenti
549 2204 766 2241 testimonio.
818 2203 916 2241 Idem
942 2204 1029 2241 facit
1055 2205 1233 2242 Arnobius
1259 2206 1298 2253 4,
1320 2204 1368 2241 35
1395 2209 1431 2240 et
1455 2201 1494 2250 5,
1511 2202 1575 2237 42.

126 2267 284 2304 Attinem
310 2266 512 2304 cantauisse
536 2264 722 2302 Neronem
748 2265 860 2303 tradit
885 2266 953 2303 Dio
975 2267 1076 2303 Cass.
1099 2268 1163 2314 61,
1180 2269 1243 2303 20.
1295 2263 1503 2302 Floralium⁴
1518 2262 1575 2298 lu-

126 2327 257 2365 dorum
288 2328 435 2377 insignis
466 2326 535 2363 suit
565 2327 732 2375 licentia,
769 2327 844 2365 Ou.
871 2329 910 2376 4,
931 2330 1026 2376 946;
1052 2328 1091 2375 5,
1113 2330 1206 2375 183,
1233 2333 1359 2364 notata
1383 2336 1406 2361 a
1431 2324 1574 2361 Catone

125 2394 283 2439 utroque
309 2389 481 2438 grauiter,
510 2387 584 2425 uid.
602 2388 728 2426 Muell.
751 2389 797 2426 ad
816 2390 916 2427 Fest,
939 2403 976 2440 p.
997 2391 1084 2437 144,
1101 2391 1162 2436 10,
1189 2389 1346 2437 interpp.
1375 2385 1422 2422 ad
1447 2385 1572 2422 Valer.

125 2449 224 2487 Max.
244 2454 284 2498 2,
305 2453 366 2495 10,
386 2452 425 2497 8,
450 2461 471 2485 a
498 2450 659 2499 patribus
681 2450 878 2488 christianis
903 2451 1127 2500 frequenter,
1155 2450 1288 2485 Arnob.
1308 2450 1426 2495 3,23;
1454 2448 1491 2494 7,
1509 2449 1571 2482 33.

124 2512 292 2549 Lactant.
321 2516 357 2558 l,
375 2514 440 2558 20,
473 2511 608 2548 Minue.
637 2512 715 2549 Fel.
741 2513 802 2557 25,
837 2514 988 2560 August.
1017 2516 1055 2560 2,
1077 2513 1138 2547 26.
1191 2509 1417 2547 Crediderim
1445 2508 1572 2545 mimos

123 2574 360 2623 potissimum,
386 2571 561 2610 obscaena
583 2575 755 2619 iocantes,
782 2575 906 2623 turpia
932 2575 1128 2620 imitantes,
1157 2571 1229 2610 Ou.
1251 2579 1296 2609 tr.
1316 2575 1356 2619 2,
1375 2571 1464 2618 497,
1478 2568 1571 2617 515,

124 2634 361 2673 Lentulorum
379 2638 414 2670 et
429 2635 667 2673 Hostiliorum
686 2640 902 2679 uemrstates,
927 2642 965 2672 ut
985 2636 1034 2671 ait
1054 2634 1211 2671 Tertull.
1230 2633 1316 2670 adu.
1336 2639 1435 2682 gent.
1456 2644 1490 2670 c.
1508 2632 1569 2676 15,
