1685 2954
175 128 261 174 230
726 141 1046 173 rAs‘ronvM

226 245 272 285 In
299 255 375 296 spe
402 242 500 283 uitis
528 247 629 296 erat,
657 243 815 285 caelum
842 241 1041 297 nigrescit
1067 243 1119 284 ab
1148 240 1312 297 austris,

283 312 340 352 Et
367 309 503 351 subita
529 309 693 352 frondes
721 311 981 352 decutiuntur
1010 323 1130 364 aqua.

229 379 325 420 Neo
352 377 461 417 uolui
489 376 588 431 fieri,
617 390 696 418 nec
726 390 816 419 sum
844 378 1020 419 crudelis
1048 377 1090 418 in
1118 378 1189 430 ira,
1535 383 1613 420 325

283 435 641 498 Cura'repellendi
669 445 745 486 sed
772 445 868 485 mihi
896 446 1006 486 uuna
1034 443 1120 486 fuit.

228 512 472 554 Conuenere
501 518 651 565 patres,
682 519 724 553 et
752 514 789 553 si
818 513 924 553 bene
953 512 1098 553 floreat
1126 525 1271 565 annus,

285 578 529 621 Numinibus
556 578 706 620 nostris
732 592 865 621 annua
893 580 1001 621 festa
1027 586 1206 633 uouent„

231 646 461 688 Annuimus
488 652 600 687 uoto.
643 648 798 689 Consul
828 659 920 687 cum
948 648 1118 686 consule
1145 646 1264 687 ludos

287 714 500 755 Postumio
529 715 693 755 Laenas
723 714 958 765 persoluere
987 712 1096 753 mihi.
1542 719 1620 753 330

231 780 440 833 Quaerere
470 781 658 832 conabar,
690 793 814 833 quare
844 779 1016 820 lasciuia
1045 780 1170 820 maior

289 850 368 890 His
397 849 501 889 foret
530 849 570 888 in
598 847 704 888 ludis
733 849 975 901 liberiorque
1003 848 1138 888 iocus:

234 916 324 958 Sed
352 916 450 957 mihi
478 915 678 956 succurrit
702 928 851 956 numen
878 928 959 956 non
986 927 1082 955 esse
1111 926 1314 968 seuerum,

286 984 481 1036 Aptaque
511 982 668 1023 deliciis
697 995 864 1022 munera
893 982 999 1022 ferre
1028 981 1163 1022 deam.

236 1051 440 1103 Tempora
469 1049 659 1091 sutilibus
687 1048 904 1103 cinguntur
933 1055 1031 1102 pota
1060 1049 1234 1101 coronis,
1547 1055 1624 1092 335

292 1119 349 1159 Et
377 1118 477 1158 latet
505 1115 659 1158 iniecta
686 1117 901 1169 splendida
928 1129 1073 1156 mensa
1100 1129 1207 1158 rosa.

235 1184 387 1225 Ebrius
414 1182 608 1225 incinctis
636 1185 794 1238 philyra
817 1184 991 1225 conuiua
1016 1184 1172 1236 capillis

290 1251 447 1303 Saltat,
489 1258 532 1292 et
561 1251 796 1304 imprudens
824 1252 947 1292 utitur
976 1258 1064 1292 arte
1095 1252 1204 1293 meri.

236 1393 323 1427 323.
350 1390 491 1427 caelum
515 1390 720 1438 nigrescere
747 1391 868 1439 coepit
894 1392 962 1427 Fr.
1004 1390 1094 1439 nigr.
1122 1390 1157 1426 in
1185 1389 1288 1426 astris
1314 1391 1363 1425 M
1377 1400 1460 1426 nar.
1478 1401 1548 1427 scr.
1584 1391 1631 1427 ab

185 1442 289 1479 astris
316 1442 367 1477 N.
413 1448 536 1477 austro
563 1445 732 1489 quatuor.
836 1443 923 1476 324.
950 1440 1029 1476 sub.
1056 1440 1163 1476 flores
1181 1437 1238 1476 H.
1280 1439 1516 1476 decuciuutur
1539 1443 1574 1478 E
1584 1443 1630 1478 G.

187 1491 310 1527 frond.
331 1492 562 1527 excutiuntur
587 1489 628 1528 A
635 1494 712 1527 ³22
733 1491 819 1535 ἄπιος
848 1492 1051 1528 Ουαν.εω·.
1093 1491 1334 1526 discutiuntur
1357 1494 1443 1526 tres.
1544 1493 1631 1529 325.

194 1539 268 1578 uol.
297 1540 375 1577 fieri
403 1541 530 1588 Fflo.
571 1541 650 1578 fieri
675 1554 747 1577 non
774 1554 852 1577 sum
880 1544 925 1577 P.
963 1541 1041 1577 fieri
1065 1552 1204 1577 summa
1230 1539 1383 1576 crudelis
1403 1537 1464 1577 A.
1500 1540 1535 1575 in
1562 1541 1633 1577 iras

186 1590 221 1628 b.
262 1591 298 1627 in
324 1592 385 1628 illa
410 1604 445 1632 m
455 1604 531 1628 ma.
541 1603 597 1641 pr.
700 1593 786 1628 326.
816 1591 935 1628 Causa
952 1603 1031 1640 rep.
1049 1603 1156 1628 untes.
1195 1590 1401 1638 repellentis
1427 1596 1463 1626 et
1490 1590 1573 1626 mihi
1590 1593 1634 1628 F.

187 1641 405 1691 repellendis
424 1642 488 1678 sed
507 1644 541 1678 F
554 1653 637 1679 uafr-
652 1653 721 1680 εον.
760 1641 866 1678 michi
884 1644 932 1678 D.
976 1641 1060 1677 mihi
1080 1653 1166 1677 cura
1186 1640 1255 1676 suit
1272 1652 1322 1678 m.
1422 1641 1509 1677 327.
1536 1640 1636 1678 Con-

188 1692 340 1735 ueniunt
365 1697 462 1740 patr.
487 1695 552 1728 20.
595 1693 688 1728 bene
713 1692 836 1728 floruit
861 1703 978 1727 mimia.
989 1704 1045 1740 pr.
1149 1693 1234 1728 328.
1260 1691 1403 1726 Desinit
1427 1689 1463 1727 h.
1509 1690 1637 1728 Nomi.

191 1742 297 1778 nibus
322 1739 572 1788 EOEATfr.
612 1754 695 1778 ann.
721 1742 819 1778 facta
845 1745 1027 1791 Ema.pr.
1047 1752 1140 1778 corr.
1156 1739 1197 1776 A
1211 1740 1339 1777 decem.
1380 1752 1465 1776 ann.
1491 1752 1594 1777 sacra
1619 1754 1638 1778 e

195 1791 285 1837 ἄπιος
310 1795 361 1829 M
371 1804 457 1829 νων.
474 1803 545 1829 scr.
584 1792 677 1828 festa
705 1793 831 1828 uolunt
857 1804 905 1828 m.
1009 1793 1095 1827 329.
1125 1792 1217 1827 Ann.
1244 1791 1337 1826 uotis
1357 1790 1495 1839 aliquot
1512 1793 1638 1840 scripti
1669 1809 1674 1815 ¹

193 1844 310 1890 ignoti
337 1847 371 1879 et
396 1842 474 1880 edd.
500 1846 587 1878 wtt.
630 1846 722 1878 Ann.
751 1848 841 1878 nutu
868 1845 926 1877 33.
973 1848 1059 1878 uota
1085 1843 1147 1877 29.
1190 1842 1336 1877 consule
1361 1842 1474 1877 laetos
1501 1845 1537 1878 2.

241 1894 326 1928 330.
353 1892 518 1929 Pustum.
539 1894 584 1929 E.
623 1892 811 1929 Posthum.
838 1904 868 1929 e.
909 1892 1008 1928 Post.
1031 1892 1131 1928 lanas
1155 1889 1195 1927 Γ
1203 1904 1276 1928 νεα.
1288 1903 1344 1940 pr.
1383 1890 1483 1928 Post.
1501 1904 1637 1941 poenas

196 1940 259 1984 A.
299 1942 400 1978 Post.
420 1955 526 1978 senas
550 1941 584 1979 b.
625 1942 725 1979 Post.
753 1941 856 1977 ludos
883 1946 920 1978 2.
961 1943 1055 1980 laen.
1075 1943 1143 1977 rite
1162 1953 1297 1978 uouere
1323 1940 1638 1991 cod-ViruPiyhii.

197 1992 293 2029 laen.
321 1993 434 2038 (sen.)
461 1993 678 2030 constituere
707 1992 792 2027 mihi
824 1991 844 2027 b
871 1992 985 2037 alius;
1019 2005 1044 2041 p
1062 2004 1143 2029 uar.
1161 2004 1232 2029 scr.
1293 1991 1399 2028 michi
1433 1994 1524 2029 DE.

245 2045 332 2078 331.
361 2043 489 2079 lacinia
509 2040 557 2079 Γ.
659 2045 745 2078 332.
773 2042 847 2081 lud.
870 2043 1086 2091 uberiorque
1104 2054 1139 2078 m
1156 2044 1224 2089 293
1254 2042 1455 2079 Cum-scr.
1495 2054 1566 2092 que
1585 2043 1639 2080 lo-

197 2104 260 2129 cus
284 2090 341 2131 Π.
454 2094 540 2128 334.
576 2104 725 2128 munere
755 2095 844 2129 Tm.
893 2094 964 2130 del.
992 2094 1138 2129 numina
1162 2092 1244 2129 duo.
1294 2092 1390 2128 ferre
1416 2092 1507 2130 deae
1531 2105 1564 2130 s.

249 2142 336 2182 335.
372 2143 572 2191 Tiempora
606 2143 781 2179 sultilibus
809 2145 853 2179 Ε.
903 2143 1089 2179 subtilibus
1119 2141 1227 2181 OEbr.
1276 2142 1437 2179 sutilibus
1474 2146 1509 2181 Τ
1531 2143 1639 2182 alius.

197 2193 333 2242 Temp.
360 2193 538 2229 tortilibus
564 2191 605 2228 A
621 2193 729 2229 alius.
775 2194 825 2229 T.
852 2194 1025 2230 nexilibus
1052 2193 1140 2238 ‹11103
1166 2206 1191 2242 p
1207 2205 1288 2230 uar-
1304 2205 1375 2230 scr.
1415 2194 1450 2228 T
1453 2205 1547 2241 emp.
1573 2194 1639 2229 sub

197 2243 311 2280 niueis
341 2244 442 2292 piug.
476 2244 521 2280 0.
571 2244 706 2292 Ternp.
735 2242 878 2279 suffusis
912 2245 1004 2292 cing.
1032 2246 1093 2280 34.
1143 2245 1338 2292 pinguntur
1363 2241 1642 2280 EFMOWA

196 2305 219 2341 9
238 2305 311 2330 ma.
329 2306 398 2330 sec.
416 2306 436 2330 s
455 2297 503 2331 33
530 2295 658 2341 ῑιίῃῑηιὶ
684 2305 748 2330 sex
774 2298 807 2329 et
832 2298 918 2330 vett.
947 2294 1020 2339 «ιὼς
1047 2307 1071 2343 p
1090 2305 1170 2331 nar.
1187 2306 1258 2331 scr.
1303 2294 1536 2343 praeigunmr
1561 2294 1642 2342 (por

201 2345 334 2391 comp.)
345 2355 378 2380 r.
417 2347 492 2387 Ita,
515 2351 617 2392 pota,
643 2343 674 2389 f.
712 2350 791 2380 rota
816 2341 1084 2381 (latesmiezns.
1124 2351 1219 2381 tecta
1244 2355 1426 2381 sma.sec.
1445 2345 1596 2392 quinque
1609 2348 1643 2379 ct

202 2398 288 2431 acels.
317 2393 371 2430 ed.
412 2401 508 2430 torta
534 2406 712 2442 sma.pr.
739 2398 823 2431 ires.
868 2401 945 2431 tota
970 2396 1110 2432 caeteri.
1153 2395 1249 2431 laeta
1274 2396 1364 2431 coni.
1467 2395 1551 2429 336.
1580 2393 1644 2430 Sic

202 2442 266 2479 lat.
293 2456 315 2492 p
334 2456 418 2481 πων.
436 2456 507 2481 scr.
552 2444 600 2480 Et
626 2445 719 2480 iacet
749 2442 995 2482 GII201ms.
1044 2446 1107 2481 lat.
1134 2446 1275 2481 inuecta
1304 2441 1375 2491 (Dy
1393 2455 1462 2480 ηια.
1480 2456 1535 2491 pr.
1584 2444 1644 2479 iu-

202 2497 298 2528 tecta
325 2505 430 2530 tinus.
486 2496 522 2530 in
560 2495 630 2531 icta
660 2492 700 2530 (Ι)
718 2507 797 2531 παν.
816 2507 884 2531 scr.
995 2498 1082 2532 337.
1118 2496 1205 2531 Ebr.
1232 2496 1266 2530 iu
1299 2495 1433 2529 cunctis
1466 2493 1553 2542 phil.
1579 2492 1642 2531 A.

202 2541 292 2578 Ebr.
322 2544 477 2580 intinctis
503 2543 532 2591 f.
582 2545 673 2592 silita
698 2545 756 2591 fr.
808 2545 935 2594 pluilira
964 2548 1107 2590 1JEG3
1138 2546 1345 2582 Guar.scr.
1393 2544 1462 2580 inc.
1491 2545 1569 2580 flira
1592 2541 1642 2581 Γ.

202 2592 272 2628 inc.
299 2592 435 2640 phinim
463 2594 493 2630 b.
551 2595 619 2631 inc.
648 2595 796 2644 pliyliris
823 2592 881 2632 Π.
933 2597 1002 2633 inc.
1030 2596 1148 2632 hilaris
1175 2607 1279 2631 conu.
1307 2606 1330 2641 p
1357 2593 1440 2630 duo.
1495 2595 1643 2643 philiras

202 2655 307 2679 conu.
339 2644 437 2680 Gn.
476 2644 627 2691 philirae
652 2658 758 2682 unus.
798 2646 941 2694 phyltra
966 2659 996 2682 c.
1037 2646 1169 2694 philtra
1192 2643 1268 2681 cdd.
1290 2645 1376 2681 Vcn.
1396 2647 1471 2681 Vic.
1512 2644 1642 2694 philtro

202 2692 291 2736 ώιος
319 2706 337 2729 s
354 2705 436 2732 aar.
454 2705 523 2730 scr.
573 2696 642 2733 inc.
672 2697 768 2732 silira
799 2694 850 2733 Φ.
896 2709 1001 2733 conu.
1031 2695 1168 2732 coronis
1193 2696 1254 2730 44.
1358 2698 1442 2732 338.
1470 2695 1579 2734 Sistat
1606 2701 1643 2732 et
