<?xml version="1.0" encoding="UTF-8"?>
<!DOCTYPE html PUBLIC "-//W3C//DTD XHTML 1.0 Transitional//EN"
    "http://www.w3.org/TR/xhtml1/DTD/xhtml1-transitional.dtd">
<html xmlns="http://www.w3.org/1999/xhtml" xml:lang="en" lang="en">
 <head>
  <title>
</title>
<meta http-equiv="Content-Type" content="text/html;charset=utf-8" />
  <meta name='ocr-system' content='tesseract 3.04.00' />
  <meta name='ocr-capabilities' content='ocr_page ocr_carea ocr_par ocr_line ocrx_word'/>
</head>
<body>
  <div class='ocr_page' id='page_1' title='image "./fastorumlibrisex00oviduoft_0494.png"; bbox 0 0 1685 2954; ppageno 0'>
   <div class='ocr_carea' id='block_1_1' title="bbox 172 48 1044 120">
    <p class='ocr_par' dir='ltr' id='par_1_1' title="bbox 172 48 1044 120">
     <span class='ocr_line' id='line_1_1' title="bbox 172 48 1044 120; baseline 0.002 -4"><span class='ocrx_word' id='word_1_1' title='bbox 172 73 252 116; x_wconf 86' lang='lat'><strong>192</strong></span> <span class='ocrx_word' id='word_1_2' title='bbox 665 48 670 54; x_wconf 25' lang='grc' dir='ltr'>ι</span> <span class='ocrx_word' id='word_1_3' title='bbox 729 87 1044 120; x_wconf 61' lang='lat' dir='ltr'><strong>Fns&#39;ronvm</strong></span> 
     </span>
    </p>
   </div>
   <div class='ocr_carea' id='block_1_2' title="bbox 224 185 1602 308">
    <p class='ocr_par' dir='ltr' id='par_1_2' title="bbox 224 185 1602 308">
     <span class='ocr_line' id='line_1_2' title="bbox 224 185 1602 245; baseline 0.004 -17"><span class='ocrx_word' id='word_1_4' title='bbox 224 186 285 228; x_wconf 85' lang='lat' dir='ltr'><strong>Vt</strong></span> <span class='ocrx_word' id='word_1_5' title='bbox 312 185 473 228; x_wconf 82' lang='lat' dir='ltr'><strong>titulum</strong></span> <span class='ocrx_word' id='word_1_6' title='bbox 501 186 656 240; x_wconf 89' lang='lat' dir='ltr'><strong>imperii</strong></span> <span class='ocrx_word' id='word_1_7' title='bbox 683 199 776 228; x_wconf 91' lang='lat' dir='ltr'><strong>cum</strong></span> <span class='ocrx_word' id='word_1_8' title='bbox 805 188 974 241; x_wconf 87' lang='lat' dir='ltr'><strong>primum</strong></span> <span class='ocrx_word' id='word_1_9' title='bbox 1001 189 1093 231; x_wconf 89' lang='lat' dir='ltr'><strong>luce</strong></span> <span class='ocrx_word' id='word_1_10' title='bbox 1121 191 1308 245; x_wconf 85' lang='lat' dir='ltr'><strong>sequenti</strong></span> <span class='ocrx_word' id='word_1_11' title='bbox 1524 197 1602 234; x_wconf 88' lang='grc'><strong>675</strong></span> 
     </span>
     <span class='ocr_line' id='line_1_3' title="bbox 277 253 1169 308; baseline 0.006 -14"><span class='ocrx_word' id='word_1_12' title='bbox 277 255 470 308; x_wconf 85' lang='lat' dir='ltr'><strong>Augusto</strong></span> <span class='ocrx_word' id='word_1_13' title='bbox 497 253 634 296; x_wconf 86' lang='lat' dir='ltr'><strong>iuueni</strong></span> <span class='ocrx_word' id='word_1_14' title='bbox 659 267 852 308; x_wconf 85' lang='lat' dir='ltr'><strong>prospera</strong></span> <span class='ocrx_word' id='word_1_15' title='bbox 879 257 985 297; x_wconf 87' lang='lat' dir='ltr'><strong>bella</strong></span> <span class='ocrx_word' id='word_1_16' title='bbox 1013 257 1169 299; x_wconf 87' lang='lat' dir='ltr'><strong>darent.</strong></span> 
     </span>
    </p>
   </div>
   <div class='ocr_carea' id='block_1_3' title="bbox 221 386 1292 512">
    <p class='ocr_par' dir='ltr' id='par_1_3' title="bbox 221 386 1292 512">
     <span class='ocr_line' id='line_1_4' title="bbox 221 386 1270 443; baseline 0.004 -14"><span class='ocrx_word' id='word_1_17' title='bbox 221 387 307 429; x_wconf 87' lang='lat' dir='ltr'><strong>Sed</strong></span> <span class='ocrx_word' id='word_1_18' title='bbox 336 387 414 427; x_wconf 85' lang='lat' dir='ltr'><strong>iam</strong></span> <span class='ocrx_word' id='word_1_19' title='bbox 443 386 684 440; x_wconf 81' lang='lat' dir='ltr'><strong>praeteritas</strong></span> <span class='ocrx_word' id='word_1_20' title='bbox 711 396 880 443; x_wconf 80' lang='lat' dir='ltr'><strong>quartus</strong></span> <span class='ocrx_word' id='word_1_21' title='bbox 909 389 982 431; x_wconf 83' lang='lat' dir='ltr'><strong>tibi</strong></span> <span class='ocrx_word' id='word_1_22' title='bbox 1007 391 1150 433; x_wconf 84' lang='lat' dir='ltr'><strong>lucifer</strong></span> <span class='ocrx_word' id='word_1_23' title='bbox 1178 391 1270 433; x_wconf 87' lang='lat' dir='ltr'><strong>idus</strong></span> 
     </span>
     <span class='ocr_line' id='line_1_5' title="bbox 278 454 1292 512; baseline 0.004 -16"><span class='ocrx_word' id='word_1_24' title='bbox 278 454 479 509; x_wconf 84' lang='lat' dir='ltr'>Respicit.</span> <span class='ocrx_word' id='word_1_25' title='bbox 514 456 594 497; x_wconf 89' lang='lat' dir='ltr'><strong>hac</strong></span> <span class='ocrx_word' id='word_1_26' title='bbox 622 457 781 512; x_wconf 85' lang='lat' dir='ltr'><strong>hyades</strong></span> <span class='ocrx_word' id='word_1_27' title='bbox 809 457 960 499; x_wconf 89' lang='lat' dir='ltr'><strong>Dorida</strong></span> <span class='ocrx_word' id='word_1_28' title='bbox 986 465 1110 500; x_wconf 87' lang='lat' dir='ltr'><strong>nocte</strong></span> <span class='ocrx_word' id='word_1_29' title='bbox 1138 465 1292 500; x_wconf 86' lang='lat' dir='ltr'><strong>tenent.</strong></span> 
     </span>
    </p>
   </div>
   <div class='ocr_carea' id='block_1_4' title="bbox 216 589 1632 1118">
    <p class='ocr_par' dir='ltr' id='par_1_4' title="bbox 216 589 1632 1118">
     <span class='ocr_line' id='line_1_6' title="bbox 222 589 1330 647; baseline 0.007 -20"><span class='ocrx_word' id='word_1_30' title='bbox 222 589 361 628; x_wconf 83' lang='lat' dir='ltr'><strong>Tertia</strong></span> <span class='ocrx_word' id='word_1_31' title='bbox 387 594 484 641; x_wconf 88' lang='lat' dir='ltr'><strong>post</strong></span> <span class='ocrx_word' id='word_1_32' title='bbox 510 589 670 645; x_wconf 79' lang='lat' dir='ltr'><strong>hyadas</strong></span> <span class='ocrx_word' id='word_1_33' title='bbox 700 604 791 633; x_wconf 90' lang='lat' dir='ltr'><strong>cum</strong></span> <span class='ocrx_word' id='word_1_34' title='bbox 819 592 891 632; x_wconf 85' lang='lat' dir='ltr'><strong>lux</strong></span> <span class='ocrx_word' id='word_1_35' title='bbox 923 592 1000 632; x_wconf 84' lang='lat' dir='ltr'><strong>erit</strong></span> <span class='ocrx_word' id='word_1_36' title='bbox 1027 599 1115 633; x_wconf 86' lang='lat' dir='ltr'><strong>orta</strong></span> <span class='ocrx_word' id='word_1_37' title='bbox 1138 600 1330 647; x_wconf 85' lang='lat' dir='ltr'><strong>remotaS,</strong></span> 
     </span>
     <span class='ocr_line' id='line_1_7' title="bbox 277 657 1606 713; baseline 0.001 -16"><span class='ocrx_word' id='word_1_38' title='bbox 277 657 457 698; x_wconf 88' lang='lat' dir='ltr'><strong>Caroere</strong></span> <span class='ocrx_word' id='word_1_39' title='bbox 486 659 657 710; x_wconf 85' lang='lat' dir='ltr'><strong>partitos</strong></span> <span class='ocrx_word' id='word_1_40' title='bbox 687 659 821 700; x_wconf 90' lang='lat' dir='ltr'><strong>circus</strong></span> <span class='ocrx_word' id='word_1_41' title='bbox 849 660 1017 699; x_wconf 85' lang='lat' dir='ltr'><strong>habebit</strong></span> <span class='ocrx_word' id='word_1_42' title='bbox 1046 672 1189 713; x_wconf 89' lang='lat' dir='ltr'><strong>equos.</strong></span> <span class='ocrx_word' id='word_1_43' title='bbox 1526 664 1606 699; x_wconf 82' lang='lat'><strong>680</strong></span> 
     </span>
     <span class='ocr_line' id='line_1_8' title="bbox 222 723 1225 778; baseline 0.001 -12"><span class='ocrx_word' id='word_1_44' title='bbox 222 723 308 766; x_wconf 87' lang='lat' dir='ltr'><strong>Cur</strong></span> <span class='ocrx_word' id='word_1_45' title='bbox 344 725 466 778; x_wconf 85' lang='lat' dir='ltr'><strong>igitur</strong></span> <span class='ocrx_word' id='word_1_46' title='bbox 502 727 653 766; x_wconf 84' lang='lat' dir='ltr'><strong>missae</strong></span> <span class='ocrx_word' id='word_1_47' title='bbox 689 727 839 767; x_wconf 84' lang='lat' dir='ltr'><strong>uinctis</strong></span> <span class='ocrx_word' id='word_1_48' title='bbox 874 727 1056 766; x_wconf 88' lang='lat' dir='ltr'><strong>ardentia</strong></span> <span class='ocrx_word' id='word_1_49' title='bbox 1089 727 1225 767; x_wconf 86' lang='lat' dir='ltr'><strong>taedis</strong></span> 
     </span>
     <span class='ocr_line' id='line_1_9' title="bbox 279 792 1266 846; baseline 0.005 -17"><span class='ocrx_word' id='word_1_50' title='bbox 279 792 416 845; x_wconf 85' lang='lat' dir='ltr'>Terga</span> <span class='ocrx_word' id='word_1_51' title='bbox 443 793 575 833; x_wconf 85' lang='lat' dir='ltr'><strong>ferant</strong></span> <span class='ocrx_word' id='word_1_52' title='bbox 603 794 761 846; x_wconf 85' lang='lat' dir='ltr'><strong>uolpes,</strong></span> <span class='ocrx_word' id='word_1_53' title='bbox 790 805 918 834; x_wconf 86' lang='lat' dir='ltr'><strong>causa</strong></span> <span class='ocrx_word' id='word_1_54' title='bbox 946 792 1130 834; x_wconf 87' lang='lat' dir='ltr'><strong>docenda</strong></span> <span class='ocrx_word' id='word_1_55' title='bbox 1157 794 1266 834; x_wconf 87' lang='lat' dir='ltr'><strong>mihi.</strong></span> 
     </span>
     <span class='ocr_line' id='line_1_10' title="bbox 218 857 1205 913; baseline 0.002 -13"><span class='ocrx_word' id='word_1_56' title='bbox 218 858 388 912; x_wconf 84' lang='lat' dir='ltr'><strong>Frigida</strong></span> <span class='ocrx_word' id='word_1_57' title='bbox 416 857 614 912; x_wconf 81' lang='lat' dir='ltr'><strong>Carseoli,</strong></span> <span class='ocrx_word' id='word_1_58' title='bbox 643 872 722 900; x_wconf 87' lang='lat' dir='ltr'><strong>neo</strong></span> <span class='ocrx_word' id='word_1_59' title='bbox 750 859 870 900; x_wconf 88' lang='lat' dir='ltr'><strong>oliuis</strong></span> <span class='ocrx_word' id='word_1_60' title='bbox 900 867 998 913; x_wconf 85' lang='lat' dir='ltr'><strong>apta</strong></span> <span class='ocrx_word' id='word_1_61' title='bbox 1026 860 1205 902; x_wconf 85' lang='lat' dir='ltr'><strong>serendis</strong></span> 
     </span>
     <span class='ocr_line' id='line_1_11' title="bbox 276 926 1632 983; baseline 0.004 -18"><span class='ocrx_word' id='word_1_62' title='bbox 276 927 421 978; x_wconf 81' lang='lat' dir='ltr'><strong>Terra,</strong></span> <span class='ocrx_word' id='word_1_63' title='bbox 453 927 529 966; x_wconf 91' lang='lat' dir='ltr'><strong>sed</strong></span> <span class='ocrx_word' id='word_1_64' title='bbox 565 926 618 967; x_wconf 87' lang='lat' dir='ltr'><strong>ad</strong></span> <span class='ocrx_word' id='word_1_65' title='bbox 656 932 831 981; x_wconf 86' lang='lat' dir='ltr'><strong>segetes</strong></span> <span class='ocrx_word' id='word_1_66' title='bbox 858 928 1098 982; x_wconf 84' lang='lat' dir='ltr'><strong>ingeniosus</strong></span> <span class='ocrx_word' id='word_1_67' title='bbox 1125 941 1238 983; x_wconf 82' lang='lat' dir='ltr'><strong>ager.</strong></span> <span class='ocrx_word' id='word_1_68' title='bbox 1629 976 1632 978; x_wconf 47' lang='grc'>,</span> 
     </span>
     <span class='ocr_line' id='line_1_12' title="bbox 216 994 1603 1049; baseline 0.001 -15"><span class='ocrx_word' id='word_1_69' title='bbox 216 994 311 1034; x_wconf 87' lang='lat' dir='ltr'><strong>Hac</strong></span> <span class='ocrx_word' id='word_1_70' title='bbox 340 1005 421 1046; x_wconf 83' lang='lat' dir='ltr'><strong>ego</strong></span> <span class='ocrx_word' id='word_1_71' title='bbox 449 994 659 1048; x_wconf 86' lang='lat' dir='ltr'><strong>Pelignos,</strong></span> <span class='ocrx_word' id='word_1_72' title='bbox 688 995 841 1035; x_wconf 87' lang='lat' dir='ltr'><strong>natalia</strong></span> <span class='ocrx_word' id='word_1_73' title='bbox 868 1008 958 1035; x_wconf 88' lang='lat' dir='ltr'><strong>rura</strong></span> <span class='ocrx_word' id='word_1_74' title='bbox 985 997 1189 1049; x_wconf 84' lang='lat' dir='ltr'><strong>petebam,</strong></span> <span class='ocrx_word' id='word_1_75' title='bbox 1524 998 1603 1035; x_wconf 84' lang='grc'><strong>685</strong></span> 
     </span>
     <span class='ocr_line' id='line_1_13' title="bbox 272 1061 1233 1118; baseline 0.002 -17"><span class='ocrx_word' id='word_1_76' title='bbox 272 1061 418 1113; x_wconf 82' lang='lat' dir='ltr'><strong>Parua,</strong></span> <span class='ocrx_word' id='word_1_77' title='bbox 447 1061 524 1102; x_wconf 87' lang='lat' dir='ltr'><strong>sed</strong></span> <span class='ocrx_word' id='word_1_78' title='bbox 553 1062 733 1104; x_wconf 84' lang='lat' dir='ltr'><strong>assiduis</strong></span> <span class='ocrx_word' id='word_1_79' title='bbox 761 1062 884 1103; x_wconf 91' lang='lat' dir='ltr'><strong>uuida</strong></span> <span class='ocrx_word' id='word_1_80' title='bbox 912 1075 1075 1117; x_wconf 87' lang='lat' dir='ltr'><strong>semper</strong></span> <span class='ocrx_word' id='word_1_81' title='bbox 1103 1064 1233 1118; x_wconf 90' lang='lat' dir='ltr'><strong>aquis.</strong></span> 
     </span>
    </p>
   </div>
   <div class='ocr_carea' id='block_1_5' title="bbox 159 1239 1607 1795">
    <p class='ocr_par' dir='ltr' id='par_1_5' title="bbox 159 1239 1607 1795">
     <span class='ocr_line' id='line_1_14' title="bbox 209 1239 1605 1292; baseline 0.001 -16"><span class='ocrx_word' id='word_1_82' title='bbox 209 1239 297 1276; x_wconf 87' lang='lat'><strong>675.</strong></span> <span class='ocrx_word' id='word_1_83' title='bbox 332 1240 383 1276; x_wconf 87' lang='lat' dir='ltr'><strong>Vt</strong></span> <span class='ocrx_word' id='word_1_84' title='bbox 413 1241 568 1289; x_wconf 81' lang='lat' dir='ltr'><strong>primum</strong></span> <span class='ocrx_word' id='word_1_85' title='bbox 604 1241 692 1290; x_wconf 86' lang='lat' dir='ltr'><strong>imp.</strong></span> <span class='ocrx_word' id='word_1_86' title='bbox 719 1241 786 1289; x_wconf 65' lang='grc' dir='ltr'><strong>ΙΙΙ.</strong></span> <span class='ocrx_word' id='word_1_87' title='bbox 811 1244 872 1279; x_wconf 88' lang='grc'><strong>29.</strong></span> <span class='ocrx_word' id='word_1_88' title='bbox 918 1242 1045 1292; x_wconf 85' lang='lat' dir='ltr'><strong>inperii</strong></span> <span class='ocrx_word' id='word_1_89' title='bbox 1071 1245 1119 1279; x_wconf 88' lang='lat' dir='ltr'><strong>D.</strong></span> <span class='ocrx_word' id='word_1_90' title='bbox 1172 1242 1309 1292; x_wconf 84' lang='lat' dir='ltr'><strong>imperii</strong></span> <span class='ocrx_word' id='word_1_91' title='bbox 1342 1254 1408 1278; x_wconf 86' lang='lat' dir='ltr'><strong>sua</strong></span> <span class='ocrx_word' id='word_1_92' title='bbox 1440 1242 1605 1291; x_wconf 88' lang='lat' dir='ltr'><strong>praemia</strong></span> 
     </span>
     <span class='ocr_line' id='line_1_15' title="bbox 162 1291 1605 1342; baseline 0.001 -15"><span class='ocrx_word' id='word_1_93' title='bbox 162 1291 246 1328; x_wconf 87' lang='lat' dir='ltr'><strong>luce</strong></span> <span class='ocrx_word' id='word_1_94' title='bbox 270 1291 332 1326; x_wconf 81' lang='lat'><strong>29.</strong></span> <span class='ocrx_word' id='word_1_95' title='bbox 380 1293 463 1338; x_wconf 80' lang='lat' dir='ltr'><strong><em>Ita,</em></strong></span> <span class='ocrx_word' id='word_1_96' title='bbox 491 1303 571 1327; x_wconf 89' lang='lat' dir='ltr'><strong>cum</strong></span> <span class='ocrx_word' id='word_1_97' title='bbox 607 1294 781 1340; x_wconf 83' lang='lat' dir='ltr'><strong>primum,</strong></span> <span class='ocrx_word' id='word_1_98' title='bbox 808 1293 1016 1329; x_wconf 74' lang='grc' dir='ltr'><strong>ΑΒΜ-13</strong></span> <span class='ocrx_word' id='word_1_99' title='bbox 1044 1297 1211 1341; x_wconf 67' lang='lat' dir='ltr'><strong>[plantor.</strong></span> <span class='ocrx_word' id='word_1_100' title='bbox 1260 1305 1369 1342; x_wconf 90' lang='lat' dir='ltr'><strong>quum</strong></span> <span class='ocrx_word' id='word_1_101' title='bbox 1397 1294 1550 1342; x_wconf 88' lang='lat' dir='ltr'><strong>primum</strong></span> <span class='ocrx_word' id='word_1_102' title='bbox 1576 1297 1605 1329; x_wconf 83' lang='lat' dir='ltr'><strong>t.</strong></span> 
     </span>
     <span class='ocr_line' id='line_1_16' title="bbox 166 1342 1605 1393; baseline 0.001 -15"><span class='ocrx_word' id='word_1_103' title='bbox 166 1347 243 1378; x_wconf 84' lang='lat' dir='ltr'><strong>tum</strong></span> <span class='ocrx_word' id='word_1_104' title='bbox 271 1342 425 1390; x_wconf 84' lang='lat' dir='ltr'><strong>primum</strong></span> <span class='ocrx_word' id='word_1_105' title='bbox 450 1342 487 1377; x_wconf 91' lang='grc'><strong>4.</strong></span> <span class='ocrx_word' id='word_1_106' title='bbox 529 1342 615 1390; x_wconf 88' lang='lat' dir='ltr'><strong>imp.</strong></span> <span class='ocrx_word' id='word_1_107' title='bbox 644 1343 797 1391; x_wconf 86' lang='lat' dir='ltr'><strong>primum</strong></span> <span class='ocrx_word' id='word_1_108' title='bbox 825 1355 903 1379; x_wconf 88' lang='lat' dir='ltr'><strong>cum</strong></span> <span class='ocrx_word' id='word_1_109' title='bbox 932 1344 1011 1379; x_wconf 87' lang='lat' dir='ltr'><strong>luce</strong></span> <span class='ocrx_word' id='word_1_110' title='bbox 1029 1342 1089 1380; x_wconf 87' lang='grc' dir='ltr'><strong>Λ.</strong></span> <span class='ocrx_word' id='word_1_111' title='bbox 1133 1350 1217 1379; x_wconf 89' lang='lat' dir='ltr'><strong>tunc</strong></span> <span class='ocrx_word' id='word_1_112' title='bbox 1242 1343 1396 1392; x_wconf 80' lang='lat' dir='ltr'><strong>primum</strong></span> <span class='ocrx_word' id='word_1_113' title='bbox 1412 1346 1457 1380; x_wconf 91' lang='grc' dir='ltr'><strong>Ε.</strong></span> <span class='ocrx_word' id='word_1_114' title='bbox 1497 1355 1605 1393; x_wconf 86' lang='lat' dir='ltr'><strong>quam</strong></span> 
     </span>
     <span class='ocr_line' id='line_1_17' title="bbox 164 1392 1607 1442; baseline 0.002 -15"><span class='ocrx_word' id='word_1_115' title='bbox 164 1393 320 1442; x_wconf 88' lang='lat' dir='ltr'><strong>primum</strong></span> <span class='ocrx_word' id='word_1_116' title='bbox 348 1392 490 1428; x_wconf 70' lang='lat' dir='ltr'><strong>caeteri.</strong></span> <span class='ocrx_word' id='word_1_117' title='bbox 541 1393 694 1440; x_wconf 80' lang='lat' dir='ltr'><strong>primum</strong></span> <span class='ocrx_word' id='word_1_118' title='bbox 731 1404 855 1429; x_wconf 83' lang='lat' dir='ltr'><strong>caesar</strong></span> <span class='ocrx_word' id='word_1_119' title='bbox 881 1393 1030 1429; x_wconf 82' lang='lat' dir='ltr'><strong>haberet</strong></span> <span class='ocrx_word' id='word_1_120' title='bbox 1056 1393 1075 1429; x_wconf 88' lang='lat' dir='ltr'><strong><em>b</em></strong></span> <span class='ocrx_word' id='word_1_121' title='bbox 1094 1406 1166 1430; x_wconf 81' lang='lat' dir='ltr'><strong>ma.</strong></span> <span class='ocrx_word' id='word_1_122' title='bbox 1185 1406 1240 1442; x_wconf 83' lang='lat' dir='ltr'><strong>pr.</strong></span> <span class='ocrx_word' id='word_1_123' title='bbox 1288 1400 1411 1430; x_wconf 82' lang='lat' dir='ltr'><strong>secuta</strong></span> <span class='ocrx_word' id='word_1_124' title='bbox 1435 1397 1497 1430; x_wconf 85' lang='lat'><strong>22.</strong></span> <span class='ocrx_word' id='word_1_125' title='bbox 1544 1406 1607 1430; x_wconf 84' lang='lat' dir='ltr'><strong>se-</strong></span> 
     </span>
     <span class='ocr_line' id='line_1_18' title="bbox 167 1442 1604 1492; baseline 0.001 -14"><span class='ocrx_word' id='word_1_126' title='bbox 167 1442 288 1478; x_wconf 89' lang='lat' dir='ltr'><strong>cunda</strong></span> <span class='ocrx_word' id='word_1_127' title='bbox 313 1453 420 1481; x_wconf 73' lang='lat' dir='ltr'><strong>unus.</strong></span> <span class='ocrx_word' id='word_1_128' title='bbox 520 1444 607 1479; x_wconf 89' lang='grc'><strong>676.</strong></span> <span class='ocrx_word' id='word_1_129' title='bbox 635 1455 758 1491; x_wconf 83' lang='lat' dir='ltr'><strong>prosp.</strong></span> <span class='ocrx_word' id='word_1_130' title='bbox 786 1445 887 1492; x_wconf 86' lang='lat' dir='ltr'><strong>signa</strong></span> <span class='ocrx_word' id='word_1_131' title='bbox 911 1443 989 1480; x_wconf 83' lang='lat' dir='ltr'><strong>dar.</strong></span> <span class='ocrx_word' id='word_1_132' title='bbox 1023 1444 1084 1480; x_wconf 78' lang='lat' dir='ltr'><strong>Th</strong></span> <span class='ocrx_word' id='word_1_133' title='bbox 1101 1448 1175 1480; x_wconf 71' lang='lat' dir='ltr'><strong>tres</strong></span> <span class='ocrx_word' id='word_1_134' title='bbox 1199 1448 1232 1480; x_wconf 82' lang='lat' dir='ltr'><strong>et</strong></span> <span class='ocrx_word' id='word_1_135' title='bbox 1256 1448 1342 1480; x_wconf 80' lang='lat' dir='ltr'><strong>uett.</strong></span> <span class='ocrx_word' id='word_1_136' title='bbox 1362 1443 1415 1480; x_wconf 82' lang='lat' dir='ltr'><strong>ed.</strong></span> <span class='ocrx_word' id='word_1_137' title='bbox 1517 1445 1604 1481; x_wconf 85' lang='lat'><strong>677.</strong></span> 
     </span>
     <span class='ocr_line' id='line_1_19' title="bbox 167 1491 1605 1543; baseline 0 -13"><span class='ocrx_word' id='word_1_138' title='bbox 167 1495 244 1536; x_wconf 77' lang='lat' dir='ltr'><strong>Ita,</strong></span> <span class='ocrx_word' id='word_1_139' title='bbox 270 1499 420 1541; x_wconf 78' lang='lat' dir='ltr'><strong>quartus</strong></span> <span class='ocrx_word' id='word_1_140' title='bbox 446 1492 525 1539; x_wconf 73' lang='lat' dir='ltr'><strong>tibi,</strong></span> <span class='ocrx_word' id='word_1_141' title='bbox 553 1493 588 1528; x_wconf 85' lang='lat' dir='ltr'><strong><em>A</em></strong></span> <span class='ocrx_word' id='word_1_142' title='bbox 603 1494 631 1530; x_wconf 79' lang='grc' dir='ltr'><em>Ο</em></span> <span class='ocrx_word' id='word_1_143' title='bbox 642 1491 903 1543; x_wconf 64' lang='grc' dir='ltr'><strong>Ψῃιηυιιιφν.</strong></span> <span class='ocrx_word' id='word_1_144' title='bbox 926 1494 995 1531; x_wconf 79' lang='lat' dir='ltr'><strong>duo</strong></span> <span class='ocrx_word' id='word_1_145' title='bbox 1012 1499 1043 1530; x_wconf 76' lang='lat' dir='ltr'><strong>et</strong></span> <span class='ocrx_word' id='word_1_146' title='bbox 1059 1493 1136 1531; x_wconf 78' lang='lat' dir='ltr'><strong>edd.</strong></span> <span class='ocrx_word' id='word_1_147' title='bbox 1153 1506 1245 1530; x_wconf 82' lang='lat' dir='ltr'><strong>saec.</strong></span> <span class='ocrx_word' id='word_1_148' title='bbox 1264 1506 1337 1529; x_wconf 78' lang='lat' dir='ltr'><strong>xv.</strong></span> <span class='ocrx_word' id='word_1_149' title='bbox 1375 1500 1520 1542; x_wconf 84' lang='lat' dir='ltr'><strong>quartas</strong></span> <span class='ocrx_word' id='word_1_150' title='bbox 1540 1495 1605 1530; x_wconf 89' lang='lat' dir='ltr'><strong>tibi</strong></span> 
     </span>
     <span class='ocr_line' id='line_1_20' title="bbox 163 1540 1605 1592; baseline 0.002 -14"><span class='ocrx_word' id='word_1_151' title='bbox 163 1542 232 1589; x_wconf 65' lang='grc' dir='ltr'><strong>ΠΤ.</strong></span> <span class='ocrx_word' id='word_1_152' title='bbox 275 1549 422 1591; x_wconf 84' lang='lat' dir='ltr'><strong>quartas</strong></span> <span class='ocrx_word' id='word_1_153' title='bbox 449 1543 508 1578; x_wconf 89' lang='lat' dir='ltr'><strong>ubi</strong></span> <span class='ocrx_word' id='word_1_154' title='bbox 535 1540 573 1578; x_wconf 79' lang='grc' dir='ltr'><em>Σ</em></span> <span class='ocrx_word' id='word_1_155' title='bbox 580 1546 639 1579; x_wconf 91' lang='grc'><strong>20.</strong></span> <span class='ocrx_word' id='word_1_156' title='bbox 680 1551 829 1592; x_wconf 88' lang='lat' dir='ltr'><strong>quartus</strong></span> <span class='ocrx_word' id='word_1_157' title='bbox 858 1545 916 1580; x_wconf 88' lang='lat' dir='ltr'><strong>ubi</strong></span> <span class='ocrx_word' id='word_1_158' title='bbox 942 1544 1008 1591; x_wconf 79' lang='lat' dir='ltr'><strong>llf.</strong></span> <span class='ocrx_word' id='word_1_159' title='bbox 1027 1557 1050 1581; x_wconf 84' lang='grc' dir='ltr'>α</span> <span class='ocrx_word' id='word_1_160' title='bbox 1069 1548 1263 1581; x_wconf 76' lang='lat' dir='ltr'><strong>correctore</strong></span> <span class='ocrx_word' id='word_1_161' title='bbox 1278 1548 1417 1580; x_wconf 78' lang='lat' dir='ltr'><strong>uetusto</strong></span> <span class='ocrx_word' id='word_1_162' title='bbox 1441 1541 1605 1581; x_wconf 73' lang='lat' dir='ltr'><strong><em>BEFOE</em></strong></span> 
     </span>
     <span class='ocr_line' id='line_1_21' title="bbox 159 1590 1604 1643; baseline 0 -12"><span class='ocrx_word' id='word_1_163' title='bbox 159 1591 202 1631; x_wconf 91' lang='grc' dir='ltr'><strong><em>Γ</em></strong></span> <span class='ocrx_word' id='word_1_164' title='bbox 208 1590 245 1630; x_wconf 83' lang='lat' dir='ltr'><strong><em>P</em></strong></span> <span class='ocrx_word' id='word_1_165' title='bbox 256 1591 326 1639; x_wconf 75' lang='lat' dir='ltr'><strong>Tf</strong></span> <span class='ocrx_word' id='word_1_166' title='bbox 330 1605 449 1629; x_wconf 84' lang='lat' dir='ltr'><strong>mma.</strong></span> <span class='ocrx_word' id='word_1_167' title='bbox 460 1605 560 1630; x_wconf 62' lang='lat' dir='ltr'><strong>sear</strong></span> <span class='ocrx_word' id='word_1_168' title='bbox 576 1605 595 1629; x_wconf 89' lang='lat' dir='ltr'><strong>s</strong></span> <span class='ocrx_word' id='word_1_169' title='bbox 612 1597 659 1629; x_wconf 85' lang='lat'><strong>22</strong></span> <span class='ocrx_word' id='word_1_170' title='bbox 678 1597 726 1630; x_wconf 83' lang='lat'><strong>33</strong></span> <span class='ocrx_word' id='word_1_171' title='bbox 753 1594 961 1642; x_wconf 78' lang='lat' dir='ltr'><strong>quindecim.</strong></span> <span class='ocrx_word' id='word_1_172' title='bbox 1011 1602 1167 1643; x_wconf 81' lang='lat' dir='ltr'><strong>praeter.</strong></span> <span class='ocrx_word' id='word_1_173' title='bbox 1197 1595 1429 1640; x_wconf 81' lang='lat' dir='ltr'><strong>(praeteritos</strong></span> <span class='ocrx_word' id='word_1_174' title='bbox 1457 1594 1508 1640; x_wconf 87' lang='lat' dir='ltr'><strong>b.)</strong></span> <span class='ocrx_word' id='word_1_175' title='bbox 1543 1594 1604 1631; x_wconf 85' lang='lat' dir='ltr'><strong>ubi</strong></span> 
     </span>
     <span class='ocr_line' id='line_1_22' title="bbox 160 1641 1603 1695; baseline 0.001 -15"><span class='ocrx_word' id='word_1_176' title='bbox 160 1649 311 1693; x_wconf 83' lang='lat' dir='ltr'><strong>quartus</strong></span> <span class='ocrx_word' id='word_1_177' title='bbox 337 1643 464 1679; x_wconf 82' lang='lat' dir='ltr'><strong>lucifer</strong></span> <span class='ocrx_word' id='word_1_178' title='bbox 489 1645 631 1681; x_wconf 79' lang='lat' dir='ltr'><strong>caeteri.</strong></span> <span class='ocrx_word' id='word_1_179' title='bbox 733 1646 819 1681; x_wconf 90' lang='lat'><strong>678.</strong></span> <span class='ocrx_word' id='word_1_180' title='bbox 848 1646 984 1695; x_wconf 84' lang='lat' dir='ltr'><strong>Aspicit</strong></span> <span class='ocrx_word' id='word_1_181' title='bbox 1003 1647 1054 1681; x_wconf 91' lang='lat' dir='ltr'><strong>N.</strong></span> <span class='ocrx_word' id='word_1_182' title='bbox 1098 1645 1259 1693; x_wconf 83' lang='lat' dir='ltr'><strong>Respicit</strong></span> <span class='ocrx_word' id='word_1_183' title='bbox 1285 1643 1382 1679; x_wconf 84' lang='lat' dir='ltr'><strong>iades</strong></span> <span class='ocrx_word' id='word_1_184' title='bbox 1402 1641 1442 1679; x_wconf 92' lang='grc' dir='ltr'><em>Γ</em></span> <span class='ocrx_word' id='word_1_185' title='bbox 1440 1670 1450 1681; x_wconf 89' lang='grc'><strong>.</strong></span> <span class='ocrx_word' id='word_1_186' title='bbox 1488 1645 1603 1694; x_wconf 78' lang='lat' dir='ltr'><strong>Resp-</strong></span> 
     </span>
     <span class='ocr_line' id='line_1_23' title="bbox 159 1693 1603 1745; baseline 0.001 -15"><span class='ocrx_word' id='word_1_187' title='bbox 159 1694 226 1731; x_wconf 87' lang='lat' dir='ltr'><strong>has</strong></span> <span class='ocrx_word' id='word_1_188' title='bbox 252 1693 360 1741; x_wconf 87' lang='lat' dir='ltr'><strong>hyad.</strong></span> <span class='ocrx_word' id='word_1_189' title='bbox 385 1693 455 1740; x_wconf 78' lang='lat' dir='ltr'><strong>Ilf.</strong></span> <span class='ocrx_word' id='word_1_190' title='bbox 498 1694 612 1743; x_wconf 89' lang='lat' dir='ltr'><strong>Resp.</strong></span> <span class='ocrx_word' id='word_1_191' title='bbox 641 1706 682 1730; x_wconf 83' lang='lat' dir='ltr'><strong>ac</strong></span> <span class='ocrx_word' id='word_1_192' title='bbox 707 1694 814 1742; x_wconf 83' lang='lat' dir='ltr'><strong>hyad.</strong></span> <span class='ocrx_word' id='word_1_193' title='bbox 840 1697 882 1731; x_wconf 89' lang='lat' dir='ltr'><strong>F.</strong></span> <span class='ocrx_word' id='word_1_194' title='bbox 926 1694 1036 1742; x_wconf 82' lang='lat' dir='ltr'><strong>yades</strong></span> <span class='ocrx_word' id='word_1_195' title='bbox 1061 1696 1150 1731; x_wconf 86' lang='lat' dir='ltr'><strong>EG.</strong></span> <span class='ocrx_word' id='word_1_196' title='bbox 1190 1694 1288 1745; x_wconf 81' lang='lat' dir='ltr'><strong>iades</strong></span> <span class='ocrx_word' id='word_1_197' title='bbox 1316 1696 1364 1730; x_wconf 90' lang='lat' dir='ltr'><strong>D.</strong></span> <span class='ocrx_word' id='word_1_198' title='bbox 1411 1694 1490 1732; x_wconf 91' lang='lat' dir='ltr'><strong>dor.</strong></span> <span class='ocrx_word' id='word_1_199' title='bbox 1517 1701 1603 1732; x_wconf 88' lang='lat' dir='ltr'><strong>nate</strong></span> 
     </span>
     <span class='ocr_line' id='line_1_24' title="bbox 159 1741 1601 1795; baseline 0.001 -14"><span class='ocrx_word' id='word_1_200' title='bbox 159 1748 186 1781; x_wconf 79' lang='lat' dir='ltr'><strong>t.</strong></span> <span class='ocrx_word' id='word_1_201' title='bbox 227 1751 331 1780; x_wconf 85' lang='lat' dir='ltr'><strong>nocte</strong></span> <span class='ocrx_word' id='word_1_202' title='bbox 358 1750 486 1793; x_wconf 88' lang='lat' dir='ltr'><strong>petunt</strong></span> <span class='ocrx_word' id='word_1_203' title='bbox 511 1744 795 1790; x_wconf 77' lang='lat' dir='ltr'><strong>11f.BGNZm</strong></span> <span class='ocrx_word' id='word_1_204' title='bbox 810 1757 882 1781; x_wconf 79' lang='lat' dir='ltr'><strong>ma.</strong></span> <span class='ocrx_word' id='word_1_205' title='bbox 899 1757 954 1795; x_wconf 79' lang='lat' dir='ltr'><strong>pr.</strong></span> <span class='ocrx_word' id='word_1_206' title='bbox 981 1756 1058 1782; x_wconf 71' lang='lat' dir='ltr'><strong>sex.</strong></span> <span class='ocrx_word' id='word_1_207' title='bbox 1104 1743 1214 1781; x_wconf 56' lang='lat' dir='ltr'><strong>Inte}⁴¹&gt;</strong></span> <span class='ocrx_word' id='word_1_208' title='bbox 1230 1741 1324 1781; x_wconf 79' lang='lat' dir='ltr'><strong>hunc</strong></span> <span class='ocrx_word' id='word_1_209' title='bbox 1349 1749 1382 1780; x_wconf 70' lang='lat' dir='ltr'><strong>et</strong></span> <span class='ocrx_word' id='word_1_210' title='bbox 1407 1757 1479 1794; x_wconf 77' lang='lat' dir='ltr'><strong>seq.</strong></span> <span class='ocrx_word' id='word_1_211' title='bbox 1505 1757 1601 1783; x_wconf 73' lang='lat' dir='ltr'><strong>uers-</strong></span> 
     </span>
    </p>
   </div>
   <div class='ocr_carea' id='block_1_6' title="bbox 161 1792 1675 1846">
    <p class='ocr_par' dir='ltr' id='par_1_6' title="bbox 161 1792 1675 1846">
     <span class='ocr_line' id='line_1_25' title="bbox 161 1792 1675 1846; baseline 0.001 -15"><span class='ocrx_word' id='word_1_212' title='bbox 161 1792 202 1831; x_wconf 78' lang='grc' dir='ltr'><em>Σ</em></span> <span class='ocrx_word' id='word_1_213' title='bbox 223 1794 327 1831; x_wconf 77' lang='lat' dir='ltr'><strong>habet</strong></span> <span class='ocrx_word' id='word_1_214' title='bbox 352 1806 414 1830; x_wconf 79' lang='lat' dir='ltr'><strong>uu.</strong></span> <span class='ocrx_word' id='word_1_215' title='bbox 432 1796 647 1830; x_wconf 78' lang='lat'><strong>713--720</strong></span> <span class='ocrx_word' id='word_1_216' title='bbox 671 1797 912 1843; x_wconf 75' lang='lat' dir='ltr'><strong>interpositos.</strong></span> <span class='ocrx_word' id='word_1_217' title='bbox 1033 1796 1118 1832; x_wconf 87' lang='lat'><strong>679.</strong></span> <span class='ocrx_word' id='word_1_218' title='bbox 1160 1795 1292 1840; x_wconf 83' lang='lat' dir='ltr'><strong>Tereia</strong></span> <span class='ocrx_word' id='word_1_219' title='bbox 1319 1797 1354 1830; x_wconf 88' lang='lat' dir='ltr'><strong><em>D</em></strong></span> <span class='ocrx_word' id='word_1_220' title='bbox 1371 1798 1406 1832; x_wconf 93' lang='lat' dir='ltr'><strong><em>E</em></strong></span> <span class='ocrx_word' id='word_1_221' title='bbox 1424 1797 1470 1832; x_wconf 87' lang='lat' dir='ltr'><strong>G.</strong></span> <span class='ocrx_word' id='word_1_222' title='bbox 1519 1801 1603 1846; x_wconf 88' lang='lat' dir='ltr'><strong>post</strong></span> <span class='ocrx_word' id='word_1_223' title='bbox 1669 1809 1675 1816; x_wconf 83' lang='lat'><strong><em>¹</em></strong></span> 
     </span>
    </p>
   </div>
   <div class='ocr_carea' id='block_1_7' title="bbox 159 1843 1603 2247">
    <p class='ocr_par' dir='ltr' id='par_1_7' title="bbox 159 1843 1602 1997">
     <span class='ocr_line' id='line_1_26' title="bbox 159 1843 1602 1893; baseline 0.001 -11"><span class='ocrx_word' id='word_1_224' title='bbox 159 1846 240 1882; x_wconf 86' lang='lat' dir='ltr'><strong>idus</strong></span> <span class='ocrx_word' id='word_1_225' title='bbox 267 1847 328 1883; x_wconf 81' lang='lat'><strong>34.</strong></span> <span class='ocrx_word' id='word_1_226' title='bbox 379 1844 513 1892; x_wconf 86' lang='lat' dir='ltr'><strong>hyades</strong></span> <span class='ocrx_word' id='word_1_227' title='bbox 543 1848 586 1882; x_wconf 87' lang='grc' dir='ltr'><strong>Τ.</strong></span> <span class='ocrx_word' id='word_1_228' title='bbox 638 1844 737 1881; x_wconf 82' lang='lat' dir='ltr'><strong>iades</strong></span> <span class='ocrx_word' id='word_1_229' title='bbox 761 1843 812 1882; x_wconf 76' lang='lat' dir='ltr'><strong>(D.</strong></span> <span class='ocrx_word' id='word_1_230' title='bbox 858 1845 971 1893; x_wconf 71' lang='lat' dir='ltr'><strong>Jadas</strong></span> <span class='ocrx_word' id='word_1_231' title='bbox 1000 1847 1096 1882; x_wconf 87' lang='lat' dir='ltr'><strong>DG.</strong></span> <span class='ocrx_word' id='word_1_232' title='bbox 1147 1845 1272 1882; x_wconf 77' lang='lat' dir='ltr'><strong>biadas</strong></span> <span class='ocrx_word' id='word_1_233' title='bbox 1302 1848 1346 1882; x_wconf 89' lang='lat' dir='ltr'><strong>E.</strong></span> <span class='ocrx_word' id='word_1_234' title='bbox 1394 1845 1494 1883; x_wconf 83' lang='lat' dir='ltr'><strong>iadas</strong></span> <span class='ocrx_word' id='word_1_235' title='bbox 1520 1859 1602 1883; x_wconf 91' lang='lat' dir='ltr'><strong>cum</strong></span> 
     </span>
     <span class='ocr_line' id='line_1_27' title="bbox 161 1892 1601 1947; baseline 0.001 -15"><span class='ocrx_word' id='word_1_236' title='bbox 161 1896 229 1932; x_wconf 85' lang='lat' dir='ltr'><strong>erit</strong></span> <span class='ocrx_word' id='word_1_237' title='bbox 255 1896 318 1931; x_wconf 78' lang='lat' dir='ltr'><strong>lux</strong></span> <span class='ocrx_word' id='word_1_238' title='bbox 343 1902 423 1931; x_wconf 85' lang='lat' dir='ltr'><strong>orta</strong></span> <span class='ocrx_word' id='word_1_239' title='bbox 441 1892 480 1931; x_wconf 95' lang='grc' dir='ltr'><em>Γ</em></span> <span class='ocrx_word' id='word_1_240' title='bbox 480 1923 489 1931; x_wconf 92' lang='grc'><strong>.</strong></span> <span class='ocrx_word' id='word_1_241' title='bbox 531 1896 675 1931; x_wconf 86' lang='lat' dir='ltr'><strong>remotis</strong></span> <span class='ocrx_word' id='word_1_242' title='bbox 692 1892 753 1931; x_wconf 85' lang='lat' dir='ltr'><strong>A.</strong></span> <span class='ocrx_word' id='word_1_243' title='bbox 855 1898 942 1932; x_wconf 83' lang='lat'><strong>680.</strong></span> <span class='ocrx_word' id='word_1_244' title='bbox 969 1903 1064 1945; x_wconf 84' lang='lat' dir='ltr'><strong>part.</strong></span> <span class='ocrx_word' id='word_1_245' title='bbox 1092 1896 1224 1932; x_wconf 82' lang='lat' dir='ltr'><strong>circum</strong></span> <span class='ocrx_word' id='word_1_246' title='bbox 1245 1895 1312 1942; x_wconf 78' lang='lat' dir='ltr'><strong>Ilf.</strong></span> <span class='ocrx_word' id='word_1_247' title='bbox 1324 1908 1464 1944; x_wconf 62' lang='grc' dir='ltr'><strong>ηιαφν.</strong></span> <span class='ocrx_word' id='word_1_248' title='bbox 1504 1904 1601 1947; x_wconf 88' lang='lat' dir='ltr'><strong>part.</strong></span> 
     </span>
     <span class='ocr_line' id='line_1_28' title="bbox 161 1944 1600 1997; baseline 0.001 -14"><span class='ocrx_word' id='word_1_249' title='bbox 161 1946 268 1983; x_wconf 90' lang='lat' dir='ltr'><strong>ludus</strong></span> <span class='ocrx_word' id='word_1_250' title='bbox 294 1958 318 1995; x_wconf 86' lang='lat' dir='ltr'><strong>p</strong></span> <span class='ocrx_word' id='word_1_251' title='bbox 334 1957 417 1982; x_wconf 68' lang='grc' dir='ltr'><strong>παν.</strong></span> <span class='ocrx_word' id='word_1_252' title='bbox 434 1958 502 1982; x_wconf 77' lang='lat' dir='ltr'><strong>scr.</strong></span> <span class='ocrx_word' id='word_1_253' title='bbox 544 1945 674 1982; x_wconf 84' lang='lat' dir='ltr'><strong>habeb&#39;</strong></span> <span class='ocrx_word' id='word_1_254' title='bbox 700 1946 752 1991; x_wconf 79' lang='lat' dir='ltr'><strong>(h.</strong></span> <span class='ocrx_word' id='word_1_255' title='bbox 773 1958 802 1982; x_wconf 88' lang='lat' dir='ltr'><strong>e.</strong></span> <span class='ocrx_word' id='word_1_256' title='bbox 824 1946 989 1994; x_wconf 83' lang='lat' dir='ltr'><strong>habebis)</strong></span> <span class='ocrx_word' id='word_1_257' title='bbox 1011 1950 1059 1983; x_wconf 86' lang='lat' dir='ltr'><strong>D.</strong></span> <span class='ocrx_word' id='word_1_258' title='bbox 1100 1946 1259 1983; x_wconf 84' lang='lat' dir='ltr'><strong>habebat</strong></span> <span class='ocrx_word' id='word_1_259' title='bbox 1289 1944 1600 1997; x_wconf 73' lang='lat' dir='ltr'><strong>fflmea.pr.p.</strong></span> 
     </span>
    </p>

    <p class='ocr_par' dir='ltr' id='par_1_8' title="bbox 160 1996 1603 2247">
     <span class='ocr_line' id='line_1_29' title="bbox 213 1996 1603 2046; baseline 0.001 -14"><span class='ocrx_word' id='word_1_260' title='bbox 213 1998 300 2032; x_wconf 89' lang='lat'><strong>681.</strong></span> <span class='ocrx_word' id='word_1_261' title='bbox 338 1997 446 2044; x_wconf 84' lang='lat' dir='ltr'><strong>igitur</strong></span> <span class='ocrx_word' id='word_1_262' title='bbox 480 1996 592 2032; x_wconf 85' lang='lat' dir='ltr'><strong>taedis</strong></span> <span class='ocrx_word' id='word_1_263' title='bbox 617 1997 744 2032; x_wconf 89' lang='lat' dir='ltr'><strong>iunctis</strong></span> <span class='ocrx_word' id='word_1_264' title='bbox 770 1997 933 2033; x_wconf 87' lang='lat' dir='ltr'><strong>ardentia</strong></span> <span class='ocrx_word' id='word_1_265' title='bbox 959 1998 1089 2034; x_wconf 90' lang='lat' dir='ltr'><strong>missae</strong></span> <span class='ocrx_word' id='word_1_266' title='bbox 1113 2000 1149 2034; x_wconf 91' lang='lat' dir='ltr'><strong><em>E</em></strong></span> <span class='ocrx_word' id='word_1_267' title='bbox 1174 1999 1337 2046; x_wconf 77' lang='lat' dir='ltr'><strong>quinque.</strong></span> <span class='ocrx_word' id='word_1_268' title='bbox 1385 1998 1433 2046; x_wconf 84' lang='lat' dir='ltr'><strong>ig.</strong></span> <span class='ocrx_word' id='word_1_269' title='bbox 1459 1998 1603 2034; x_wconf 85' lang='lat' dir='ltr'><strong>iunctae</strong></span> 
     </span>
     <span class='ocr_line' id='line_1_30' title="bbox 162 2045 1602 2096; baseline 0.001 -13"><span class='ocrx_word' id='word_1_270' title='bbox 162 2047 277 2084; x_wconf 84' lang='lat' dir='ltr'><strong>missis</strong></span> <span class='ocrx_word' id='word_1_271' title='bbox 300 2046 378 2082; x_wconf 83' lang='lat' dir='ltr'><strong>ard.</strong></span> <span class='ocrx_word' id='word_1_272' title='bbox 397 2045 458 2083; x_wconf 90' lang='lat' dir='ltr'><strong>A.</strong></span> <span class='ocrx_word' id='word_1_273' title='bbox 500 2047 609 2095; x_wconf 64' lang='lat' dir='ltr'><strong>igitur</strong></span> <span class='ocrx_word' id='word_1_274' title='bbox 633 2047 746 2083; x_wconf 87' lang='lat' dir='ltr'><strong>missis</strong></span> <span class='ocrx_word' id='word_1_275' title='bbox 774 2049 888 2083; x_wconf 90' lang='lat' dir='ltr'><strong>unctis</strong></span> <span class='ocrx_word' id='word_1_276' title='bbox 914 2048 991 2084; x_wconf 83' lang='lat' dir='ltr'><strong>ard.</strong></span> <span class='ocrx_word' id='word_1_277' title='bbox 1022 2051 1063 2085; x_wconf 91' lang='lat' dir='ltr'><strong>F.</strong></span> <span class='ocrx_word' id='word_1_278' title='bbox 1116 2048 1222 2096; x_wconf 80' lang='lat' dir='ltr'><strong>igitur</strong></span> <span class='ocrx_word' id='word_1_279' title='bbox 1246 2048 1375 2084; x_wconf 87' lang='lat' dir='ltr'><strong>iunctis</strong></span> <span class='ocrx_word' id='word_1_280' title='bbox 1400 2048 1515 2084; x_wconf 85' lang='lat' dir='ltr'><strong>taedis</strong></span> <span class='ocrx_word' id='word_1_281' title='bbox 1542 2059 1602 2085; x_wconf 87' lang='lat' dir='ltr'><strong>ar-</strong></span> 
     </span>
     <span class='ocr_line' id='line_1_31' title="bbox 162 2095 1599 2145; baseline 0.001 -11"><span class='ocrx_word' id='word_1_282' title='bbox 162 2097 286 2134; x_wconf 88' lang='lat' dir='ltr'><strong>dentia</strong></span> <span class='ocrx_word' id='word_1_283' title='bbox 315 2097 443 2132; x_wconf 83' lang='lat' dir='ltr'><strong>missae</strong></span> <span class='ocrx_word' id='word_1_284' title='bbox 468 2109 499 2133; x_wconf 86' lang='lat' dir='ltr'><strong>s.</strong></span> <span class='ocrx_word' id='word_1_285' title='bbox 536 2099 620 2144; x_wconf 77' lang='lat' dir='ltr'><strong>Ita,</strong></span> <span class='ocrx_word' id='word_1_286' title='bbox 648 2097 795 2145; x_wconf 82' lang='lat' dir='ltr'><strong>uinctis,</strong></span> <span class='ocrx_word' id='word_1_287' title='bbox 822 2097 888 2144; x_wconf 81' lang='lat' dir='ltr'><strong>llf.</strong></span> <span class='ocrx_word' id='word_1_288' title='bbox 913 2099 969 2143; x_wconf 80' lang='lat' dir='ltr'><strong>(si</strong></span> <span class='ocrx_word' id='word_1_289' title='bbox 992 2097 1133 2145; x_wconf 82' lang='lat' dir='ltr'><strong>modo,)</strong></span> <span class='ocrx_word' id='word_1_290' title='bbox 1157 2095 1314 2134; x_wconf 73' lang='lat' dir='ltr'><strong>GOE33.</strong></span> <span class='ocrx_word' id='word_1_291' title='bbox 1362 2098 1462 2134; x_wconf 78' lang='lat' dir='ltr'><strong>uictis</strong></span> <span class='ocrx_word' id='word_1_292' title='bbox 1487 2097 1599 2135; x_wconf 79' lang='lat' dir='ltr'><strong>A43.</strong></span> 
     </span>
     <span class='ocr_line' id='line_1_32' title="bbox 162 2147 1598 2197; baseline 0 -13"><span class='ocrx_word' id='word_1_293' title='bbox 162 2148 293 2184; x_wconf 86' lang='lat' dir='ltr'><strong>missae</strong></span> <span class='ocrx_word' id='word_1_294' title='bbox 327 2147 474 2183; x_wconf 86' lang='lat' dir='ltr'><strong>inuectis</strong></span> <span class='ocrx_word' id='word_1_295' title='bbox 507 2158 612 2184; x_wconf 74' lang='lat' dir='ltr'><strong>tanus.</strong></span> <span class='ocrx_word' id='word_1_296' title='bbox 665 2148 793 2185; x_wconf 79' lang='lat' dir='ltr'><strong>iunctis</strong></span> <span class='ocrx_word' id='word_1_297' title='bbox 824 2148 963 2197; x_wconf 74' lang='lat' dir='ltr'><strong>reliqui.</strong></span> <span class='ocrx_word' id='word_1_298' title='bbox 1011 2148 1087 2185; x_wconf 85' lang='lat' dir='ltr'><strong>ard.</strong></span> <span class='ocrx_word' id='word_1_299' title='bbox 1114 2148 1192 2184; x_wconf 90' lang='lat' dir='ltr'><strong>telis</strong></span> <span class='ocrx_word' id='word_1_300' title='bbox 1217 2150 1270 2185; x_wconf 86' lang='lat' dir='ltr'><strong>N.</strong></span> <span class='ocrx_word' id='word_1_301' title='bbox 1319 2148 1398 2185; x_wconf 84' lang='lat' dir='ltr'><strong>ard.</strong></span> <span class='ocrx_word' id='word_1_302' title='bbox 1426 2149 1538 2194; x_wconf 72' lang='lat' dir='ltr'><strong>glebis</strong></span> <span class='ocrx_word' id='word_1_303' title='bbox 1565 2148 1598 2184; x_wconf 84' lang='grc'><strong>0</strong></span> 
     </span>
     <span class='ocr_line' id='line_1_33' title="bbox 160 2196 1598 2247; baseline -0.001 -13"><span class='ocrx_word' id='word_1_304' title='bbox 160 2209 299 2247; x_wconf 64' lang='grc' dir='ltr'><strong>ηιαφν.</strong></span> <span class='ocrx_word' id='word_1_305' title='bbox 339 2197 416 2233; x_wconf 87' lang='lat' dir='ltr'><strong>ard.</strong></span> <span class='ocrx_word' id='word_1_306' title='bbox 445 2199 546 2234; x_wconf 86' lang='lat' dir='ltr'><strong>tectis</strong></span> <span class='ocrx_word' id='word_1_307' title='bbox 572 2197 679 2234; x_wconf 83' lang='lat' dir='ltr'><strong>bma.</strong></span> <span class='ocrx_word' id='word_1_308' title='bbox 695 2211 750 2247; x_wconf 81' lang='lat' dir='ltr'><strong>pr.</strong></span> <span class='ocrx_word' id='word_1_309' title='bbox 797 2198 911 2235; x_wconf 81' lang='lat' dir='ltr'><strong>thedis</strong></span> <span class='ocrx_word' id='word_1_310' title='bbox 938 2196 986 2236; x_wconf 92' lang='grc' dir='ltr'><strong>Γ.</strong></span> <span class='ocrx_word' id='word_1_311' title='bbox 1096 2200 1182 2237; x_wconf 89' lang='grc'><strong>682.</strong></span> <span class='ocrx_word' id='word_1_312' title='bbox 1218 2200 1338 2235; x_wconf 82' lang='lat' dir='ltr'><strong>serunt</strong></span> <span class='ocrx_word' id='word_1_313' title='bbox 1363 2196 1410 2235; x_wconf 94' lang='lat' dir='ltr'><em>N</em></span> <span class='ocrx_word' id='word_1_314' title='bbox 1416 2197 1463 2235; x_wconf 77' lang='grc' dir='ltr'><strong>Σ.</strong></span> <span class='ocrx_word' id='word_1_315' title='bbox 1504 2197 1598 2234; x_wconf 79' lang='lat' dir='ltr'><strong>seret</strong></span> 
     </span>
    </p>
   </div>
   <div class='ocr_carea' id='block_1_8' title="bbox 77 2246 1597 2297">
    <p class='ocr_par' dir='ltr' id='par_1_9' title="bbox 77 2246 1597 2297">
     <span class='ocr_line' id='line_1_34' title="bbox 77 2246 1597 2297; baseline -0.001 -13"><span class='ocrx_word' id='word_1_316' title='bbox 77 2247 88 2262; x_wconf 84' lang='grc'>”</span> <span class='ocrx_word' id='word_1_317' title='bbox 161 2251 223 2284; x_wconf 90' lang='grc'><strong>14.</strong></span> <span class='ocrx_word' id='word_1_318' title='bbox 267 2248 367 2297; x_wconf 89' lang='lat' dir='ltr'><strong>uulp.</strong></span> <span class='ocrx_word' id='word_1_319' title='bbox 394 2247 490 2284; x_wconf 69' lang='lat' dir='ltr'><strong>libri.</strong></span> <span class='ocrx_word' id='word_1_320' title='bbox 536 2260 644 2284; x_wconf 81' lang='lat' dir='ltr'><strong>causa</strong></span> <span class='ocrx_word' id='word_1_321' title='bbox 669 2249 828 2286; x_wconf 84' lang='lat' dir='ltr'><strong>notanda</strong></span> <span class='ocrx_word' id='word_1_322' title='bbox 853 2261 960 2286; x_wconf 70' lang='lat' dir='ltr'><strong>wius.</strong></span> <span class='ocrx_word' id='word_1_323' title='bbox 998 2249 1103 2292; x_wconf 81' lang='lat' dir='ltr'><strong>michi</strong></span> <span class='ocrx_word' id='word_1_324' title='bbox 1128 2252 1174 2286; x_wconf 87' lang='grc' dir='ltr'><strong>Ε.</strong></span> <span class='ocrx_word' id='word_1_325' title='bbox 1223 2256 1277 2286; x_wconf 91' lang='lat' dir='ltr'><strong>est</strong></span> <span class='ocrx_word' id='word_1_326' title='bbox 1301 2252 1337 2286; x_wconf 78' lang='lat' dir='ltr'><strong>in</strong></span> <span class='ocrx_word' id='word_1_327' title='bbox 1363 2247 1434 2295; x_wconf 76' lang='lat' dir='ltr'><strong>fine</strong></span> <span class='ocrx_word' id='word_1_328' title='bbox 1459 2246 1597 2285; x_wconf 72' lang='lat' dir='ltr'><strong>addunt</strong></span> 
     </span>
    </p>
   </div>
   <div class='ocr_carea' id='block_1_9' title="bbox 154 2291 1595 2699">
    <p class='ocr_par' dir='ltr' id='par_1_10' title="bbox 154 2291 1595 2699">
     <span class='ocr_line' id='line_1_35' title="bbox 158 2291 1594 2349; baseline 0 -16"><span class='ocrx_word' id='word_1_329' title='bbox 158 2298 241 2335; x_wconf 66' lang='lat' dir='ltr'><strong>libri</strong></span> <span class='ocrx_word' id='word_1_330' title='bbox 266 2303 408 2347; x_wconf 78' lang='lat' dir='ltr'><strong>praeter</strong></span> <span class='ocrx_word' id='word_1_331' title='bbox 432 2297 542 2348; x_wconf 79' lang='lat' dir='ltr'><strong>Ilf.G</strong></span> <span class='ocrx_word' id='word_1_332' title='bbox 551 2301 585 2335; x_wconf 83' lang='lat' dir='ltr'><em>T</em></span> <span class='ocrx_word' id='word_1_333' title='bbox 593 2297 656 2334; x_wconf 81' lang='lat' dir='ltr'><strong>bm</strong></span> <span class='ocrx_word' id='word_1_334' title='bbox 666 2311 806 2347; x_wconf 51' lang='lat' dir='ltr'><strong>incopr.</strong></span> <span class='ocrx_word' id='word_1_335' title='bbox 834 2303 985 2349; x_wconf 67' lang='lat' dir='ltr'><strong>(mirique</strong></span> <span class='ocrx_word' id='word_1_336' title='bbox 1004 2291 1108 2337; x_wconf 67' lang='grc' dir='ltr'><strong>ὶιῖὶοε.</strong></span> <span class='ocrx_word' id='word_1_337' title='bbox 1213 2301 1299 2336; x_wconf 84' lang='grc'><strong>683.</strong></span> <span class='ocrx_word' id='word_1_338' title='bbox 1328 2300 1476 2347; x_wconf 78' lang='lat' dir='ltr'><strong>Frigora</strong></span> <span class='ocrx_word' id='word_1_339' title='bbox 1502 2308 1594 2333; x_wconf 86' lang='lat' dir='ltr'><strong>cars.</strong></span> 
     </span>
     <span class='ocr_line' id='line_1_36' title="bbox 159 2347 1595 2399; baseline -0.001 -15"><span class='ocrx_word' id='word_1_340' title='bbox 159 2347 334 2397; x_wconf 56' lang='lat' dir='ltr'><strong>bmaqtr.</strong></span> <span class='ocrx_word' id='word_1_341' title='bbox 373 2360 451 2385; x_wconf 82' lang='lat' dir='ltr'><strong>cars</strong></span> <span class='ocrx_word' id='word_1_342' title='bbox 478 2349 548 2385; x_wconf 87' lang='lat' dir='ltr'><strong>eoli</strong></span> <span class='ocrx_word' id='word_1_343' title='bbox 564 2348 783 2398; x_wconf 77' lang='lat' dir='ltr'><strong>11f.ma.pr.</strong></span> <span class='ocrx_word' id='word_1_344' title='bbox 824 2362 907 2399; x_wconf 86' lang='lat' dir='ltr'><strong>pars</strong></span> <span class='ocrx_word' id='word_1_345' title='bbox 934 2350 1003 2386; x_wconf 87' lang='lat' dir='ltr'><strong>eoli</strong></span> <span class='ocrx_word' id='word_1_346' title='bbox 1022 2353 1068 2387; x_wconf 87' lang='lat' dir='ltr'><strong>Z.</strong></span> <span class='ocrx_word' id='word_1_347' title='bbox 1108 2350 1278 2386; x_wconf 85' lang='lat' dir='ltr'><strong>carceolis</strong></span> <span class='ocrx_word' id='word_1_348' title='bbox 1301 2352 1476 2396; x_wconf 68' lang='lat' dir='ltr'><strong>Emmpr.</strong></span> <span class='ocrx_word' id='word_1_349' title='bbox 1516 2359 1595 2383; x_wconf 88' lang='lat' dir='ltr'><strong>car-</strong></span> 
     </span>
     <span class='ocr_line' id='line_1_37' title="bbox 157 2398 1595 2450; baseline -0.001 -15"><span class='ocrx_word' id='word_1_350' title='bbox 157 2399 254 2435; x_wconf 82' lang='lat' dir='ltr'><strong>siolis</strong></span> <span class='ocrx_word' id='word_1_351' title='bbox 280 2404 307 2435; x_wconf 86' lang='lat' dir='ltr'><strong>t.</strong></span> <span class='ocrx_word' id='word_1_352' title='bbox 359 2399 526 2435; x_wconf 86' lang='lat' dir='ltr'><strong>carseolis</strong></span> <span class='ocrx_word' id='word_1_353' title='bbox 553 2399 690 2448; x_wconf 75' lang='lat' dir='ltr'><strong>reliqui,</strong></span> <span class='ocrx_word' id='word_1_354' title='bbox 717 2399 779 2436; x_wconf 73' lang='lat' dir='ltr'><strong>sed</strong></span> <span class='ocrx_word' id='word_1_355' title='bbox 804 2413 840 2437; x_wconf 85' lang='lat' dir='ltr'><em>m</em></span> <span class='ocrx_word' id='word_1_356' title='bbox 865 2405 1046 2450; x_wconf 77' lang='lat' dir='ltr'><strong>postrema</strong></span> <span class='ocrx_word' id='word_1_357' title='bbox 1070 2400 1152 2445; x_wconf 70' lang='lat' dir='ltr'><strong>syn.</strong></span> <span class='ocrx_word' id='word_1_358' title='bbox 1179 2403 1216 2437; x_wconf 79' lang='lat' dir='ltr'><strong>in</strong></span> <span class='ocrx_word' id='word_1_359' title='bbox 1241 2411 1320 2437; x_wconf 80' lang='lat' dir='ltr'><strong>ras.</strong></span> <span class='ocrx_word' id='word_1_360' title='bbox 1370 2398 1471 2434; x_wconf 85' lang='lat' dir='ltr'><strong>oliuis</strong></span> <span class='ocrx_word' id='word_1_361' title='bbox 1499 2405 1595 2434; x_wconf 73' lang='lat' dir='ltr'><strong>terra</strong></span> 
     </span>
     <span class='ocr_line' id='line_1_38' title="bbox 156 2447 1595 2500; baseline -0.001 -15"><span class='ocrx_word' id='word_1_362' title='bbox 156 2449 224 2485; x_wconf 81' lang='lat' dir='ltr'><strong>fer.</strong></span> <span class='ocrx_word' id='word_1_363' title='bbox 242 2447 303 2484; x_wconf 89' lang='lat' dir='ltr'><strong>A.</strong></span> <span class='ocrx_word' id='word_1_364' title='bbox 407 2451 493 2488; x_wconf 85' lang='lat'><strong>684.</strong></span> <span class='ocrx_word' id='word_1_365' title='bbox 520 2451 614 2498; x_wconf 82' lang='lat' dir='ltr'><strong>Apta</strong></span> <span class='ocrx_word' id='word_1_366' title='bbox 632 2450 694 2486; x_wconf 87' lang='lat' dir='ltr'><strong>sed</strong></span> <span class='ocrx_word' id='word_1_367' title='bbox 708 2449 780 2486; x_wconf 79' lang='lat' dir='ltr'><strong>A.²</strong></span> <span class='ocrx_word' id='word_1_368' title='bbox 806 2452 1023 2500; x_wconf 83' lang='lat' dir='ltr'><strong>ingenuosus</strong></span> <span class='ocrx_word' id='word_1_369' title='bbox 1041 2453 1276 2488; x_wconf 79' lang='lat' dir='ltr'><strong>ENma.seo.</strong></span> <span class='ocrx_word' id='word_1_370' title='bbox 1378 2449 1465 2485; x_wconf 83' lang='lat'><strong>685.</strong></span> <span class='ocrx_word' id='word_1_371' title='bbox 1494 2448 1595 2484; x_wconf 83' lang='lat' dir='ltr'><strong>Haec</strong></span> 
     </span>
     <span class='ocr_line' id='line_1_39' title="bbox 156 2498 1594 2549; baseline -0.002 -13"><span class='ocrx_word' id='word_1_372' title='bbox 156 2498 223 2545; x_wconf 75' lang='lat' dir='ltr'><strong>Ilf.</strong></span> <span class='ocrx_word' id='word_1_373' title='bbox 265 2499 342 2534; x_wconf 88' lang='lat' dir='ltr'><strong>Hac</strong></span> <span class='ocrx_word' id='word_1_374' title='bbox 366 2501 405 2535; x_wconf 76' lang='lat' dir='ltr'><strong>in</strong></span> <span class='ocrx_word' id='word_1_375' title='bbox 428 2511 504 2536; x_wconf 82' lang='lat' dir='ltr'><strong>ras.</strong></span> <span class='ocrx_word' id='word_1_376' title='bbox 524 2512 572 2536; x_wconf 84' lang='lat' dir='ltr'><strong>m.</strong></span> <span class='ocrx_word' id='word_1_377' title='bbox 622 2500 786 2549; x_wconf 77' lang='lat' dir='ltr'><strong>pelignos</strong></span> <span class='ocrx_word' id='word_1_378' title='bbox 812 2502 849 2537; x_wconf 80' lang='lat'><strong>5.</strong></span> <span class='ocrx_word' id='word_1_379' title='bbox 950 2503 1034 2537; x_wconf 90' lang='grc'><strong>686.</strong></span> <span class='ocrx_word' id='word_1_380' title='bbox 1061 2500 1123 2537; x_wconf 84' lang='lat' dir='ltr'><strong>sed</strong></span> <span class='ocrx_word' id='word_1_381' title='bbox 1151 2501 1282 2536; x_wconf 85' lang='lat' dir='ltr'><strong>exiouis</strong></span> <span class='ocrx_word' id='word_1_382' title='bbox 1307 2510 1412 2534; x_wconf 63' lang='lat' dir='ltr'><strong>vetites.</strong></span> <span class='ocrx_word' id='word_1_383' title='bbox 1462 2498 1594 2534; x_wconf 87' lang='lat' dir='ltr'><strong>asiduis</strong></span> 
     </span>
     <span class='ocr_line' id='line_1_40' title="bbox 155 2530 1593 2596; baseline -0.002 -9"><span class='ocrx_word' id='word_1_384' title='bbox 155 2561 189 2587; x_wconf 83' lang='lat' dir='ltr'><strong>r.</strong></span> <span class='ocrx_word' id='word_1_385' title='bbox 229 2551 306 2596; x_wconf 75' lang='lat' dir='ltr'><strong>Ita,</strong></span> <span class='ocrx_word' id='word_1_386' title='bbox 334 2550 456 2595; x_wconf 82' lang='lat' dir='ltr'><strong>uuida,</strong></span> <span class='ocrx_word' id='word_1_387' title='bbox 486 2553 609 2586; x_wconf 82' lang='lat' dir='ltr'><strong>Fuar.</strong></span> <span class='ocrx_word' id='word_1_388' title='bbox 628 2562 697 2587; x_wconf 84' lang='lat' dir='ltr'><strong>scr.</strong></span> <span class='ocrx_word' id='word_1_389' title='bbox 737 2552 845 2587; x_wconf 87' lang='lat' dir='ltr'><strong>obuia</strong></span> <span class='ocrx_word' id='word_1_390' title='bbox 870 2530 1593 2588; x_wconf 55' lang='lat' dir='ltr'><strong>ADFQAMOPIIWAETbma.</strong></span> 
     </span>
     <span class='ocr_line' id='line_1_41' title="bbox 154 2598 1594 2650; baseline -0.001 -14"><span class='ocrx_word' id='word_1_391' title='bbox 154 2599 419 2649; x_wconf 58' lang='lat' dir='ltr'><strong>pinsiti-3610</strong></span> <span class='ocrx_word' id='word_1_392' title='bbox 429 2600 477 2635; x_wconf 82' lang='lat'><strong>34</strong></span> <span class='ocrx_word' id='word_1_393' title='bbox 488 2601 534 2635; x_wconf 80' lang='lat'><strong>35</strong></span> <span class='ocrx_word' id='word_1_394' title='bbox 548 2603 651 2637; x_wconf 83' lang='lat'>3641</span> <span class='ocrx_word' id='word_1_395' title='bbox 666 2601 713 2636; x_wconf 81' lang='lat'><strong>43</strong></span> <span class='ocrx_word' id='word_1_396' title='bbox 725 2602 774 2637; x_wconf 78' lang='lat'><strong>44</strong></span> <span class='ocrx_word' id='word_1_397' title='bbox 799 2602 1011 2650; x_wconf 78' lang='lat' dir='ltr'><strong>quindecim3</strong></span> <span class='ocrx_word' id='word_1_398' title='bbox 1042 2603 1112 2639; x_wconf 84' lang='lat' dir='ltr'><strong>Gm</strong></span> <span class='ocrx_word' id='word_1_399' title='bbox 1127 2612 1208 2637; x_wconf 71' lang='lat' dir='ltr'><strong>aar.</strong></span> <span class='ocrx_word' id='word_1_400' title='bbox 1225 2610 1295 2636; x_wconf 79' lang='lat' dir='ltr'><strong>scr.</strong></span> <span class='ocrx_word' id='word_1_401' title='bbox 1336 2598 1481 2636; x_wconf 81' lang='lat' dir='ltr'><strong>humida</strong></span> <span class='ocrx_word' id='word_1_402' title='bbox 1505 2598 1594 2637; x_wconf 73' lang='lat' dir='ltr'><strong>reli-</strong></span> 
     </span>
     <span class='ocr_line' id='line_1_42' title="bbox 154 2648 841 2699; baseline 0.001 -13"><span class='ocrx_word' id='word_1_403' title='bbox 154 2652 227 2699; x_wconf 80' lang='lat' dir='ltr'><strong>qui,</strong></span> <span class='ocrx_word' id='word_1_404' title='bbox 253 2648 273 2685; x_wconf 87' lang='lat' dir='ltr'><strong><em>b</em></strong></span> <span class='ocrx_word' id='word_1_405' title='bbox 286 2661 360 2687; x_wconf 85' lang='lat' dir='ltr'><strong>ma.</strong></span> <span class='ocrx_word' id='word_1_406' title='bbox 377 2661 445 2686; x_wconf 84' lang='lat' dir='ltr'><strong>sec.</strong></span> <span class='ocrx_word' id='word_1_407' title='bbox 466 2654 499 2685; x_wconf 83' lang='lat' dir='ltr'><strong>et</strong></span> <span class='ocrx_word' id='word_1_408' title='bbox 518 2652 552 2685; x_wconf 79' lang='grc' dir='ltr'><strong>Ι)</strong></span> <span class='ocrx_word' id='word_1_409' title='bbox 565 2653 612 2687; x_wconf 86' lang='lat' dir='ltr'><strong><em>M</em></strong></span> <span class='ocrx_word' id='word_1_410' title='bbox 619 2650 659 2687; x_wconf 83' lang='lat' dir='ltr'><em>A</em></span> <span class='ocrx_word' id='word_1_411' title='bbox 673 2663 755 2688; x_wconf 69' lang='lat' dir='ltr'><strong>aar.</strong></span> <span class='ocrx_word' id='word_1_412' title='bbox 770 2663 841 2690; x_wconf 75' lang='lat' dir='ltr'><strong>scr.</strong></span> 
     </span>
    </p>
   </div>
  </div>
 </body>
</html>
