1685 2954
633 71 743 103 cvRA
772 71 906 103 anA
1367 73 1496 106 ceux

205 177 282 217 Illa
305 175 443 227 (signa)
468 171 610 224 quidem
633 173 756 221 faeni:
782 170 845 210 sed
869 175 948 209 erat
971 172 1171 211 reuerentia
1193 171 1320 225 faeno,

261 241 445 287 Quantam
468 248 564 274 nunc
590 235 738 285 aquilas
761 235 877 271 cernis
901 233 1031 272 babere
1054 239 1178 273 tuas.

89 315 194 341 omen
220 302 357 340 nullum
382 300 593 346 inuocatur,
628 295 884 346 intelligendus
910 296 1022 346 igitur
1048 303 1112 334 aut
1138 297 1399 343 Germanicus,
1431 302 1498 336 aut

83 372 233 415 ugustus
267 361 432 401 carminis
466 365 656 411 patronus.
706 357 865 407 Aquilas
889 358 1040 407 Augusti
1073 360 1181 406 signa
1215 359 1305 396 dixit
1330 358 1497 397 Manilius

77 454 91 476 ,
116 428 212 465 798:
736 438 786 448 —
812 419 1017 469 caelumque
1042 420 1206 470 repleuit,

275 483 381 532 Quod
405 484 497 532 regit
521 482 712 532 Augustus
738 483 835 519 socio
861 493 925 533 per
950 482 1059 530 signa
1089 484 1263 520 Tonante.

86 557 101 587 t
125 547 248 600 quidni
273 547 377 596 signa
405 546 482 582 eius
507 544 655 592 suerint,
684 544 784 581 cuius
811 543 972 594 legiones
997 550 1036 581 et
1061 556 1192 581 nomen
1218 548 1406 594 gesserunt
1430 544 1498 581 ali-

76 617 140 648 uot
167 616 205 648 et
230 619 354 646 curam
380 612 555 656 expertae
579 612 664 642 sunt
689 618 814 643 omnes
840 612 933 643 teste
957 605 1078 644 Dione
1095 606 1221 643 Cassio
1240 605 1305 653 55,
1324 607 1373 640 23
1401 616 1500 642 anno

84 699 95 710 .
111 672 157 710 C.
179 672 267 709 759.
311 669 457 706 Bellum
481 668 731 705 Pannonicum
757 680 831 705 non
858 668 924 705 nisi
949 667 1087 706 eminus
1112 667 1319 719 speculatus
1344 671 1401 704 est
1425 666 1501 703 Au-

19 746 21 748 ·
75 740 193 772 ustus:
220 739 341 770 tamen
368 730 415 767 de
440 742 485 767 eo
513 729 588 767 Ou.
616 729 708 766 trist.
738 733 777 777 2,
799 731 893 767 169:

271 795 334 831 Sic
360 796 508 829 assueta
533 793 608 828 tuis
631 803 771 841 semper
800 792 964 829 Victoria
990 791 1125 829 castris

330 856 440 891 Nunc
466 865 602 903 quoque
626 864 664 889 se
688 856 846 902 praestet
870 856 1026 900 notaque
1049 854 1159 901 signa
1183 854 1298 903 petat.

48 916 166 955 Paulo
192 915 387 964 difficilior,
413 915 548 960 fateor,
574 914 674 951 locus
701 919 756 950 est
781 913 864 949 fast.
891 916 929 960 6,
946 913 1041 950 7572

271 979 363 1014 Non
388 989 450 1025 ego
475 981 533 1023 te,
561 976 728 1024 quamuis
751 973 964 1024 properabis
989 976 1140 1019 uincere,
1172 975 1319 1020 Caesar,

339 1041 383 1076 Si
407 1042 501 1074 vetet
525 1039 738 1086 auspicium,
766 1038 872 1084 siyna
898 1048 1040 1073 mouere
1064 1036 1185 1074 uelim.

31 1101 202 1150 ,Pugnae
227 1099 479 1136 Trasimeniae
505 1098 711 1148 exemplum
747 1098 892 1134 uidetur
925 1098 1112 1148 proprium
1141 1100 1327 1147 signorum
1353 1110 1504 1137 mouen-

49 1163 177 1201 donam
201 1161 440 1210 significatum
461 1161 626 1197 innuere.
667 1160 776 1197 Ratio
804 1171 875 1196 non
902 1160 1039 1209 patitur
1059 1171 1253 1210 properare
1278 1160 1375 1197 aliud
1401 1160 1503 1211 quid,

49 1236 157 1275 quam
183 1222 444 1272 impatientiam
470 1221 686 1271 significare.
733 1221 842 1270 Atqui
869 1233 942 1257 non
968 1221 1000 1258 is
1025 1222 1094 1258 fuit
1109 1223 1306 1271 Augustus,
1334 1222 1396 1271 qui
1419 1221 1506 1259 belli

28 1284 310 1326 ,discriminibus
329 1295 489 1333 unquam
514 1284 667 1320 laetatus
692 1283 756 1319 sit:
782 1282 875 1319 nihil
893 1284 1014 1320 atinus
1038 1285 1075 1320 in
1100 1283 1259 1333 perfecto
1288 1282 1374 1320 duce
1394 1295 1506 1332 quam

48 1347 316 1395 festinationem
336 1347 639 1393 temeritatemque
664 1346 854 1382 conuenire
869 1345 1078 1394 arbitratus,
1106 1346 1212 1383 Suet.
1232 1344 1317 1382 Oct.
1340 1345 1408 1381 25:
1436 1357 1506 1382 nec

50 1409 246 1447 exercitum
279 1407 359 1457 ipse
393 1406 537 1443 duxisse
575 1406 718 1443 uidetur
753 1412 838 1455 post
874 1419 1007 1444 annum
1036 1408 1133 1444 uitae
1165 1407 1505 1457 quinquagesimum

50 1476 234 1520 quartum,
261 1469 332 1506 Dio
352 1468 455 1506 Cass.
475 1468 538 1513 55,
554 1470 591 1505 6.
644 1468 783 1504 verum
811 1467 1026 1506 adulationis
1053 1470 1205 1518 uulgare
1233 1475 1287 1505 est
1313 1468 1507 1505 artificium

51 1530 205 1569 suadere
230 1544 287 1568 res
314 1543 386 1568 non
422 1531 526 1567 nimis
561 1529 752 1578 difficiles,
786 1529 997 1568 dissuadere
1031 1531 1278 1570 inconsuetas.
1330 1530 1505 1580 Vigorem

52 1592 234 1643 quendam
260 1593 355 1629 circa
391 1604 468 1629 rem
501 1591 667 1628 bellicam
695 1592 802 1629 etiam
838 1598 922 1641 post
954 1604 1088 1629 annum
1114 1593 1162 1630 V.
1190 1593 1236 1629 (J.
1263 1591 1340 1630 759
1364 1592 1399 1629 in
1429 1593 1510 1629 Au-

53 1660 160 1704 gusto
187 1654 461 1690 commemorari
487 1654 601 1703 legas,
629 1665 674 1690 ex
700 1654 905 1702 suspicione
931 1660 969 1691 et
989 1660 1089 1691 metu
1114 1654 1344 1704 potissimum
1370 1659 1508 1699 natum,

23 1740 28 1762 3.
55 1715 129 1752 uid.
157 1715 263 1752 Dion.
292 1715 396 1751 Cass.
417 1714 482 1762 55,
502 1716 569 1750 34:
605 1709 706 1762 πρὸς
730 1710 869 1762 μέντοι
896 1711 970 1759 τὰς
996 1716 1075 1751 τῶν
1102 1710 1289 1763 πολέμων
1317 1712 1512 1764 διαχειρίε

54 1787 138 1820 σεις
163 1772 270 1812 οὕτω
296 1769 446 1826 ἴῤῥωτο
474 1796 543 1823 —-,
571 1774 636 1822 56,
657 1779 720 1812 23.
772 1775 897 1813 Potuit
930 1777 964 1812 in
997 1776 1059 1812 illa
1086 1776 1262 1813 bellorum
1289 1776 1511 1827 frequentia,

54 1837 123 1876 Dio
150 1838 214 1885 55,
235 1839 300 1884 28,
334 1836 381 1873 de
413 1836 524 1886 ipsius
550 1836 699 1885 Augusti
731 1837 965 1885 expeditione
992 1836 1147 1874 Ouidius
1174 1838 1338 1875 ominari.
1391 1838 1511 1876 Ardor

54 1899 137 1947 ille,
173 1900 202 1935 si
227 1898 398 1936 credibile
424 1904 502 1944 est,
536 1898 669 1947 pietat:
699 1904 923 1948 temperatus
951 1896 1104 1934 effertur
1129 1899 1238 1935 etiam
1266 1899 1303 1944 5,
1324 1901 1399 1938 570
1413 1912 1508 1951 sqq.,

54 1961 115 1998 ubi
143 1960 364 2010 princeps
391 1960 594 2006 inuocatur,
622 1965 660 1995 et
686 1962 725 2007 3,
744 1962 833 2006 710,
862 1960 921 1996 ubi
947 1959 1090 2008 eadem,
1119 1972 1192 2010 qua
1218 1973 1344 2010 supra,
1371 1961 1511 2011 simpli-

54 2022 162 2059 citate
185 2022 323 2058 Caesar
345 2021 563 2071 appellatur.
604 2020 710 2058 Solet
732 2020 823 2057 liaec
844 2021 1042 2070 appellatio
1069 2022 1164 2058 omni
1191 2029 1373 2072 tempore,
1400 2023 1509 2060 etiam

53 2083 101 2120 de
135 2090 278 2119 mortuo
306 2084 468 2132 Augusto
507 2083 696 2132 usurpari,
731 2082 792 2118 ubi
830 2083 1043 2132 ambiguitas
1078 2083 1177 2120 nulla
1204 2091 1280 2121 est:
1321 2078 1383 2122 ὅτι
1410 2083 1511 2121 πᾶσι

53 2145 141 2189 τοῖς
167 2139 212 2182 τὸ
240 2143 319 2181 τῶν
342 2137 550 2191 Ῥωμαίων
584 2138 733 2192 κράτος
766 2137 1048 2191 λαμβάνουσιν
1075 2138 1101 2194 ἢ
1129 2144 1381 2196 προσηγορία
1409 2140 1514 2195 αὕτη

54 2202 316 2255 ἐκνενίκηκεν,
343 2205 414 2242 Dio
442 2205 545 2242 Cass.
574 2206 639 2253 46,
660 2206 724 2241 47.
778 2203 974 2241 Praeterea
1009 2206 1244 2256 adoptionem
1277 2208 1310 2243 in
1338 2206 1513 2245 familiam

53 2269 224 2319 principis
260 2267 463 2304 indicabat:
502 2278 623 2317 neque
659 2267 755 2303 enim
787 2265 976 2303 Tiberium
1014 2274 1169 2317 excepta
1203 2268 1440 2319 inscriptione
1473 2269 1512 2306 in

54 2330 190 2379 templo
218 2329 378 2366 Castoris
405 2334 442 2365 et
465 2328 638 2377 Pollucis,
665 2327 735 2365 Dio
761 2327 826 2374 55,
845 2330 910 2376 27,
936 2339 1057 2379 neque
1079 2329 1342 2366 Germanicum
1367 2329 1513 2366 memini

64 2403 214 2440 usquam
245 2391 313 2428 nisi
349 2389 447 2440 apud
475 2396 604 2440 poetas
636 2396 745 2440 gente
770 2389 862 2427 Iulia
887 2391 1041 2429 censeri.
1094 2391 1190 2427 Hinc
1215 2402 1305 2442 ergo
1332 2397 1388 2430 est
1413 2390 1513 2442 apud

59 2449 232 2489 Ouidium
257 2453 294 2500 4,
312 2453 407 2489 859:
459 2491 461 2493 ,

217 2513 356 2550 cancta
381 2525 490 2562 reyas
515 2519 556 2554 et,
573 2515 627 2551 sis
649 2525 812 2562 mayno
838 2513 923 2551 sub
954 2515 1165 2552 Caesare
1188 2525 1339 2566 semper,

285 2576 400 2625 Saepe
425 2578 537 2613 etiam
561 2575 683 2626 plures
707 2577 868 2613 nonanis
894 2575 1002 2613 huius
1028 2575 1134 2614 habe.
1495 2609 1499 2612 Δ

57 2633 178 2674 Valde
203 2633 326 2687 dispar
353 2637 451 2676 foret
476 2637 681 2676 coniunctio
701 2637 853 2688 Augusti
879 2642 917 2676 et
941 2637 1150 2689 principum
1177 2637 1397 2677 iuuentutis:
1424 2649 1516 2688 pro-

22 2672 41 2813 ἶ
1102 2699 1190 2738 R2
