1685 2954
673 131 871 159 vEs‘rJGIA
1329 132 1497 164 LXXXIII

51 233 207 278 iuriam,
233 237 267 270 et
294 244 334 270 eo
358 229 462 268 modo
488 228 539 267 ad
562 228 742 277 feminas,
772 240 867 277 quas
891 229 1069 279 uoluerat,
1094 231 1303 281 perueniret.
1355 231 1413 270 De
1438 233 1498 274 die

52 295 122 332 isto
150 294 405 340 Consualium,
441 304 478 328 u.
498 293 594 336 200,
627 290 874 341 perincertum
899 296 978 339 est,
1012 299 1132 330 utrum
1157 292 1270 330 fastos
1294 293 1498 334 Maffeanos

50 364 226 407 sequatur
249 355 415 399 Ouidius,
449 365 495 390 an
524 353 680 390 Fabium
700 350 893 389 Pictorem.
947 353 981 389 Is
1009 354 1101 390 enim
1127 355 1324 392 secundum
1350 355 1497 394 Plutar-

52 418 158 455 chum
184 419 289 455 Rom.
317 417 365 452 14
390 411 440 451 in.
477 408 658 463 τετάρτῳ
683 411 778 462 μηνὶ
805 409 910 462 μετὰ
936 409 1008 462 τὴν
1034 411 1162 452 κτίσιν
1196 417 1348 454 Sabinas
1374 425 1497 469 raptas

51 480 213 525 tradidit,
239 490 281 515 ac
306 477 422 512 Nonis
449 476 544 513 Iuliis
571 478 606 512 T
610 477 730 513 ertull.
758 475 804 512 de
829 482 944 526 spect.
974 488 1004 512 c.
1023 475 1046 512 5
1074 477 1270 514 Consualia
1294 479 1405 518 fuisse
1430 480 1497 518 do·

51 547 121 577 cet.
183 539 299 575 Versu
336 538 512 587 superiori
549 541 622 575 199
668 537 836 587 displicet
871 538 959 574 mihi
994 536 1100 574 codd.
1136 540 1337 589 scriptura:
1378 554 1497 590 para;

49 608 148 638 recte
172 600 266 637 enim
295 599 448 637 Seruius
474 599 522 636 ad
549 601 640 637 Aen.
669 602 728 645 10,
756 600 829 636 245
865 599 1054 636 annotauit
1079 599 1125 637 de
1153 601 1316 638 molestia
1340 603 1377 638 in
1403 603 1497 642 inse-

48 660 162 700 renda
183 660 353 711 deinceps
375 661 518 698 diuerso
541 662 648 699 modo
668 661 828 702 secunda
848 673 1017 711 persona.
1060 661 1242 698 Coniicio:
1266 668 1388 712 parat,
1415 678 1497 704 cum

47 735 67 760 c
92 730 130 760 et
152 727 169 758 t
193 723 264 759 sint
289 723 501 760 simillimae.
563 724 621 761 De
646 724 747 773 asylo
780 722 963 760 Ouidiana
997 725 1036 770 3,
1063 724 1258 760 430—34
1283 736 1328 761 ex
1355 725 1497 764 Catone

46 783 239 834 desumpta
267 786 430 821 existimo
457 785 529 822 leui
555 785 699 830 indicio,
727 791 880 835 propter
905 784 1015 821 uerba
1042 785 1128 822 inde
1154 786 1299 835 prolata
1327 798 1349 823 a
1375 787 1496 826 Gellio

49 849 112 894 18,
140 850 208 883 12:
248 846 367 884 eodem
394 859 573 886 conuenae
597 848 718 898 plures
743 848 1020 884 accessztauere:
1056 860 1095 884 eo
1129 860 1188 884 res
1218 859 1340 884 eorum
1375 850 1496 888 auxit.

47 911 185 946 Eorum
211 921 284 945 non
311 909 459 945 Romuli
486 915 523 945 et
548 909 655 945 Remi
681 908 864 956 intelligo,
891 907 954 944 sed
981 908 1053 954 ita,
1090 909 1142 944 uti
1167 908 1384 948 Plutarchus
1411 910 1500 949 dixit

46 970 156 1009 Rom.
187 983 216 1007 c.
239 972 282 1006 9:
312 965 417 1019 ἱερόν
444 982 483 1007 τι
509 964 682 1019 φύξιμον
710 963 1083 1013 κατασκευάσαντες
1107 992 1156 998 -
1183 966 1381 1019 ἐδέχοντο.
1422 973 1498 1010 Ali-

46 1039 103 1070 ter
129 1033 216 1069 alios
244 1044 323 1069 eam
350 1044 425 1069 rem
453 1043 642 1068 enarrasse
672 1043 867 1080 cognosces
895 1044 939 1067 ex
965 1032 1116 1080 August.
1143 1044 1176 1071 c.
1204 1032 1241 1070 d.
1271 1037 1306 1078 l,
1326 1035 1387 1079 34,
1415 1035 1497 1073 coll.

46 1094 226 1143 mythogr.
258 1093 346 1132 Vat.
375 1106 412 1142 p.
429 1095 479 1129 24
504 1093 591 1130 Mai.
644 1092 754 1136 Quod
781 1093 974 1141 Dionysius
999 1097 1040 1140 2,
1064 1093 1110 1130 15
1137 1094 1206 1131 ait:
1235 1089 1317 1147 ὅτῳ
1345 1092 1390 1133 δὲ
1416 1091 1499 1146 ἄρα

46 1156 155 1194 θεῶν
181 1150 207 1203 ἢ
234 1149 439 1200 δαιμόνων
459 1161 545 1199 etc„
571 1160 712 1203 spectat
738 1154 783 1190 ad
812 1154 1001 1191 discrimen
1029 1156 1104 1192 eius
1131 1157 1361 1206 narrationis,
1388 1171 1499 1208 quam

44 1216 208 1266 sequitur
233 1215 404 1263 Ouidius,
432 1222 468 1252 et
495 1215 731 1264 Calpurnium
751 1215 919 1252 Pisonem
949 1216 1047 1265 apud
1071 1216 1178 1254 Seru.
1196 1217 1243 1254 ad
1261 1217 1351 1255 Aen.
1370 1222 1409 1267 2,
1422 1221 1498 1256 761

44 1278 93 1316 de
119 1277 188 1315 deo
215 1277 362 1326 Lycori‚
390 1276 488 1327 quod
515 1277 666 1313 innuere
693 1278 800 1313 etiam
831 1277 976 1314 uidetur
1002 1277 1144 1315 Gellius
1171 1277 1211 1326 5,
1240 1282 1300 1314 12.
1354 1279 1501 1317 Certior

45 1354 104 1378 res
139 1347 195 1377 est
229 1344 275 1377 de
312 1340 455 1377 Catone
490 1340 526 1375 in
564 1339 836 1375 narratiuncula
870 1338 917 1376 de
949 1339 1132 1376 Mezentio
1167 1346 1205 1377 et
1239 1341 1427 1378 Vinalibus
1458 1342 1499 1391 4,

45 1403 277 1441 879—898.
329 1402 532 1451 Scripserat
558 1401 618 1438 ille
643 1401 713 1437 tria
739 1400 836 1437 bella
861 1407 1014 1451 propter
1030 1399 1207 1437 Lauiniae
1231 1403 1500 1440 matrimonium

44 1464 156 1502 fuisse
180 1463 320 1501 Latinis
346 1470 383 1500 et
409 1464 571 1510 Rutulis,
598 1463 705 1500 Seru.
733 1461 779 1498 ad
807 1463 898 1499 Aen.
925 1465 963 1511 6,
981 1464 1074 1498 760:
1099 1463 1219 1512 primo
1241 1463 1411 1501 Latinum
1437 1477 1500 1502 oc-

44 1527 156 1564 cisum
183 1537 262 1562 esse
287 1525 325 1562 in
352 1536 437 1562 arce
463 1525 727 1572 Laurolauinii,
755 1523 804 1560 id.
833 1523 879 1560 ad
907 1526 945 1571 9,
972 1525 1069 1560 745:
1107 1524 1276 1562 Turnum
1302 1525 1438 1575 fugisse
1462 1532 1501 1564 et

44 1601 131 1625 mox
155 1587 326 1625 Mezentii
352 1598 464 1636 opera
491 1587 706 1637 implorata,
741 1584 808 1622 cfr.
836 1586 1001 1623 macrob.
1029 1590 1066 1634 3,
1093 1586 1140 1634 5,
1178 1586 1350 1625 cecidisse
1375 1589 1412 1624 in
1438 1600 1501 1626 se-

44 1649 184 1697 cundo,
219 1648 348 1685 eodem
376 1660 464 1685 uero
501 1649 608 1684 etiam
635 1650 794 1685 Aeneam
817 1654 963 1698 raptum
990 1660 1092 1696 esse,
1129 1648 1237 1686 Seru.
1265 1648 1312 1686 ad
1339 1653 1376 1697 1,
1402 1651 1498 1698 2673

45 1712 86 1758 4,
113 1712 205 1746 620:
243 1717 427 1759 postremo
461 1710 496 1746 in
532 1711 724 1746 Ascanium
762 1715 799 1745 et
833 1709 1053 1746 Mezentium
1086 1711 1258 1760 migrasse
1294 1711 1414 1760 bella,
1452 1712 1501 1748 ab

46 1772 200 1809 Ascanio
226 1771 446 1807 Mezentium
483 1774 661 1818 occisum,
696 1770 745 1806 id.
773 1770 860 1808 ibid.
916 1772 1010 1808 Hinc
1044 1783 1164 1821 neque
1201 1784 1310 1809 uersu
1337 1774 1436 1820 879,
1471 1772 1501 1809 si

46 1840 146 1871 recte
178 1845 261 1870 eum
297 1830 527 1882 perpendaS,
563 1832 714 1868 discedit
741 1831 917 1876 Ouidius,
954 1845 1073 1882 neque
1101 1833 1225 1869 u.895
1251 1834 1393 1870 Aeneas
1418 1832 1500 1871 Me-

46 1895 154 1932 zentii
180 1894 392 1931 interfector
418 1899 472 1928 est
498 1891 774 1941 intelligendus,
809 1893 881 1929 duo
909 1894 1003 1930 bella
1031 1893 1159 1930 eodem
1188 1906 1283 1930 anno
1310 1895 1500 1932 commissa

46 1956 218 1993 dicuntur
242 1969 279 1992 u.
295 1956 382 1992 897.
436 1955 493 1990 De
520 1960 606 1990 uoto
631 1954 710 2003 ipso
730 1955 875 1992 Aeneae
895 1955 1189 2006 quandoquidem
1210 1956 1360 1992 Catonis
1385 1957 1501 1994 uerba

45 2018 222 2055 habemus
257 2016 356 2067 apud
381 2016 544 2053 Macrob.
574 2018 612 2062 3,
639 2017 677 2062 5,
706 2028 743 2065 p.
756 2018 853 2065 395,
894 2023 998 2068 patet
1029 2029 1073 2053 ea
1106 2017 1210 2053 aliter
1243 2017 1428 2054 intellecta
1453 2019 1501 2054 ab

46 2079 198 2127 Ouidio,
225 2092 333 2129 quam
361 2091 382 2115 a
411 2078 540 2115 Verrio
566 2078 723 2132 Flacco,
749 2090 857 2127 quem
883 2079 1073 2128 probabile
1099 2084 1153 2115 est
1181 2084 1217 2114 et
1242 2078 1360 2128 ipsum
1387 2079 1500 2116 Cato-

45 2154 129 2179 nem
155 2142 258 2191 sequi
285 2141 321 2177 in
347 2141 473 2176 tabula
498 2139 735 2175 Praenestina
766 2146 802 2175 et
836 2139 934 2190 apud
960 2140 1109 2176 Festum
1136 2152 1174 2189 p.
1188 2141 1277 2185 265,
1298 2140 1499 2187 3o-Muell.

48 2203 128 2240 cfr.
156 2203 202 2240 de
237 2202 428 2240 uindemio
456 2201 563 2238 Seru.
591 2200 637 2236 ad
663 2213 720 2250 ge.
749 2205 786 2249 2,
814 2203 850 2238 6.
904 2202 1107 2251 Vtramque
1134 2208 1254 2238 tamen
1282 2203 1501 2252 interpreta-

46 2265 182 2302 tionem
207 2277 392 2315 peraeque
417 2264 478 2300 illa
510 2263 622 2300 uerba
649 2263 859 2311 admittunt,
890 2270 927 2299 et
953 2269 1144 2312 praeterea
1170 2264 1314 2299 tertiam
1341 2263 1389 2300 de
1415 2264 1501 2300 uin-

47 2326 172 2364 demiis
205 2339 390 2376 nunquam
426 2337 499 2361 non
536 2331 574 2361 et
607 2324 690 2360 olim
718 2325 816 2374 apud
842 2324 994 2360 Latinos
1020 2323 1097 2360 Ioui
1125 2324 1255 2368 sacris,
1292 2324 1365 2362 uid.
1391 2325 1500 2364 Varr.

48 2386 147 2425 del.
175 2387 198 2425 l.
225 2389 262 2432 6,
290 2389 351 2425 16.
403 2387 532 2436 Longe
568 2386 672 2422 aliter
706 2387 805 2423 illam
840 2399 917 2422 rem
953 2386 1041 2422 alios
1076 2386 1160 2422 olim
1194 2391 1361 2423 auctores
1387 2386 1501 2423 tradi-

49 2447 142 2486 disse
169 2461 365 2498 cognosces
391 2461 465 2485 non
493 2447 668 2484 effictitio
698 2447 759 2482 illo
786 2453 935 2482 auctore
969 2446 1015 2483 de
1043 2448 1180 2496 origine
1212 2448 1331 2496 gentis
1356 2447 1501 2484 Roma-

50 2519 136 2557 nae,
160 2510 224 2547 sed
251 2523 296 2547 ex
323 2511 434 2548 Festo
461 2523 498 2561 p.
517 2510 605 2556 194,
630 2508 692 2556 15,
722 2508 895 2556 Dionysio
925 2508 1006 2544 Hal.
1036 2511 1074 2555 l,
1097 2509 1159 2556 64,
1179 2510 1242 2557 65,
1269 2509 1375 2545 Liuio
1405 2513 1442 2557 1,
1463 2512 1499 2546 3.

51 2568 223 2608 Idoneum
246 2573 456 2623 exemplum
481 2579 674 2609 accuratae
701 2570 929 2606 historiarum
955 2570 1119 2607 lectionis
1146 2578 1230 2607 sunt
1257 2583 1384 2607 uersus
1406 2570 1500 2607 Oui-

53 2629 150 2667 diani
174 2634 212 2680 3,
235 2635 477 2680 287—344‚
510 2645 606 2683 quos
634 2629 748 2669 multa
777 2642 858 2666 cum
885 2632 1040 2668 utilitate
1074 2632 1238 2669 conferes
1265 2644 1347 2668 cum
1373 2643 1499 2668 narra-

52 2692 235 2742 tiuncula,
271 2685 380 2745 quam
407 2695 586 2732 Arnobius
614 2697 652 2742 b,
683 2698 701 2729 l
733 2705 777 2730 ex
803 2692 958 2731 secundo
983 2694 1150 2732 Antiatis
1175 2694 1286 2742 libro,
1319 2693 1427 2744 ipsis,
1459 2698 1501 2729 ut

1102 2757 1132 2792 F
1160 2760 1184 2792 2
