1685 2954
564 65 662 94 [ΑΒ.
695 65 942 99 ρνΑκτνε
1402 53 1476 97 161

153 167 280 218 Vidit,
311 173 354 207 et
381 166 456 207 has
482 177 605 206 curae
632 164 753 206 iussit
782 164 932 205 adesse
961 177 1089 206 meae.

99 234 272 274 Pandite
300 232 477 277 mandati
505 244 721 285 memores,
748 230 962 273 Heliconis
991 234 1190 287 alumnae,

107 339 116 344 ,
153 300 346 344 Gaudeat
372 298 537 340 assiduo
567 312 638 341 cur
667 299 745 339 dea
773 300 931 352 Magna
957 311 1069 340 sono.

97 368 170 410 Sic
199 381 289 422 ego.
327 368 390 408 sic
417 368 552 407 Erato.
592 365 747 407 mensis
773 365 1021 419 Cythereius
1048 368 1104 406 illi
1396 369 1474 407 195

152 437 308 486 Cessit,
338 434 445 488 quod
473 434 603 475 teneri
631 447 778 474 nomen
807 434 968 473 Amoris
999 434 1145 474 habet:

94 502 269 544 Reddita
298 502 474 542 Saturno
500 514 590 542 sors
618 502 725 542 haec
754 507 853 542 erat.
896 500 1048 553 optime
1075 513 1231 555 regum,

146 570 185 609 A
213 574 309 609 nato
337 570 514 621 sceptris
543 570 752 610 excutiere
783 569 875 609 tuis.
1214 612 1220 618 ,

89 636 160 676 Ille
187 648 302 676 suam
332 643 535 689 metuens,
564 643 610 676 ut
639 649 825 690 quaeque
854 640 940 675 erat
969 634 1092 687 edita,
1122 636 1277 688 prolem

144 703 337 755 Deuorat,
365 703 590 745 immersam
621 704 928 754 uisceribusque
957 707 1082 743 tenet.
1388 708 1470 743 200

87 771 224 824 Saepe
251 771 370 811 Rhea
400 777 547 824 questa
576 777 655 823 est,
682 771 834 811 totiens
861 768 1038 810 fecunda
1065 781 1145 811 nec
1173 781 1361 823 umquam

142 839 291 891 Mater,
321 844 363 877 et
390 836 559 879 indoluit
586 839 795 879 fertilitate
824 849 917 877 sua.

85 906 264 958 Iuppiter
291 911 404 946 ortus
434 911 532 945 erat.
573 918 644 957 pro
674 916 823 958 magno
852 909 962 943 teste
990 909 1183 945 uetustas

141 972 339 1013 Creditur.
376 977 590 1024 acceptam
617 984 741 1023 parce
768 982 933 1010 mouere
962 969 1104 1011 fidem:

82 1040 217 1081 Veste
245 1041 378 1080 lateus
406 1051 552 1079 saxum
581 1036 754 1078 caelesti
783 1038 943 1078 uiscere
973 1037 1095 1079 sedit.
1384 1042 1465 1080 205

131 1107 205 1147 Sic
233 1108 394 1160 genitor
420 1107 515 1146 fatis
543 1103 810 1158 decipiendus
839 1111 939 1146 erat.

80 1173 220 1214 Ardua
247 1173 326 1213 iam
356 1173 506 1213 dudum
534 1178 702 1214 resonat
730 1172 941 1213 tinnitibus
968 1172 1053 1226 Ide,

133 1242 265 1280 Tutus
292 1246 339 1280 ut
365 1239 508 1280 infanti
536 1240 680 1293 uagiat
710 1252 778 1280 ore
807 1253 919 1292 puer.

77 1308 179 1348 Pars
209 1308 364 1361 clipeos
393 1306 575 1360 sudibuS,
603 1308 749 1362 galeas
778 1319 875 1360 pars
903 1307 1035 1348 tundit
1062 1307 1225 1348 inanes:

71 1420 157 1455 192.
192 1418 300 1455 Audit
333 1426 369 1455 et
401 1417 444 1455 N
452 1418 494 1455 A
509 1419 578 1466 353
603 1421 652 1456 29
666 1431 747 1456 nar.
763 1431 833 1456 sor.
952 1421 1036 1456 193.
1072 1419 1237 1456 Pandate
1268 1421 1389 1456 Dina.
1402 1431 1459 1469 pr.

18 1469 182 1505 mandari
208 1468 319 1506 Esub
338 1481 414 1506 ras.
454 1470 599 1506 eliconis
619 1467 754 1507 EGF.
794 1470 964 1523 alumpue
992 1472 1037 1506 E.
1143 1472 1228 1506 194.
1258 1470 1382 1507 asiduo
1409 1466 1459 1508 Γ.

18 1519 160 1555 assidua
175 1518 237 1556 A.
341 1520 426 1555 195.
459 1522 560 1557 Vei-s.
583 1532 661 1557 cum
680 1532 751 1568 seq.
771 1533 841 1557 om.
863 1519 893 1567 f.
913 1520 918 1522 ’
939 1520 1065 1556 eratho
1091 1522 1159 1557 mei
1179 1532 1256 1558 sex.
1296 1521 1461 1557 citereius
1525 1537 1529 1539 >

18 1570 205 1618 Emaqn.
252 1569 401 1606 chitlier.
429 1573 630 1608 Emmsec.
676 1571 855 1606 cithereus
882 1567 931 1610 Γ.
973 1570 1057 1607 cith.
1085 1573 1134 1607 D.
1237 1572 1322 1607 196.
1357 1571 1459 1608 Cess.

18 1630 125 1666 quem
155 1626 226 1655 ten.
259 1622 306 1658 G.
348 1621 449 1656 Cess.
477 1622 539 1669 qui
570 1628 644 1658 ten.
675 1618 783 1668 ‹DA3
810 1620 1010 1658 bumascr.
1058 1621 1159 1658 Cess.
1188 1633 1282 1670 quae
1308 1626 1383 1657 ten.
1409 1620 1460 1659 A

19 1667 83 1705 Bb
111 1668 196 1714 dum
222 1681 342 1717 vuar.
359 1682 428 1706 scr.
473 1672 573 1707 Cess.
602 1683 683 1706 nam
710 1672 883 1707 ten.‘P3
909 1670 992 1708 duo.
1039 1675 1112 1708 ten.
1140 1684 1273 1708 numen
1304 1673 1406 1708 GM.

68 1721 154 1754 197.
193 1719 351 1756 Reddita
383 1732 460 1756 sors
494 1729 640 1757 saturne
677 1722 739 1756 tibi
772 1721 862 1757 haee
886 1725 931 1758 E.
979 1721 1070 1757 haec
1101 1728 1156 1757 est
1187 1728 1265 1768 opt.
1297 1733 1347 1758 m.

67 1771 153 1805 198.
189 1770 320 1818 ceptris
351 1767 398 1806 Γ.
458 1777 543 1806 nato
578 1771 696 1818 regnis
729 1769 779 1806 2⁴?
813 1783 920 1807 uncis.
979 1771 1165 1807 excuciere
1196 1768 1290 1807 ΕΓ.

66 1820 152 1855 199.
187 1832 288 1855 suam
318 1832 487 1857 reuerens
512 1817 564 1856 Π
572 1833 651 1857 uar.
668 1832 738 1857 scr.
782 1833 949 1870 quaeque
975 1828 1028 1856 est
1054 1821 1149 1857 edita
1180 1819 1317 1858 ΦΛν.
1357 1820 1456 1859 edita

13 1870 136 1919 proles
162 1872 253 1906 1333
280 1869 363 1907 «luo.
466 1873 552 1907 200.
577 1871 722 1907 inmers.
755 1872 800 1907 G.
840 1871 1044 1907 immersum
1072 1884 1108 1907 m
1122 1883 1192 1909 ma.
1204 1883 1261 1920 pr.
1303 1872 1456 1909 immen—

12 1931 89 1955 sam
115 1917 294 1965 AAbh;
319 1933 342 1969 p
360 1932 440 1958 nar.
456 1933 526 1957 scr.
577 1933 648 1970 que
674 1933 743 1957 om.
763 1923 884 1958 Ema.
899 1933 955 1971 pr.
1073 1924 1164 1958 201.
1199 1934 1261 1958 rea
1288 1919 1453 1961 DEI'r.

13 1969 101 2006 rhea
124 1971 220 2016 (rea)
247 1977 300 2006 est
326 1978 452 2019 questa
480 1977 545 2007 tot.
578 1969 710 2008 GAr.
735 1972 896 2008 ‘tociens
925 1973 1014 2008 DE.
1065 1978 1121 2008 est
1152 1979 1224 2008 tam
1257 1984 1367 2021 saepe
1398 1972 1454 2009 se-

11 2020 129 2056 cunda
154 2021 185 2067 f.
219 2020 312 2056 foec.
339 2021 425 2057 Ala.
452 2033 508 2070 pr.
535 2026 569 2057 et
589 2021 673 2058 Elz.
716 2021 785 2057 sec.
813 2033 934 2070 neque
961 2034 1045 2071 unq.
1072 2022 1120 2058 A.
1164 2035 1334 2072 uinquam
1360 2026 1451 2059 DE.

61 2073 147 2107 203.
181 2071 316 2119 Iupiter
341 2074 387 2108 E.
432 2072 567 2122 lopiter
592 2075 638 2108 P.
684 2084 752 2120 pro
786 2084 918 2120 magna
949 2074 1012 2108 29.
1123 2074 1210 2108 204.
1245 2085 1321 2109 acc.
1348 2080 1453 2122 parte

10 2119 77 2159 bh.
178 2122 267 2158 205.
300 2122 390 2158 cael.
418 2122 454 2157 in
481 2128 627 2170 gutture
658 2119 800 2159 OPH.
849 2122 937 2159 cael.
965 2123 1105 2171 gurgite
1129 2134 1152 2171 9
1177 2122 1260 2161 duo.
1307 2124 1453 2160 caelesti

0 2171 147 2207 *uiscere
165 2174 210 2208 Z.
251 2178 343 2220 gutt.
367 2172 460 2208 fodit
486 2184 591 2209 unus.
691 2174 779 2209 206.
808 2172 877 2208 Hic
903 2185 985 2221 gen.
1005 2176 1049 2211 P.
1090 2173 1151 2209 Sic
1171 2174 1290 2210 senior
1313 2173 1381 2210 fat.
1402 2176 1449 2211 G.

57 2224 146 2258 207.
175 2228 319 2258 resonet
341 2234 378 2270 9.
420 2230 589 2259 resonant
614 2227 699 2267 tres,
725 2224 900 2259 Luctant.
923 2227 959 2269 1,
979 2226 1025 2260 21
1045 2223 1098 2260 ed.
1118 2225 1191 2261 Ro.
1211 2225 1322 2260 1470.
1360 2224 1449 2262 tinn-

0 2269 65 2308 *ida
94 2268 485 2321 fflOhmprma.sec.
506 2272 662 2321 Afflpr.
702 2273 790 2309 tinn.
817 2273 898 2309 idae
925 2278 1008 2318 tres,
1035 2275 1258 2311 Lactantius
1283 2273 1384 2310 Aldi.

56 2325 142 2359 208.
170 2322 205 2357 T
210 2328 260 2358 ut.
287 2329 325 2359 et
350 2323 413 2359 inf.
441 2335 561 2360 ninia.
572 2335 629 2373 pr.
669 2324 759 2360 Tut.
787 2324 832 2359 ab
858 2322 923 2360 inf.
955 2325 985 2361 0
1003 2336 1075 2361 ma.
1093 2336 1150 2373 pr.
1261 2326 1350 2360 209.
1384 2327 1450 2362 Ita

0 2372 181 2421 Laetam.
199 2372 275 2410 loco
288 2372 360 2411 ind.
379 2377 424 2409 12
436 2376 486 2410 20
496 2374 556 2410 35.
597 2374 731 2422 clipeos
746 2373 892 2409 rudibus
910 2377 944 2410 Ζ
952 2387 987 2410 m
997 2387 1071 2411 vna.
1109 2387 1138 2411 r.
1181 2374 1314 2423 clipeos
1331 2374 1446 2424 (clyp.

0 2417 47 2462 2
60 2421 127 2466 al.)
151 2424 313 2471 manibus
338 2421 1104 2461 ABGDEFGOEFMNOPHPA..
1119 2423 1386 2473 beyprstss
1399 2427 1447 2461 10

0 2473 114 2507 {2233
133 2472 386 2521 undetriginta.
428 2474 573 2523 clypeos
599 2475 720 2523 galeas
748 2475 910 2510 manibus
931 2486 1013 2523 pars
1027 2473 1088 2512 A.
1123 2475 1212 2510 Pars
1237 2475 1358 2523 pulsat
1384 2476 1446 2511 cli-

0 2521 84 2569 lpeis
109 2523 227 2570 galeas
253 2525 290 2560 4.
325 2524 415 2560 Pars
442 2525 605 2560 manibus
631 2525 779 2573 clypeos
805 2525 874 2573 gal.
901 2525 1028 2573 reliqui
1053 2530 1087 2561 et
1111 2529 1197 2561 neu.
1223 2524 1276 2561 ed.
1322 2523 1444 2574 galeas

0 2570 122 2610 {tondit
147 2583 230 2620 pars
260 2573 356 2611 inan.
384 2577 429 2612 E.
477 2586 561 2624 pars
589 2575 711 2611 condit
736 2574 767 2620 f.
816 2587 900 2623 pars
925 2577 1044 2624 pulsat
1070 2576 1119 2610 29
1131 2578 1176 2611 33
1204 2575 1311 2612 alins.
1356 2587 1441 2626 pars
1479 2578 1482 2580 ’

3 2620 143 2658 tundite
168 2622 263 2659 inan.
290 2627 351 2662 27.
392 2624 497 2665 tund.
523 2626 676 2663 inermes
703 2626 764 2662 49.
807 2624 911 2661 tund.
938 2632 1062 2662 acutas
1087 2627 1138 2662 M
1151 2637 1325 2666 §tansor-

53 2682 111 2713 Ou.
130 2682 221 2714 Fasti.
1078 2690 1098 2723 1
1105 2690 1125 2724 l
