<?xml version="1.0" encoding="UTF-8"?>
<!DOCTYPE html PUBLIC "-//W3C//DTD XHTML 1.0 Transitional//EN"
    "http://www.w3.org/TR/xhtml1/DTD/xhtml1-transitional.dtd">
<html xmlns="http://www.w3.org/1999/xhtml" xml:lang="en" lang="en">
 <head>
  <title>
</title>
<meta http-equiv="Content-Type" content="text/html;charset=utf-8" />
  <meta name='ocr-system' content='tesseract 3.04.00' />
  <meta name='ocr-capabilities' content='ocr_page ocr_carea ocr_par ocr_line ocrx_word'/>
</head>
<body>
  <div class='ocr_page' id='page_1' title='image "./fastorumlibrisex00oviduoft_0189.png"; bbox 0 0 1685 2954; ppageno 0'>
   <div class='ocr_carea' id='block_1_1' title="bbox 688 124 1510 169">
    <p class='ocr_par' dir='ltr' id='par_1_1' title="bbox 688 124 1510 169">
     <span class='ocr_line' id='line_1_1' title="bbox 688 124 1510 169; baseline 0.006 -15"><span class='ocrx_word' id='word_1_1' title='bbox 688 124 886 156; x_wconf 74' lang='lat' dir='ltr'><strong>rvnucis</strong></span> <span class='ocrx_word' id='word_1_2' title='bbox 1346 125 1510 169; x_wconf 60' lang='lat' dir='ltr'><strong>ccxxxi</strong></span> 
     </span>
    </p>
   </div>
   <div class='ocr_carea' id='block_1_2' title="bbox 62 220 1507 399">
    <p class='ocr_par' dir='ltr' id='par_1_2' title="bbox 62 220 1507 399">
     <span class='ocr_line' id='line_1_2' title="bbox 67 220 1507 276; baseline 0.003 -15"><span class='ocrx_word' id='word_1_3' title='bbox 67 222 272 262; x_wconf 75' lang='lat' dir='ltr'>Victorinus</span> <span class='ocrx_word' id='word_1_4' title='bbox 296 237 335 276; x_wconf 85' lang='lat' dir='ltr'><strong>p.</strong></span> <span class='ocrx_word' id='word_1_5' title='bbox 358 224 460 261; x_wconf 77' lang='lat'><strong>2470</strong></span> <span class='ocrx_word' id='word_1_6' title='bbox 481 221 526 260; x_wconf 84' lang='grc' dir='ltr'><strong>Ρ.</strong></span> <span class='ocrx_word' id='word_1_7' title='bbox 552 226 591 260; x_wconf 85' lang='lat' dir='ltr'><strong>et</strong></span> <span class='ocrx_word' id='word_1_8' title='bbox 615 220 752 259; x_wconf 88' lang='lat' dir='ltr'><strong>Paulus</strong></span> <span class='ocrx_word' id='word_1_9' title='bbox 776 222 878 261; x_wconf 80' lang='lat' dir='ltr'><strong>Diae.</strong></span> <span class='ocrx_word' id='word_1_10' title='bbox 906 236 944 274; x_wconf 84' lang='lat' dir='ltr'><strong>p.</strong></span> <span class='ocrx_word' id='word_1_11' title='bbox 968 227 1059 273; x_wconf 82' lang='lat'>222,</span> <span class='ocrx_word' id='word_1_12' title='bbox 1083 227 1145 272; x_wconf 83' lang='lat'>12,</span> <span class='ocrx_word' id='word_1_13' title='bbox 1179 224 1239 262; x_wconf 90' lang='lat' dir='ltr'><strong>uel</strong></span> <span class='ocrx_word' id='word_1_14' title='bbox 1264 224 1294 262; x_wconf 86' lang='lat' dir='ltr'><strong>si</strong></span> <span class='ocrx_word' id='word_1_15' title='bbox 1319 226 1375 263; x_wconf 92' lang='lat' dir='ltr'><strong>cui</strong></span> <span class='ocrx_word' id='word_1_16' title='bbox 1401 233 1507 265; x_wconf 90' lang='lat' dir='ltr'><strong>uetu-</strong></span> 
     </span>
     <span class='ocr_line' id='line_1_3' title="bbox 62 283 1506 338; baseline 0.001 -15"><span class='ocrx_word' id='word_1_17' title='bbox 62 285 153 323; x_wconf 77' lang='lat' dir='ltr'><strong>stior</strong></span> <span class='ocrx_word' id='word_1_18' title='bbox 178 287 238 324; x_wconf 87' lang='lat' dir='ltr'><strong>illa</strong></span> <span class='ocrx_word' id='word_1_19' title='bbox 265 286 417 324; x_wconf 85' lang='lat' dir='ltr'><strong>nominis</strong></span> <span class='ocrx_word' id='word_1_20' title='bbox 442 284 560 321; x_wconf 79' lang='lat' dir='ltr'><strong>forma</strong></span> <span class='ocrx_word' id='word_1_21' title='bbox 585 285 772 334; x_wconf 83' lang='lat' dir='ltr'>negotium</span> <span class='ocrx_word' id='word_1_22' title='bbox 798 283 1024 322; x_wconf 80' lang='lat' dir='ltr'><strong>facessehat=</strong></span> <span class='ocrx_word' id='word_1_23' title='bbox 1055 287 1155 323; x_wconf 87' lang='lat' dir='ltr'><strong>nulla</strong></span> <span class='ocrx_word' id='word_1_24' title='bbox 1181 287 1395 337; x_wconf 78' lang='lat' dir='ltr'><strong>ne‘priuata</strong></span> <span class='ocrx_word' id='word_1_25' title='bbox 1422 290 1506 338; x_wconf 90' lang='lat' dir='ltr'><strong>qui-</strong></span> 
     </span>
     <span class='ocr_line' id='line_1_4' title="bbox 63 345 1504 399; baseline 0.002 -16"><span class='ocrx_word' id='word_1_26' title='bbox 63 346 147 384; x_wconf 89' lang='lat' dir='ltr'><strong>dem</strong></span> <span class='ocrx_word' id='word_1_27' title='bbox 171 346 425 399; x_wconf 77' lang='lat' dir='ltr'><strong>superstitione</strong></span> <span class='ocrx_word' id='word_1_28' title='bbox 455 346 607 383; x_wconf 89' lang='lat' dir='ltr'><strong>subnixa</strong></span> <span class='ocrx_word' id='word_1_29' title='bbox 639 346 751 382; x_wconf 80' lang='lat' dir='ltr'><strong>fuisse</strong></span> <span class='ocrx_word' id='word_1_30' title='bbox 786 345 951 393; x_wconf 89' lang='lat' dir='ltr'><strong>uidetur,</strong></span> <span class='ocrx_word' id='word_1_31' title='bbox 986 352 1025 383; x_wconf 94' lang='lat' dir='ltr'><strong>ut</strong></span> <span class='ocrx_word' id='word_1_32' title='bbox 1059 347 1106 384; x_wconf 83' lang='lat' dir='ltr'><strong>ad</strong></span> <span class='ocrx_word' id='word_1_33' title='bbox 1139 359 1219 385; x_wconf 84' lang='lat' dir='ltr'><strong>eam</strong></span> <span class='ocrx_word' id='word_1_34' title='bbox 1246 348 1338 385; x_wconf 90' lang='lat' dir='ltr'><strong>sacri</strong></span> <span class='ocrx_word' id='word_1_35' title='bbox 1361 355 1504 398; x_wconf 86' lang='lat' dir='ltr'><strong>partem</strong></span> 
     </span>
    </p>
   </div>
   <div class='ocr_carea' id='block_1_3' title="bbox 61 406 1578 459">
    <p class='ocr_par' dir='ltr' id='par_1_3' title="bbox 61 406 1578 459">
     <span class='ocr_line' id='line_1_5' title="bbox 61 406 1578 459; baseline 0.001 -14"><span class='ocrx_word' id='word_1_36' title='bbox 61 410 263 459; x_wconf 83' lang='lat' dir='ltr'><strong>respexerit</strong></span> <span class='ocrx_word' id='word_1_37' title='bbox 286 409 404 445; x_wconf 82' lang='lat' dir='ltr'><strong>Varro</strong></span> <span class='ocrx_word' id='word_1_38' title='bbox 438 407 559 444; x_wconf 88' lang='lat' dir='ltr'><strong>uerbis</strong></span> <span class='ocrx_word' id='word_1_39' title='bbox 589 407 644 444; x_wconf 87' lang='lat' dir='ltr'><strong>his</strong></span> <span class='ocrx_word' id='word_1_40' title='bbox 678 419 700 444; x_wconf 87' lang='lat' dir='ltr'><strong>a</strong></span> <span class='ocrx_word' id='word_1_41' title='bbox 734 406 846 443; x_wconf 87' lang='lat' dir='ltr'><strong>schol.</strong></span> <span class='ocrx_word' id='word_1_42' title='bbox 872 407 988 444; x_wconf 87' lang='lat' dir='ltr'><strong>Persii</strong></span> <span class='ocrx_word' id='word_1_43' title='bbox 1017 412 1053 455; x_wconf 92' lang='lat' dir='ltr'><strong>l,</strong></span> <span class='ocrx_word' id='word_1_44' title='bbox 1079 410 1128 444; x_wconf 90' lang='grc'><strong>72</strong></span> <span class='ocrx_word' id='word_1_45' title='bbox 1161 409 1335 446; x_wconf 81' lang='lat' dir='ltr'><strong>seruatis:</strong></span> <span class='ocrx_word' id='word_1_46' title='bbox 1366 409 1507 448; x_wconf 78' lang='lat' dir='ltr'><strong>Palilia</strong></span> <span class='ocrx_word' id='word_1_47' title='bbox 1571 441 1578 446; x_wconf 75' lang='grc'>,</span> 
     </span>
    </p>
   </div>
   <div class='ocr_carea' id='block_1_4' title="bbox 0 468 1505 2734">
    <p class='ocr_par' dir='ltr' id='par_1_4' title="bbox 0 468 1505 584">
     <span class='ocr_line' id='line_1_6' title="bbox 0 468 1504 522; baseline 0.001 -14"><span class='ocrx_word' id='word_1_48' title='bbox 0 491 1 519; x_wconf 37' lang='lat'><em>5</em></span> <span class='ocrx_word' id='word_1_49' title='bbox 58 474 138 508; x_wconf 78' lang='lat' dir='ltr'><strong>tam</strong></span> <span class='ocrx_word' id='word_1_50' title='bbox 162 471 308 522; x_wconf 78' lang='lat' dir='ltr'><strong>publica</strong></span> <span class='ocrx_word' id='word_1_51' title='bbox 333 481 442 519; x_wconf 69' lang='lat' dir='ltr'><strong>mnam</strong></span> <span class='ocrx_word' id='word_1_52' title='bbox 465 470 616 519; x_wconf 77' lang='lat' dir='ltr'><strong>priuata</strong></span> <span class='ocrx_word' id='word_1_53' title='bbox 639 473 737 507; x_wconf 72' lang='lat' dir='ltr'><strong>sunt.</strong></span> <span class='ocrx_word' id='word_1_54' title='bbox 790 468 978 506; x_wconf 85' lang='lat' dir='ltr'><strong>Priuatum</strong></span> <span class='ocrx_word' id='word_1_55' title='bbox 1012 481 1154 506; x_wconf 85' lang='lat' dir='ltr'><strong>sacrum</strong></span> <span class='ocrx_word' id='word_1_56' title='bbox 1189 482 1262 507; x_wconf 92' lang='lat' dir='ltr'><strong>non</strong></span> <span class='ocrx_word' id='word_1_57' title='bbox 1297 478 1386 521; x_wconf 90' lang='lat' dir='ltr'><strong>puto</strong></span> <span class='ocrx_word' id='word_1_58' title='bbox 1418 471 1504 521; x_wconf 90' lang='lat' dir='ltr'><strong>dici,</strong></span> 
     </span>
     <span class='ocr_line' id='line_1_7' title="bbox 0 530 1505 584; baseline 0.001 -15"><span class='ocrx_word' id='word_1_59' title='bbox 0 542 1 581; x_wconf 75' lang='lat' dir='ltr'><strong>j</strong></span> <span class='ocrx_word' id='word_1_60' title='bbox 56 544 105 569; x_wconf 86' lang='lat' dir='ltr'><strong>ne</strong></span> <span class='ocrx_word' id='word_1_61' title='bbox 128 533 203 569; x_wconf 89' lang='lat' dir='ltr'><strong>eius</strong></span> <span class='ocrx_word' id='word_1_62' title='bbox 221 530 368 581; x_wconf 88' lang='lat' dir='ltr'><strong>quidem</strong></span> <span class='ocrx_word' id='word_1_63' title='bbox 392 530 505 578; x_wconf 87' lang='lat' dir='ltr'><strong>modi,</strong></span> <span class='ocrx_word' id='word_1_64' title='bbox 533 530 579 567; x_wconf 91' lang='lat' dir='ltr'><strong>de</strong></span> <span class='ocrx_word' id='word_1_65' title='bbox 601 543 674 580; x_wconf 89' lang='lat' dir='ltr'><strong>quo</strong></span> <span class='ocrx_word' id='word_1_66' title='bbox 694 530 825 567; x_wconf 88' lang='lat' dir='ltr'><strong>Festus</strong></span> <span class='ocrx_word' id='word_1_67' title='bbox 850 542 888 580; x_wconf 88' lang='lat' dir='ltr'><strong>p.</strong></span> <span class='ocrx_word' id='word_1_68' title='bbox 909 533 994 575; x_wconf 85' lang='lat'>321,</span> <span class='ocrx_word' id='word_1_69' title='bbox 1016 534 1060 567; x_wconf 83' lang='lat'><strong>11</strong></span> <span class='ocrx_word' id='word_1_70' title='bbox 1081 531 1165 579; x_wconf 91' lang='lat' dir='ltr'><strong>sin.,</strong></span> <span class='ocrx_word' id='word_1_71' title='bbox 1189 531 1253 568; x_wconf 89' lang='lat' dir='ltr'><strong>sed</strong></span> <span class='ocrx_word' id='word_1_72' title='bbox 1280 533 1410 581; x_wconf 83' lang='lat' dir='ltr'><strong>partim</strong></span> <span class='ocrx_word' id='word_1_73' title='bbox 1436 545 1505 584; x_wconf 76' lang='lat' dir='ltr'><strong>pet·</strong></span> 
     </span>
    </p>

    <p class='ocr_par' dir='ltr' id='par_1_5' title="bbox 21 591 1503 2734">
     <span class='ocr_line' id='line_1_8' title="bbox 55 591 1503 644; baseline 0.001 -14"><span class='ocrx_word' id='word_1_74' title='bbox 55 593 233 640; x_wconf 82' lang='lat' dir='ltr'>Vestales,</span> <span class='ocrx_word' id='word_1_75' title='bbox 259 593 312 629; x_wconf 90' lang='lat' dir='ltr'><strong>uti</strong></span> <span class='ocrx_word' id='word_1_76' title='bbox 337 592 472 630; x_wconf 88' lang='lat' dir='ltr'><strong>indicat</strong></span> <span class='ocrx_word' id='word_1_77' title='bbox 487 591 641 629; x_wconf 90' lang='lat' dir='ltr'><strong>Ouidius</strong></span> <span class='ocrx_word' id='word_1_78' title='bbox 660 604 696 628; x_wconf 87' lang='lat' dir='ltr'><strong>u.</strong></span> <span class='ocrx_word' id='word_1_79' title='bbox 711 593 800 639; x_wconf 87' lang='grc'>640,</span> <span class='ocrx_word' id='word_1_80' title='bbox 816 594 905 639; x_wconf 87' lang='grc'><strong>731,</strong></span> <span class='ocrx_word' id='word_1_81' title='bbox 932 592 1063 641; x_wconf 87' lang='lat' dir='ltr'><strong>partim</strong></span> <span class='ocrx_word' id='word_1_82' title='bbox 1089 593 1166 630; x_wconf 87' lang='lat' dir='ltr'><strong>sine</strong></span> <span class='ocrx_word' id='word_1_83' title='bbox 1191 593 1364 642; x_wconf 84' lang='lat' dir='ltr'><strong>pontifice</strong></span> <span class='ocrx_word' id='word_1_84' title='bbox 1383 606 1405 631; x_wconf 87' lang='lat' dir='ltr'><strong>a</strong></span> <span class='ocrx_word' id='word_1_85' title='bbox 1427 595 1503 644; x_wconf 85' lang='lat' dir='ltr'><strong>pri-</strong></span> 
     </span>
     <span class='ocr_line' id='line_1_9' title="bbox 53 653 1502 705; baseline 0.002 -15"><span class='ocrx_word' id='word_1_86' title='bbox 53 654 145 691; x_wconf 85' lang='lat' dir='ltr'><strong>uatis</strong></span> <span class='ocrx_word' id='word_1_87' title='bbox 171 653 332 691; x_wconf 87' lang='lat' dir='ltr'><strong>confieri.</strong></span> <span class='ocrx_word' id='word_1_88' title='bbox 384 653 495 699; x_wconf 88' lang='lat' dir='ltr'><strong>Quod</strong></span> <span class='ocrx_word' id='word_1_89' title='bbox 522 654 593 690; x_wconf 83' lang='lat' dir='ltr'><strong>dixi</strong></span> <span class='ocrx_word' id='word_1_90' title='bbox 620 653 853 690; x_wconf 86' lang='lat' dir='ltr'><strong>uetustiorem</strong></span> <span class='ocrx_word' id='word_1_91' title='bbox 881 653 1036 690; x_wconf 83' lang='lat' dir='ltr'><strong>formam</strong></span> <span class='ocrx_word' id='word_1_92' title='bbox 1062 654 1234 702; x_wconf 78' lang='lat' dir='ltr'><strong>Parilia,</strong></span> <span class='ocrx_word' id='word_1_93' title='bbox 1261 655 1297 690; x_wconf 93' lang='lat' dir='ltr'><strong>in</strong></span> <span class='ocrx_word' id='word_1_94' title='bbox 1324 666 1369 691; x_wconf 88' lang='lat' dir='ltr'><strong>eo</strong></span> <span class='ocrx_word' id='word_1_95' title='bbox 1395 667 1502 705; x_wconf 82' lang='lat' dir='ltr'><strong>egre-</strong></span> 
     </span>
     <span class='ocr_line' id='line_1_10' title="bbox 50 714 1500 766; baseline 0.002 -15"><span class='ocrx_word' id='word_1_96' title='bbox 50 715 147 764; x_wconf 85' lang='lat' dir='ltr'><strong>gium</strong></span> <span class='ocrx_word' id='word_1_97' title='bbox 172 714 453 766; x_wconf 84' lang='lat' dir='ltr'><strong>suffragatorem</strong></span> <span class='ocrx_word' id='word_1_98' title='bbox 479 716 597 753; x_wconf 84' lang='lat' dir='ltr'><strong>habeo</strong></span> <span class='ocrx_word' id='word_1_99' title='bbox 627 716 905 765; x_wconf 85' lang='lat' dir='ltr'><strong>Goettlingium,</strong></span> <span class='ocrx_word' id='word_1_100' title='bbox 934 714 1016 752; x_wconf 84' lang='lat' dir='ltr'><strong>hist.</strong></span> <span class='ocrx_word' id='word_1_101' title='bbox 1042 717 1134 766; x_wconf 87' lang='lat' dir='ltr'><strong>reip.</strong></span> <span class='ocrx_word' id='word_1_102' title='bbox 1161 716 1232 753; x_wconf 90' lang='lat' dir='ltr'><strong>Ro.</strong></span> <span class='ocrx_word' id='word_1_103' title='bbox 1260 728 1297 765; x_wconf 88' lang='lat' dir='ltr'><strong>p.</strong></span> <span class='ocrx_word' id='word_1_104' title='bbox 1314 718 1386 753; x_wconf 85' lang='lat'><strong>168</strong></span> <span class='ocrx_word' id='word_1_105' title='bbox 1413 729 1500 755; x_wconf 88' lang='lat' dir='ltr'><strong>ann.</strong></span> 
     </span>
     <span class='ocr_line' id='line_1_11' title="bbox 49 775 1501 827; baseline 0.003 -17"><span class='ocrx_word' id='word_1_106' title='bbox 49 776 87 822; x_wconf 84' lang='lat'>4,</span> <span class='ocrx_word' id='word_1_107' title='bbox 115 776 177 826; x_wconf 92' lang='lat' dir='ltr'><strong>qui</strong></span> <span class='ocrx_word' id='word_1_108' title='bbox 209 775 318 814; x_wconf 88' lang='lat' dir='ltr'><strong>docta</strong></span> <span class='ocrx_word' id='word_1_109' title='bbox 349 779 558 815; x_wconf 89' lang='lat' dir='ltr'><strong>coniectura</strong></span> <span class='ocrx_word' id='word_1_110' title='bbox 583 777 721 827; x_wconf 88' lang='lat' dir='ltr'><strong>Aprilis</strong></span> <span class='ocrx_word' id='word_1_111' title='bbox 754 789 886 814; x_wconf 90' lang='lat' dir='ltr'><strong>nomen</strong></span> <span class='ocrx_word' id='word_1_112' title='bbox 913 776 996 814; x_wconf 91' lang='lat' dir='ltr'><strong>inde</strong></span> <span class='ocrx_word' id='word_1_113' title='bbox 1022 779 1166 827; x_wconf 87' lang='lat' dir='ltr'><strong>repetit.</strong></span> <span class='ocrx_word' id='word_1_114' title='bbox 1227 777 1410 815; x_wconf 77' lang='lat' dir='ltr'><strong>Credibile</strong></span> <span class='ocrx_word' id='word_1_115' title='bbox 1443 783 1501 815; x_wconf 86' lang='lat' dir='ltr'><strong>est</strong></span> 
     </span>
     <span class='ocr_line' id='line_1_12' title="bbox 50 837 1500 888; baseline 0.001 -14"><span class='ocrx_word' id='word_1_116' title='bbox 50 837 215 874; x_wconf 88' lang='lat' dir='ltr'><strong>Cincium</strong></span> <span class='ocrx_word' id='word_1_117' title='bbox 243 846 308 876; x_wconf 85' lang='lat' dir='ltr'><strong>aut</strong></span> <span class='ocrx_word' id='word_1_118' title='bbox 333 840 528 876; x_wconf 86' lang='lat' dir='ltr'><strong>Caesarem</strong></span> <span class='ocrx_word' id='word_1_119' title='bbox 556 839 766 876; x_wconf 80' lang='lat' dir='ltr'><strong>abstersisse</strong></span> <span class='ocrx_word' id='word_1_120' title='bbox 793 839 971 875; x_wconf 89' lang='lat' dir='ltr'><strong>uocabulo</strong></span> <span class='ocrx_word' id='word_1_121' title='bbox 997 841 1205 888; x_wconf 81' lang='lat' dir='ltr'><strong>aeruginem</strong></span> <span class='ocrx_word' id='word_1_122' title='bbox 1231 845 1269 876; x_wconf 91' lang='lat' dir='ltr'><strong>et</strong></span> <span class='ocrx_word' id='word_1_123' title='bbox 1294 840 1500 878; x_wconf 83' lang='lat' dir='ltr'><strong>emonuisse</strong></span> 
     </span>
     <span class='ocr_line' id='line_1_13' title="bbox 48 897 1498 950; baseline 0.002 -15"><span class='ocrx_word' id='word_1_124' title='bbox 48 897 98 936; x_wconf 87' lang='lat' dir='ltr'><strong>de</strong></span> <span class='ocrx_word' id='word_1_125' title='bbox 123 900 306 950; x_wconf 86' lang='lat' dir='ltr'><strong>analogia:</strong></span> <span class='ocrx_word' id='word_1_126' title='bbox 343 901 442 938; x_wconf 89' lang='lat' dir='ltr'><strong>libris</strong></span> <span class='ocrx_word' id='word_1_127' title='bbox 474 901 647 938; x_wconf 83' lang='lat' dir='ltr'><strong>Varronis</strong></span> <span class='ocrx_word' id='word_1_128' title='bbox 681 913 789 937; x_wconf 90' lang='lat' dir='ltr'><strong>manu</strong></span> <span class='ocrx_word' id='word_1_129' title='bbox 821 900 962 948; x_wconf 85' lang='lat' dir='ltr'><strong>scriptis</strong></span> <span class='ocrx_word' id='word_1_130' title='bbox 995 900 1024 935; x_wconf 90' lang='lat' dir='ltr'><strong>si</strong></span> <span class='ocrx_word' id='word_1_131' title='bbox 1058 900 1147 937; x_wconf 85' lang='lat' dir='ltr'><strong>fides</strong></span> <span class='ocrx_word' id='word_1_132' title='bbox 1183 906 1261 948; x_wconf 90' lang='lat' dir='ltr'><strong>est,</strong></span> <span class='ocrx_word' id='word_1_133' title='bbox 1293 900 1324 936; x_wconf 89' lang='lat' dir='ltr'><strong>is</strong></span> <span class='ocrx_word' id='word_1_134' title='bbox 1349 912 1498 939; x_wconf 83' lang='lat' dir='ltr'><strong>manum</strong></span> 
     </span>
     <span class='ocr_line' id='line_1_14' title="bbox 48 960 1497 1012; baseline 0.002 -16"><span class='ocrx_word' id='word_1_135' title='bbox 48 961 220 999; x_wconf 86' lang='lat' dir='ltr'><strong>scientiae</strong></span> <span class='ocrx_word' id='word_1_136' title='bbox 244 963 383 1000; x_wconf 91' lang='lat' dir='ltr'><strong>inuisae</strong></span> <span class='ocrx_word' id='word_1_137' title='bbox 407 962 509 1012; x_wconf 87' lang='lat' dir='ltr'><strong>prius</strong></span> <span class='ocrx_word' id='word_1_138' title='bbox 535 961 636 998; x_wconf 90' lang='lat' dir='ltr'><strong>dedit</strong></span> <span class='ocrx_word' id='word_1_139' title='bbox 662 973 769 1011; x_wconf 88' lang='lat' dir='ltr'><strong>quam</strong></span> <span class='ocrx_word' id='word_1_140' title='bbox 791 961 936 1008; x_wconf 87' lang='lat' dir='ltr'><strong>Cicero,</strong></span> <span class='ocrx_word' id='word_1_141' title='bbox 964 960 1064 997; x_wconf 86' lang='lat' dir='ltr'><strong>cuius</strong></span> <span class='ocrx_word' id='word_1_142' title='bbox 1085 960 1370 1012; x_wconf 84' lang='lat' dir='ltr'><strong>Philippicarum</strong></span> <span class='ocrx_word' id='word_1_143' title='bbox 1396 961 1497 1012; x_wconf 84' lang='lat' dir='ltr'><strong>frag-</strong></span> 
     </span>
     <span class='ocr_line' id='line_1_15' title="bbox 45 1021 1496 1072; baseline 0.003 -14"><span class='ocrx_word' id='word_1_144' title='bbox 45 1028 208 1059; x_wconf 89' lang='lat' dir='ltr'><strong>mentum</strong></span> <span class='ocrx_word' id='word_1_145' title='bbox 235 1024 390 1061; x_wconf 87' lang='lat' dir='ltr'><strong>traditur</strong></span> <span class='ocrx_word' id='word_1_146' title='bbox 414 1036 436 1060; x_wconf 86' lang='lat' dir='ltr'><strong>a</strong></span> <span class='ocrx_word' id='word_1_147' title='bbox 462 1023 574 1060; x_wconf 85' lang='lat' dir='ltr'><strong>schol.</strong></span> <span class='ocrx_word' id='word_1_148' title='bbox 602 1022 714 1059; x_wconf 88' lang='lat' dir='ltr'><strong>Persii</strong></span> <span class='ocrx_word' id='word_1_149' title='bbox 741 1021 767 1057; x_wconf 91' lang='lat'><strong>1.</strong></span> <span class='ocrx_word' id='word_1_150' title='bbox 794 1022 888 1058; x_wconf 85' lang='lat' dir='ltr'><strong>ind.:</strong></span> <span class='ocrx_word' id='word_1_151' title='bbox 925 1022 1082 1067; x_wconf 79' lang='lat' dir='ltr'><strong>Palilia,</strong></span> <span class='ocrx_word' id='word_1_152' title='bbox 1110 1035 1203 1072; x_wconf 82' lang='lat' dir='ltr'><strong>quae</strong></span> <span class='ocrx_word' id='word_1_153' title='bbox 1226 1035 1323 1060; x_wconf 69' lang='lat' dir='ltr'><strong>niano</strong></span> <span class='ocrx_word' id='word_1_154' title='bbox 1347 1024 1496 1062; x_wconf 71' lang='lat' dir='ltr'><strong>Parilia</strong></span> 
     </span>
     <span class='ocr_line' id='line_1_16' title="bbox 46 1082 1495 1132; baseline 0.002 -12"><span class='ocrx_word' id='word_1_155' title='bbox 46 1087 201 1121; x_wconf 70' lang='lat' dir='ltr'><strong>mittatis</strong></span> <span class='ocrx_word' id='word_1_156' title='bbox 224 1085 354 1123; x_wconf 79' lang='lat' dir='ltr'><strong>litteris</strong></span> <span class='ocrx_word' id='word_1_157' title='bbox 378 1085 542 1132; x_wconf 77' lang='lat' dir='ltr'><strong>dicimus,</strong></span> <span class='ocrx_word' id='word_1_158' title='bbox 571 1083 627 1121; x_wconf 80' lang='lat' dir='ltr'><strong>uel</strong></span> <span class='ocrx_word' id='word_1_159' title='bbox 653 1082 748 1132; x_wconf 72' lang='lat' dir='ltr'><strong>quod</strong></span> <span class='ocrx_word' id='word_1_160' title='bbox 773 1095 812 1121; x_wconf 82' lang='lat' dir='ltr'><strong>eo</strong></span> <span class='ocrx_word' id='word_1_161' title='bbox 839 1083 895 1120; x_wconf 77' lang='lat' dir='ltr'><strong>die</strong></span> <span class='ocrx_word' id='word_1_162' title='bbox 920 1083 1065 1121; x_wconf 77' lang='lat' dir='ltr'><strong>condita</strong></span> <span class='ocrx_word' id='word_1_163' title='bbox 1090 1087 1214 1122; x_wconf 80' lang='lat' dir='ltr'><strong>Roma</strong></span> <span class='ocrx_word' id='word_1_164' title='bbox 1239 1089 1306 1132; x_wconf 78' lang='lat' dir='ltr'><strong>est,</strong></span> <span class='ocrx_word' id='word_1_165' title='bbox 1333 1089 1495 1124; x_wconf 79' lang='lat' dir='ltr'><strong>accensis</strong></span> 
     </span>
     <span class='ocr_line' id='line_1_17' title="bbox 43 1145 1494 1195; baseline 0.001 -13"><span class='ocrx_word' id='word_1_166' title='bbox 43 1146 258 1195; x_wconf 65' lang='lat' dir='ltr'><strong>nianipuhs,</strong></span> <span class='ocrx_word' id='word_1_167' title='bbox 293 1159 440 1184; x_wconf 83' lang='lat' dir='ltr'><strong>accenso</strong></span> <span class='ocrx_word' id='word_1_168' title='bbox 465 1145 575 1193; x_wconf 78' lang='lat' dir='ltr'><strong>faeno</strong></span> <span class='ocrx_word' id='word_1_169' title='bbox 601 1145 743 1183; x_wconf 80' lang='lat' dir='ltr'><strong>colitur.</strong></span> <span class='ocrx_word' id='word_1_170' title='bbox 797 1146 864 1182; x_wconf 90' lang='lat' dir='ltr'><strong>Hic</strong></span> <span class='ocrx_word' id='word_1_171' title='bbox 893 1146 993 1182; x_wconf 92' lang='lat' dir='ltr'><strong>locus</strong></span> <span class='ocrx_word' id='word_1_172' title='bbox 1019 1158 1093 1182; x_wconf 92' lang='lat' dir='ltr'><strong>non</strong></span> <span class='ocrx_word' id='word_1_173' title='bbox 1122 1146 1252 1183; x_wconf 89' lang='lat' dir='ltr'><strong>dicitur</strong></span> <span class='ocrx_word' id='word_1_174' title='bbox 1278 1147 1430 1184; x_wconf 82' lang='lat' dir='ltr'><strong>inueniri</strong></span> <span class='ocrx_word' id='word_1_175' title='bbox 1455 1148 1494 1185; x_wconf 89' lang='lat' dir='ltr'><strong>in</strong></span> 
     </span>
     <span class='ocr_line' id='line_1_18' title="bbox 43 1206 1494 1257; baseline 0.003 -15"><span class='ocrx_word' id='word_1_176' title='bbox 43 1218 199 1256; x_wconf 84' lang='lat' dir='ltr'><strong>corpore</strong></span> <span class='ocrx_word' id='word_1_177' title='bbox 219 1208 407 1256; x_wconf 84' lang='lat' dir='ltr'><strong>Tulliano,</strong></span> <span class='ocrx_word' id='word_1_178' title='bbox 434 1209 487 1244; x_wconf 92' lang='lat' dir='ltr'><strong>uti</strong></span> <span class='ocrx_word' id='word_1_179' title='bbox 515 1219 582 1244; x_wconf 87' lang='lat' dir='ltr'><strong>nec</strong></span> <span class='ocrx_word' id='word_1_180' title='bbox 607 1207 714 1254; x_wconf 85' lang='lat' dir='ltr'><strong>alter,</strong></span> <span class='ocrx_word' id='word_1_181' title='bbox 742 1207 805 1257; x_wconf 91' lang='lat' dir='ltr'><strong>qui</strong></span> <span class='ocrx_word' id='word_1_182' title='bbox 830 1219 876 1244; x_wconf 83' lang='lat' dir='ltr'><strong>ex</strong></span> <span class='ocrx_word' id='word_1_183' title='bbox 902 1206 994 1242; x_wconf 89' lang='lat' dir='ltr'><strong>libro</strong></span> <span class='ocrx_word' id='word_1_184' title='bbox 1020 1213 1150 1256; x_wconf 87' lang='lat' dir='ltr'><strong>quarto</strong></span> <span class='ocrx_word' id='word_1_185' title='bbox 1177 1214 1348 1244; x_wconf 88' lang='lat' dir='ltr'><strong>enotatur</strong></span> <span class='ocrx_word' id='word_1_186' title='bbox 1373 1220 1395 1245; x_wconf 93' lang='lat' dir='ltr'><strong>a</strong></span> <span class='ocrx_word' id='word_1_187' title='bbox 1413 1209 1494 1246; x_wconf 89' lang='lat' dir='ltr'><strong>No·</strong></span> 
     </span>
     <span class='ocr_line' id='line_1_19' title="bbox 42 1267 1493 1320; baseline 0.003 -17"><span class='ocrx_word' id='word_1_188' title='bbox 42 1267 103 1304; x_wconf 85' lang='lat' dir='ltr'><strong>nio</strong></span> <span class='ocrx_word' id='word_1_189' title='bbox 129 1280 167 1318; x_wconf 88' lang='lat' dir='ltr'><strong>p.</strong></span> <span class='ocrx_word' id='word_1_190' title='bbox 187 1271 273 1314; x_wconf 82' lang='lat'>373,</span> <span class='ocrx_word' id='word_1_191' title='bbox 297 1271 361 1307; x_wconf 83' lang='lat'><strong>29.</strong></span> <span class='ocrx_word' id='word_1_192' title='bbox 414 1270 499 1307; x_wconf 88' lang='lat' dir='ltr'><strong>Non</strong></span> <span class='ocrx_word' id='word_1_193' title='bbox 533 1275 588 1306; x_wconf 83' lang='lat' dir='ltr'><strong>est</strong></span> <span class='ocrx_word' id='word_1_194' title='bbox 622 1269 735 1305; x_wconf 87' lang='lat' dir='ltr'><strong>otium</strong></span> <span class='ocrx_word' id='word_1_195' title='bbox 769 1268 997 1319; x_wconf 89' lang='lat' dir='ltr'><strong>inquirendi,</strong></span> <span class='ocrx_word' id='word_1_196' title='bbox 1031 1269 1091 1304; x_wconf 86' lang='lat' dir='ltr'><strong>ubi</strong></span> <span class='ocrx_word' id='word_1_197' title='bbox 1117 1268 1292 1306; x_wconf 86' lang='lat' dir='ltr'><strong>excidisse</strong></span> <span class='ocrx_word' id='word_1_198' title='bbox 1315 1271 1493 1320; x_wconf 89' lang='lat' dir='ltr'><strong>potuerit,</strong></span> 
     </span>
     <span class='ocr_line' id='line_1_20' title="bbox 41 1329 1492 1382; baseline 0.003 -16"><span class='ocrx_word' id='word_1_199' title='bbox 41 1334 81 1366; x_wconf 87' lang='lat' dir='ltr'><strong>et</strong></span> <span class='ocrx_word' id='word_1_200' title='bbox 105 1341 192 1367; x_wconf 90' lang='lat' dir='ltr'><strong>num</strong></span> <span class='ocrx_word' id='word_1_201' title='bbox 218 1332 431 1381; x_wconf 85' lang='lat' dir='ltr'><strong>pertinuerit</strong></span> <span class='ocrx_word' id='word_1_202' title='bbox 458 1331 505 1368; x_wconf 88' lang='lat' dir='ltr'><strong>ad</strong></span> <span class='ocrx_word' id='word_1_203' title='bbox 532 1331 717 1368; x_wconf 86' lang='lat' dir='ltr'><strong>uictoriam</strong></span> <span class='ocrx_word' id='word_1_204' title='bbox 745 1331 823 1367; x_wconf 85' lang='lat' dir='ltr'><strong>Caii</strong></span> <span class='ocrx_word' id='word_1_205' title='bbox 842 1329 1008 1367; x_wconf 85' lang='lat' dir='ltr'><strong>Caesaris</strong></span> <span class='ocrx_word' id='word_1_206' title='bbox 1030 1329 1318 1380; x_wconf 86' lang='lat' dir='ltr'><strong>Hispaniensem,</strong></span> <span class='ocrx_word' id='word_1_207' title='bbox 1345 1331 1393 1369; x_wconf 90' lang='lat' dir='ltr'><strong>de</strong></span> <span class='ocrx_word' id='word_1_208' title='bbox 1418 1345 1492 1382; x_wconf 87' lang='lat' dir='ltr'><strong>qua</strong></span> 
     </span>
     <span class='ocr_line' id='line_1_21' title="bbox 41 1389 1490 1444; baseline 0.003 -17"><span class='ocrx_word' id='word_1_209' title='bbox 41 1389 191 1428; x_wconf 86' lang='lat' dir='ltr'><strong>disserui</strong></span> <span class='ocrx_word' id='word_1_210' title='bbox 216 1405 327 1442; x_wconf 87' lang='lat' dir='ltr'><strong>supra</strong></span> <span class='ocrx_word' id='word_1_211' title='bbox 354 1406 391 1443; x_wconf 88' lang='lat' dir='ltr'><strong>p.</strong></span> <span class='ocrx_word' id='word_1_212' title='bbox 408 1405 537 1431; x_wconf 75' lang='lat' dir='ltr'>xxvl.</span> <span class='ocrx_word' id='word_1_213' title='bbox 587 1392 645 1430; x_wconf 91' lang='lat' dir='ltr'><strong>De</strong></span> <span class='ocrx_word' id='word_1_214' title='bbox 671 1393 859 1429; x_wconf 86' lang='lat' dir='ltr'><strong>Vinalibus</strong></span> <span class='ocrx_word' id='word_1_215' title='bbox 886 1403 999 1441; x_wconf 84' lang='lat' dir='ltr'><strong>supra</strong></span> <span class='ocrx_word' id='word_1_216' title='bbox 1024 1390 1158 1427; x_wconf 88' lang='lat' dir='ltr'><strong>dictum</strong></span> <span class='ocrx_word' id='word_1_217' title='bbox 1186 1398 1241 1427; x_wconf 90' lang='lat' dir='ltr'><strong>est</strong></span> <span class='ocrx_word' id='word_1_218' title='bbox 1270 1404 1309 1441; x_wconf 86' lang='lat' dir='ltr'><strong>p.</strong></span> <span class='ocrx_word' id='word_1_219' title='bbox 1324 1404 1413 1429; x_wconf 74' lang='lat' dir='ltr'><strong>va</strong></span> <span class='ocrx_word' id='word_1_220' title='bbox 1432 1406 1490 1444; x_wconf 89' lang='lat' dir='ltr'><strong>sq.</strong></span> 
     </span>
     <span class='ocr_line' id='line_1_22' title="bbox 39 1451 1491 1505; baseline 0.003 -17"><span class='ocrx_word' id='word_1_221' title='bbox 39 1451 160 1489; x_wconf 86' lang='lat' dir='ltr'><strong>Vnum</strong></span> <span class='ocrx_word' id='word_1_222' title='bbox 187 1453 394 1493; x_wconf 87' lang='lat' dir='ltr'><strong>addendum</strong></span> <span class='ocrx_word' id='word_1_223' title='bbox 423 1462 498 1503; x_wconf 87' lang='lat' dir='ltr'><strong>est,</strong></span> <span class='ocrx_word' id='word_1_224' title='bbox 531 1454 630 1505; x_wconf 92' lang='lat' dir='ltr'><strong>quod</strong></span> <span class='ocrx_word' id='word_1_225' title='bbox 658 1454 705 1491; x_wconf 84' lang='lat' dir='ltr'><strong>ad</strong></span> <span class='ocrx_word' id='word_1_226' title='bbox 734 1454 798 1491; x_wconf 87' lang='lat' dir='ltr'><strong>has</strong></span> <span class='ocrx_word' id='word_1_227' title='bbox 824 1455 963 1504; x_wconf 88' lang='lat' dir='ltr'><strong>priores</strong></span> <span class='ocrx_word' id='word_1_228' title='bbox 990 1454 1066 1489; x_wconf 93' lang='lat' dir='ltr'><strong>eius</strong></span> <span class='ocrx_word' id='word_1_229' title='bbox 1092 1454 1244 1491; x_wconf 89' lang='lat' dir='ltr'><strong>nominis</strong></span> <span class='ocrx_word' id='word_1_230' title='bbox 1270 1453 1379 1491; x_wconf 86' lang='lat' dir='ltr'><strong>serias</strong></span> <span class='ocrx_word' id='word_1_231' title='bbox 1404 1467 1491 1504; x_wconf 88' lang='lat' dir='ltr'><strong>per·</strong></span> 
     </span>
     <span class='ocr_line' id='line_1_23' title="bbox 38 1514 1490 1567; baseline 0.001 -16"><span class='ocrx_word' id='word_1_232' title='bbox 38 1514 155 1552; x_wconf 84' lang='lat' dir='ltr'><strong>tinere</strong></span> <span class='ocrx_word' id='word_1_233' title='bbox 179 1521 216 1553; x_wconf 89' lang='lat' dir='ltr'><strong>et</strong></span> <span class='ocrx_word' id='word_1_234' title='bbox 242 1517 402 1567; x_wconf 85' lang='lat' dir='ltr'><strong>uulgaris</strong></span> <span class='ocrx_word' id='word_1_235' title='bbox 427 1518 521 1555; x_wconf 85' lang='lat' dir='ltr'><strong>illius</strong></span> <span class='ocrx_word' id='word_1_236' title='bbox 548 1517 681 1554; x_wconf 87' lang='lat' dir='ltr'><strong>erroris</strong></span> <span class='ocrx_word' id='word_1_237' title='bbox 708 1522 961 1566; x_wconf 80' lang='lat' dir='ltr'><strong>argumentum</strong></span> <span class='ocrx_word' id='word_1_238' title='bbox 988 1514 1174 1552; x_wconf 89' lang='lat' dir='ltr'><strong>continere</strong></span> <span class='ocrx_word' id='word_1_239' title='bbox 1201 1514 1368 1552; x_wconf 86' lang='lat' dir='ltr'><strong>uidetur:</strong></span> <span class='ocrx_word' id='word_1_240' title='bbox 1399 1515 1490 1553; x_wconf 90' lang='lat' dir='ltr'><strong>Plu-</strong></span> 
     </span>
     <span class='ocr_line' id='line_1_24' title="bbox 39 1575 1489 1628; baseline 0.003 -17"><span class='ocrx_word' id='word_1_241' title='bbox 39 1577 186 1613; x_wconf 86' lang='lat' dir='ltr'><strong>tarchus</strong></span> <span class='ocrx_word' id='word_1_242' title='bbox 221 1586 361 1627; x_wconf 90' lang='lat' dir='ltr'><strong>quaest.</strong></span> <span class='ocrx_word' id='word_1_243' title='bbox 391 1592 443 1617; x_wconf 93' lang='lat' dir='ltr'><strong>ro.</strong></span> <span class='ocrx_word' id='word_1_244' title='bbox 473 1592 505 1616; x_wconf 86' lang='lat' dir='ltr'><strong>c.</strong></span> <span class='ocrx_word' id='word_1_245' title='bbox 533 1579 582 1615; x_wconf 81' lang='lat'><strong>45</strong></span> <span class='ocrx_word' id='word_1_246' title='bbox 622 1578 696 1615; x_wconf 87' lang='lat' dir='ltr'><strong>uini</strong></span> <span class='ocrx_word' id='word_1_247' title='bbox 732 1577 916 1628; x_wconf 88' lang='lat' dir='ltr'><strong>quandam</strong></span> <span class='ocrx_word' id='word_1_248' title='bbox 953 1577 1025 1614; x_wconf 88' lang='lat' dir='ltr'><strong>uim</strong></span> <span class='ocrx_word' id='word_1_249' title='bbox 1060 1575 1213 1613; x_wconf 84' lang='lat' dir='ltr'><strong>effusam</strong></span> <span class='ocrx_word' id='word_1_250' title='bbox 1249 1583 1373 1614; x_wconf 85' lang='lat' dir='ltr'><strong>narrat</strong></span> <span class='ocrx_word' id='word_1_251' title='bbox 1408 1577 1489 1615; x_wconf 81' lang='grc' dir='ltr'><strong>τῶν</strong></span> 
     </span>
     <span class='ocr_line' id='line_1_25' title="bbox 42 1632 1488 1692; baseline 0.003 -19"><span class='ocrx_word' id='word_1_252' title='bbox 42 1632 317 1686; x_wconf 76' lang='grc' dir='ltr'><em>Οὐενεραλίων</em></span> <span class='ocrx_word' id='word_1_253' title='bbox 343 1639 392 1692; x_wconf 83' lang='grc' dir='ltr'><strong>τῇ</strong></span> <span class='ocrx_word' id='word_1_254' title='bbox 420 1634 554 1692; x_wconf 69' lang='grc' dir='ltr'><strong>ἑορτῇ.</strong></span> <span class='ocrx_word' id='word_1_255' title='bbox 607 1640 665 1676; x_wconf 91' lang='lat' dir='ltr'><strong>De</strong></span> <span class='ocrx_word' id='word_1_256' title='bbox 691 1641 836 1676; x_wconf 88' lang='lat' dir='ltr'><strong>canario</strong></span> <span class='ocrx_word' id='word_1_257' title='bbox 862 1639 1037 1676; x_wconf 85' lang='lat' dir='ltr'><strong>sacrificio</strong></span> <span class='ocrx_word' id='word_1_258' title='bbox 1064 1638 1299 1687; x_wconf 81' lang='lat' dir='ltr'><strong>Robigalibus</strong></span> <span class='ocrx_word' id='word_1_259' title='bbox 1325 1640 1365 1688; x_wconf 83' lang='lat'>4,</span> <span class='ocrx_word' id='word_1_260' title='bbox 1392 1652 1488 1678; x_wconf 89' lang='lat' dir='ltr'><strong>uers.</strong></span> 
     </span>
     <span class='ocr_line' id='line_1_26' title="bbox 39 1698 1487 1751; baseline 0.003 -17"><span class='ocrx_word' id='word_1_261' title='bbox 39 1698 270 1748; x_wconf 82' lang='lat'>906—910,</span> <span class='ocrx_word' id='word_1_262' title='bbox 290 1703 362 1738; x_wconf 83' lang='grc'><strong>933</strong></span> <span class='ocrx_word' id='word_1_263' title='bbox 379 1705 502 1739; x_wconf 83' lang='grc'>-936</span> <span class='ocrx_word' id='word_1_264' title='bbox 528 1701 614 1739; x_wconf 88' lang='lat' dir='ltr'><strong>nihil</strong></span> <span class='ocrx_word' id='word_1_265' title='bbox 642 1708 711 1750; x_wconf 83' lang='lat' dir='ltr'><strong>est,</strong></span> <span class='ocrx_word' id='word_1_266' title='bbox 741 1701 840 1751; x_wconf 92' lang='lat' dir='ltr'><strong>quod</strong></span> <span class='ocrx_word' id='word_1_267' title='bbox 867 1701 1047 1738; x_wconf 86' lang='lat' dir='ltr'><strong>annotatis</strong></span> <span class='ocrx_word' id='word_1_268' title='bbox 1076 1700 1123 1736; x_wconf 87' lang='lat' dir='ltr'><strong>ab</strong></span> <span class='ocrx_word' id='word_1_269' title='bbox 1150 1700 1299 1738; x_wconf 88' lang='lat' dir='ltr'><strong>Heinsio</strong></span> <span class='ocrx_word' id='word_1_270' title='bbox 1326 1708 1362 1739; x_wconf 87' lang='lat' dir='ltr'><strong>et</strong></span> <span class='ocrx_word' id='word_1_271' title='bbox 1386 1702 1487 1739; x_wconf 90' lang='lat' dir='ltr'><strong>Nea-</strong></span> 
     </span>
     <span class='ocr_line' id='line_1_27' title="bbox 39 1760 1485 1810; baseline 0.003 -15"><span class='ocrx_word' id='word_1_272' title='bbox 39 1760 117 1810; x_wconf 87' lang='lat' dir='ltr'><strong>poli</strong></span> <span class='ocrx_word' id='word_1_273' title='bbox 144 1760 318 1808; x_wconf 87' lang='lat' dir='ltr'><strong>addatur,</strong></span> <span class='ocrx_word' id='word_1_274' title='bbox 351 1764 417 1800; x_wconf 88' lang='lat' dir='ltr'><strong>nisi</strong></span> <span class='ocrx_word' id='word_1_275' title='bbox 450 1763 546 1800; x_wconf 86' lang='lat' dir='ltr'><strong>sorte</strong></span> <span class='ocrx_word' id='word_1_276' title='bbox 572 1763 618 1799; x_wconf 87' lang='lat' dir='ltr'><strong>ad</strong></span> <span class='ocrx_word' id='word_1_277' title='bbox 647 1776 683 1801; x_wconf 86' lang='lat' dir='ltr'><strong>u.</strong></span> <span class='ocrx_word' id='word_1_278' title='bbox 708 1765 780 1798; x_wconf 81' lang='grc'><strong>933</strong></span> <span class='ocrx_word' id='word_1_279' title='bbox 817 1765 930 1799; x_wconf 86' lang='lat' dir='ltr'><strong>uerba</strong></span> <span class='ocrx_word' id='word_1_280' title='bbox 957 1761 1076 1799; x_wconf 89' lang='lat' dir='ltr'><strong>Seruii</strong></span> <span class='ocrx_word' id='word_1_281' title='bbox 1103 1760 1149 1797; x_wconf 89' lang='lat' dir='ltr'><strong>ad</strong></span> <span class='ocrx_word' id='word_1_282' title='bbox 1175 1764 1267 1799; x_wconf 86' lang='lat' dir='ltr'><strong>Aen.</strong></span> <span class='ocrx_word' id='word_1_283' title='bbox 1295 1766 1357 1810; x_wconf 87' lang='lat'>12,</span> <span class='ocrx_word' id='word_1_284' title='bbox 1388 1765 1485 1801; x_wconf 80' lang='lat'><strong>169:</strong></span> 
     </span>
     <span class='ocr_line' id='line_1_28' title="bbox 37 1820 1486 1871; baseline 0.001 -13"><span class='ocrx_word' id='word_1_285' title='bbox 37 1820 116 1859; x_wconf 68' lang='lat' dir='ltr'><strong>ideo</strong></span> <span class='ocrx_word' id='word_1_286' title='bbox 141 1825 381 1871; x_wconf 62' lang='lat' dir='ltr'><strong>„mgistratum</strong></span> <span class='ocrx_word' id='word_1_287' title='bbox 405 1828 440 1859; x_wconf 79' lang='lat' dir='ltr'><strong>et</strong></span> <span class='ocrx_word' id='word_1_288' title='bbox 463 1822 708 1870; x_wconf 70' lang='lat' dir='ltr'><strong>sacrificaturi</strong></span> <span class='ocrx_word' id='word_1_289' title='bbox 733 1828 855 1871; x_wconf 70' lang='lat' dir='ltr'><strong>togam</strong></span> <span class='ocrx_word' id='word_1_290' title='bbox 879 1826 1112 1871; x_wconf 72' lang='lat' dir='ltr'><strong>praetextam</strong></span> <span class='ocrx_word' id='word_1_291' title='bbox 1137 1821 1269 1859; x_wconf 77' lang='lat' dir='ltr'><strong>habent</strong></span> <span class='ocrx_word' id='word_1_292' title='bbox 1293 1828 1327 1859; x_wconf 79' lang='lat' dir='ltr'><strong>et</strong></span> <span class='ocrx_word' id='word_1_293' title='bbox 1353 1836 1486 1861; x_wconf 79' lang='lat' dir='ltr'><strong>manus</strong></span> 
     </span>
     <span class='ocr_line' id='line_1_29' title="bbox 36 1881 1483 1932; baseline 0.003 -14"><span class='ocrx_word' id='word_1_294' title='bbox 36 1881 187 1920; x_wconf 76' lang='lat' dir='ltr'><strong>ablutas</strong></span> <span class='ocrx_word' id='word_1_295' title='bbox 212 1883 387 1932; x_wconf 79' lang='lat' dir='ltr'><strong>deteryere</strong></span> <span class='ocrx_word' id='word_1_296' title='bbox 411 1884 516 1921; x_wconf 76' lang='lat' dir='ltr'><strong>lineis</strong></span> <span class='ocrx_word' id='word_1_297' title='bbox 541 1883 754 1921; x_wconf 64' lang='lat' dir='ltr'><strong>mantilibus</strong></span> <span class='ocrx_word' id='word_1_298' title='bbox 779 1889 924 1922; x_wconf 77' lang='lat' dir='ltr'><strong>curant.</strong></span> <span class='ocrx_word' id='word_1_299' title='bbox 976 1883 1016 1919; x_wconf 91' lang='lat' dir='ltr'><strong>In</strong></span> <span class='ocrx_word' id='word_1_300' title='bbox 1043 1883 1178 1919; x_wconf 87' lang='lat' dir='ltr'><strong>Vestae</strong></span> <span class='ocrx_word' id='word_1_301' title='bbox 1202 1895 1306 1920; x_wconf 85' lang='lat' dir='ltr'><strong>sacro</strong></span> <span class='ocrx_word' id='word_1_302' title='bbox 1335 1885 1399 1921; x_wconf 89' lang='lat' dir='ltr'><strong>llll</strong></span> <span class='ocrx_word' id='word_1_303' title='bbox 1421 1885 1483 1922; x_wconf 79' lang='grc' dir='ltr'><strong>ΚΡ</strong></span> 
     </span>
     <span class='ocr_line' id='line_1_30' title="bbox 36 1942 1484 1995; baseline 0.003 -15"><span class='ocrx_word' id='word_1_304' title='bbox 36 1942 139 1990; x_wconf 76' lang='lat' dir='ltr'><strong>Mai„</strong></span> <span class='ocrx_word' id='word_1_305' title='bbox 175 1946 274 1995; x_wconf 90' lang='lat' dir='ltr'><strong>quod</strong></span> <span class='ocrx_word' id='word_1_306' title='bbox 301 1959 338 1984; x_wconf 87' lang='lat' dir='ltr'><strong>u.</strong></span> <span class='ocrx_word' id='word_1_307' title='bbox 365 1947 438 1982; x_wconf 77' lang='lat'><strong>953</strong></span> <span class='ocrx_word' id='word_1_308' title='bbox 465 1946 587 1982; x_wconf 88' lang='lat' dir='ltr'><strong>laurus</strong></span> <span class='ocrx_word' id='word_1_309' title='bbox 613 1954 711 1982; x_wconf 86' lang='lat' dir='ltr'><strong>stare</strong></span> <span class='ocrx_word' id='word_1_310' title='bbox 735 1945 927 1991; x_wconf 86' lang='lat' dir='ltr'><strong>iubentur,</strong></span> <span class='ocrx_word' id='word_1_311' title='bbox 952 1950 1036 1981; x_wconf 89' lang='lat' dir='ltr'><strong>sunt</strong></span> <span class='ocrx_word' id='word_1_312' title='bbox 1062 1955 1151 1992; x_wconf 88' lang='lat' dir='ltr'><strong>eae,</strong></span> <span class='ocrx_word' id='word_1_313' title='bbox 1185 1957 1274 1994; x_wconf 86' lang='lat' dir='ltr'><strong>quas</strong></span> <span class='ocrx_word' id='word_1_314' title='bbox 1298 1942 1374 1995; x_wconf 78' lang='grc' dir='ltr'><strong>πρό</strong></span> <span class='ocrx_word' id='word_1_315' title='bbox 1402 1946 1484 1984; x_wconf 81' lang='grc' dir='ltr'><strong>τῶν</strong></span> 
     </span>
     <span class='ocr_line' id='line_1_31' title="bbox 35 2004 1484 2058; baseline 0.003 -16"><span class='ocrx_word' id='word_1_316' title='bbox 35 2004 253 2053; x_wconf 77' lang='grc' dir='ltr'><strong><em>βασιλείων</em></strong></span> <span class='ocrx_word' id='word_1_317' title='bbox 279 2007 554 2058; x_wconf 74' lang='grc' dir='ltr'><strong><em>προτίθεσθαι</em></strong></span> <span class='ocrx_word' id='word_1_318' title='bbox 581 2009 631 2045; x_wconf 90' lang='lat' dir='ltr'><strong>ait</strong></span> <span class='ocrx_word' id='word_1_319' title='bbox 655 2008 727 2044; x_wconf 92' lang='lat' dir='ltr'><strong>Dio</strong></span> <span class='ocrx_word' id='word_1_320' title='bbox 756 2007 858 2043; x_wconf 84' lang='lat' dir='ltr'><strong>Cass.</strong></span> <span class='ocrx_word' id='word_1_321' title='bbox 885 2007 951 2051; x_wconf 72' lang='lat'><strong>53,</strong></span> <span class='ocrx_word' id='word_1_322' title='bbox 976 2008 1038 2053; x_wconf 89' lang='lat'><strong>16,</strong></span> <span class='ocrx_word' id='word_1_323' title='bbox 1069 2018 1236 2056; x_wconf 83' lang='lat' dir='ltr'><strong>quaeque</strong></span> <span class='ocrx_word' id='word_1_324' title='bbox 1260 2007 1484 2046; x_wconf 86' lang='lat' dir='ltr'><strong>ramulorum</strong></span> 
     </span>
     <span class='ocr_line' id='line_1_32' title="bbox 34 2067 1482 2120; baseline 0.003 -17"><span class='ocrx_word' id='word_1_325' title='bbox 34 2067 153 2105; x_wconf 81' lang='lat' dir='ltr'><strong>forma</strong></span> <span class='ocrx_word' id='word_1_326' title='bbox 177 2069 213 2105; x_wconf 90' lang='lat' dir='ltr'><strong>in</strong></span> <span class='ocrx_word' id='word_1_327' title='bbox 241 2070 357 2106; x_wconf 89' lang='lat' dir='ltr'><strong>numis</strong></span> <span class='ocrx_word' id='word_1_328' title='bbox 383 2070 534 2119; x_wconf 83' lang='lat' dir='ltr'><strong>Augusti</strong></span> <span class='ocrx_word' id='word_1_329' title='bbox 560 2082 672 2120; x_wconf 87' lang='lat' dir='ltr'><strong>saepe</strong></span> <span class='ocrx_word' id='word_1_330' title='bbox 699 2069 959 2119; x_wconf 81' lang='lat' dir='ltr'><strong>exprimuntur.</strong></span> <span class='ocrx_word' id='word_1_331' title='bbox 1010 2067 1192 2104; x_wconf 87' lang='lat' dir='ltr'><strong>Fortassis</strong></span> <span class='ocrx_word' id='word_1_332' title='bbox 1217 2079 1265 2105; x_wconf 88' lang='lat' dir='ltr'><strong>eo</strong></span> <span class='ocrx_word' id='word_1_333' title='bbox 1288 2068 1347 2107; x_wconf 89' lang='lat' dir='ltr'><strong>die</strong></span> <span class='ocrx_word' id='word_1_334' title='bbox 1372 2082 1482 2107; x_wconf 90' lang='lat' dir='ltr'><strong>reno-</strong></span> 
     </span>
     <span class='ocr_line' id='line_1_33' title="bbox 21 2129 1480 2180; baseline 0.003 -16"><span class='ocrx_word' id='word_1_335' title='bbox 21 2129 241 2177; x_wconf 83' lang='lat' dir='ltr'><strong>&#39;uabantur,</strong></span> <span class='ocrx_word' id='word_1_336' title='bbox 275 2131 579 2180; x_wconf 86' lang='lat' dir='ltr'><strong>quemadmodum</strong></span> <span class='ocrx_word' id='word_1_337' title='bbox 606 2132 640 2167; x_wconf 90' lang='lat' dir='ltr'><strong>in</strong></span> <span class='ocrx_word' id='word_1_338' title='bbox 667 2130 786 2180; x_wconf 88' lang='lat' dir='ltr'><strong>prisca</strong></span> <span class='ocrx_word' id='word_1_339' title='bbox 812 2129 903 2166; x_wconf 89' lang='lat' dir='ltr'><strong>aede</strong></span> <span class='ocrx_word' id='word_1_340' title='bbox 929 2129 1016 2166; x_wconf 80' lang='lat' dir='ltr'><strong>Kal.</strong></span> <span class='ocrx_word' id='word_1_341' title='bbox 1044 2129 1197 2177; x_wconf 84' lang='lat' dir='ltr'><strong>Martiis,</strong></span> <span class='ocrx_word' id='word_1_342' title='bbox 1223 2129 1296 2167; x_wconf 86' lang='lat' dir='ltr'><strong>Ou.</strong></span> <span class='ocrx_word' id='word_1_343' title='bbox 1324 2134 1363 2179; x_wconf 86' lang='lat'>3,</span> <span class='ocrx_word' id='word_1_344' title='bbox 1392 2134 1480 2170; x_wconf 86' lang='lat'>141.</span> 
     </span>
     <span class='ocr_line' id='line_1_34' title="bbox 32 2188 1481 2231; baseline 0.002 -4"><span class='ocrx_word' id='word_1_345' title='bbox 32 2188 133 2228; x_wconf 78' lang='lat' dir='ltr'><strong>Kal‘.</strong></span> <span class='ocrx_word' id='word_1_346' title='bbox 153 2191 239 2229; x_wconf 88' lang='lat' dir='ltr'><strong>Mai.</strong></span> <span class='ocrx_word' id='word_1_347' title='bbox 266 2192 382 2228; x_wconf 78' lang='lat' dir='ltr'><strong>larum</strong></span> <span class='ocrx_word' id='word_1_348' title='bbox 409 2192 628 2229; x_wconf 84' lang='lat' dir='ltr'><strong>Praestitum</strong></span> <span class='ocrx_word' id='word_1_349' title='bbox 655 2193 774 2229; x_wconf 92' lang='lat' dir='ltr'><strong>cultus</strong></span> <span class='ocrx_word' id='word_1_350' title='bbox 801 2190 1044 2228; x_wconf 85' lang='lat' dir='ltr'><strong>obsoleuerat.</strong></span> <span class='ocrx_word' id='word_1_351' title='bbox 1093 2190 1222 2228; x_wconf 90' lang='lat' dir='ltr'><strong>Bonae</strong></span> <span class='ocrx_word' id='word_1_352' title='bbox 1248 2192 1340 2229; x_wconf 80' lang='lat' dir='ltr'><strong>deae</strong></span> <span class='ocrx_word' id='word_1_353' title='bbox 1366 2192 1481 2231; x_wconf 85' lang='lat' dir='ltr'><strong>feriae</strong></span> 
     </span>
     <span class='ocr_line' id='line_1_35' title="bbox 31 2252 1478 2304; baseline 0.001 -15"><span class='ocrx_word' id='word_1_354' title='bbox 31 2259 184 2303; x_wconf 82' lang='lat' dir='ltr'><strong>propter</strong></span> <span class='ocrx_word' id='word_1_355' title='bbox 208 2253 336 2304; x_wconf 88' lang='lat' dir='ltr'><strong>templi</strong></span> <span class='ocrx_word' id='word_1_356' title='bbox 362 2253 626 2291; x_wconf 87' lang='lat' dir='ltr'><strong>dedicationem</strong></span> <span class='ocrx_word' id='word_1_357' title='bbox 654 2253 815 2290; x_wconf 89' lang='lat' dir='ltr'><strong>diuersas</strong></span> <span class='ocrx_word' id='word_1_358' title='bbox 841 2252 952 2288; x_wconf 82' lang='lat' dir='ltr'><strong>fuisse</strong></span> <span class='ocrx_word' id='word_1_359' title='bbox 977 2262 1002 2288; x_wconf 88' lang='lat' dir='ltr'><strong>a</strong></span> <span class='ocrx_word' id='word_1_360' title='bbox 1023 2262 1127 2289; x_wconf 81' lang='lat' dir='ltr'><strong>sacro</strong></span> <span class='ocrx_word' id='word_1_361' title='bbox 1159 2253 1237 2290; x_wconf 86' lang='lat' dir='ltr'><strong>eius</strong></span> <span class='ocrx_word' id='word_1_362' title='bbox 1260 2260 1478 2304; x_wconf 84' lang='lat' dir='ltr'><strong>opertaneo,</strong></span> 
     </span>
     <span class='ocr_line' id='line_1_36' title="bbox 31 2312 1476 2366; baseline 0.003 -17"><span class='ocrx_word' id='word_1_363' title='bbox 31 2312 68 2350; x_wconf 89' lang='lat' dir='ltr'><strong>in</strong></span> <span class='ocrx_word' id='word_1_364' title='bbox 94 2326 167 2364; x_wconf 90' lang='lat' dir='ltr'><strong>quo</strong></span> <span class='ocrx_word' id='word_1_365' title='bbox 192 2314 343 2352; x_wconf 88' lang='lat' dir='ltr'><strong>Clodius</strong></span> <span class='ocrx_word' id='word_1_366' title='bbox 370 2314 533 2365; x_wconf 86' lang='lat' dir='ltr'><strong>deliquit,</strong></span> <span class='ocrx_word' id='word_1_367' title='bbox 560 2315 788 2365; x_wconf 85' lang='lat' dir='ltr'><strong>cognoscitur</strong></span> <span class='ocrx_word' id='word_1_368' title='bbox 813 2327 858 2352; x_wconf 84' lang='lat' dir='ltr'><strong>ex</strong></span> <span class='ocrx_word' id='word_1_369' title='bbox 884 2313 963 2351; x_wconf 89' lang='lat' dir='ltr'><strong>Cic.</strong></span> <span class='ocrx_word' id='word_1_370' title='bbox 977 2325 1036 2363; x_wconf 90' lang='lat' dir='ltr'><strong>ep.</strong></span> <span class='ocrx_word' id='word_1_371' title='bbox 1054 2313 1100 2350; x_wconf 82' lang='lat' dir='ltr'><strong>ad</strong></span> <span class='ocrx_word' id='word_1_372' title='bbox 1118 2315 1193 2351; x_wconf 82' lang='lat' dir='ltr'><strong>Att.</strong></span> <span class='ocrx_word' id='word_1_373' title='bbox 1212 2319 1249 2362; x_wconf 87' lang='lat' dir='ltr'>l,</span> <span class='ocrx_word' id='word_1_374' title='bbox 1266 2319 1314 2352; x_wconf 84' lang='lat'><strong>12</strong></span> <span class='ocrx_word' id='word_1_375' title='bbox 1339 2316 1476 2366; x_wconf 84' lang='lat' dir='ltr'><strong>scripta</strong></span> 
     </span>
     <span class='ocr_line' id='line_1_37' title="bbox 30 2372 1477 2425; baseline 0.003 -14"><span class='ocrx_word' id='word_1_376' title='bbox 30 2372 116 2412; x_wconf 76' lang='lat' dir='ltr'><strong>Kal.</strong></span> <span class='ocrx_word' id='word_1_377' title='bbox 143 2376 234 2421; x_wconf 69' lang='lat' dir='ltr'><strong>Ian„</strong></span> <span class='ocrx_word' id='word_1_378' title='bbox 270 2389 360 2425; x_wconf 89' lang='lat' dir='ltr'><strong>nec,</strong></span> <span class='ocrx_word' id='word_1_379' title='bbox 396 2384 436 2413; x_wconf 91' lang='lat' dir='ltr'><strong>ut</strong></span> <span class='ocrx_word' id='word_1_380' title='bbox 461 2377 629 2424; x_wconf 82' lang='lat' dir='ltr'><strong>uidetur,</strong></span> <span class='ocrx_word' id='word_1_381' title='bbox 655 2376 702 2414; x_wconf 91' lang='lat' dir='ltr'><strong>de</strong></span> <span class='ocrx_word' id='word_1_382' title='bbox 727 2378 836 2414; x_wconf 84' lang='lat' dir='ltr'><strong>rebus</strong></span> <span class='ocrx_word' id='word_1_383' title='bbox 867 2375 1112 2414; x_wconf 75' lang='lat' dir='ltr'><strong>semestrihus.</strong></span> <span class='ocrx_word' id='word_1_384' title='bbox 1165 2375 1222 2412; x_wconf 83' lang='lat' dir='ltr'><strong>Ad</strong></span> <span class='ocrx_word' id='word_1_385' title='bbox 1257 2376 1366 2414; x_wconf 77' lang='lat' dir='ltr'><strong>serias</strong></span> <span class='ocrx_word' id='word_1_386' title='bbox 1397 2378 1477 2415; x_wconf 82' lang='lat' dir='ltr'><strong>illas</strong></span> 
     </span>
     <span class='ocr_line' id='line_1_38' title="bbox 30 2431 1475 2489; baseline 0.001 -16"><span class='ocrx_word' id='word_1_387' title='bbox 30 2446 118 2473; x_wconf 86' lang='lat' dir='ltr'><strong>num</strong></span> <span class='ocrx_word' id='word_1_388' title='bbox 144 2436 376 2475; x_wconf 82' lang='lat' dir='ltr'><strong>referendum</strong></span> <span class='ocrx_word' id='word_1_389' title='bbox 395 2439 455 2486; x_wconf 87' lang='lat' dir='ltr'><strong>sit,</strong></span> <span class='ocrx_word' id='word_1_390' title='bbox 481 2438 578 2489; x_wconf 87' lang='lat' dir='ltr'><strong>quod</strong></span> <span class='ocrx_word' id='word_1_391' title='bbox 596 2437 719 2487; x_wconf 82' lang='lat' dir='ltr'><strong>Lydus</strong></span> <span class='ocrx_word' id='word_1_392' title='bbox 739 2440 778 2485; x_wconf 86' lang='lat'>4,</span> <span class='ocrx_word' id='word_1_393' title='bbox 791 2439 855 2486; x_wconf 85' lang='lat'>52,</span> <span class='ocrx_word' id='word_1_394' title='bbox 883 2450 921 2488; x_wconf 87' lang='lat' dir='ltr'><strong>p.</strong></span> <span class='ocrx_word' id='word_1_395' title='bbox 936 2439 1009 2473; x_wconf 83' lang='lat'><strong>238</strong></span> <span class='ocrx_word' id='word_1_396' title='bbox 1024 2438 1094 2474; x_wconf 70' lang='lat' dir='ltr'><strong>aitx</strong></span> <span class='ocrx_word' id='word_1_397' title='bbox 1119 2431 1258 2486; x_wconf 77' lang='grc' dir='ltr'><strong>πρώτη,</strong></span> <span class='ocrx_word' id='word_1_398' title='bbox 1285 2434 1330 2475; x_wconf 77' lang='grc' dir='ltr'><strong>δὲ</strong></span> <span class='ocrx_word' id='word_1_399' title='bbox 1355 2432 1475 2488; x_wconf 71' lang='grc' dir='ltr'><em>ἑορτὴ</em></span> 
     </span>
     <span class='ocr_line' id='line_1_39' title="bbox 30 2494 1475 2550; baseline 0.003 -18"><span class='ocrx_word' id='word_1_400' title='bbox 30 2496 104 2534; x_wconf 82' lang='grc' dir='ltr'><strong>τοῦ</strong></span> <span class='ocrx_word' id='word_1_401' title='bbox 122 2496 266 2536; x_wconf 73' lang='grc' dir='ltr'><strong>Μαῖῦυ</strong></span> <span class='ocrx_word' id='word_1_402' title='bbox 282 2496 394 2550; x_wconf 73' lang='grc' dir='ltr'><strong>παρὰ</strong></span> <span class='ocrx_word' id='word_1_403' title='bbox 410 2494 623 2549; x_wconf 83' lang='grc' dir='ltr'><strong><em>Ῥωμαίοις</em></strong></span> <span class='ocrx_word' id='word_1_404' title='bbox 643 2495 685 2536; x_wconf 81' lang='grc' dir='ltr'><strong>αἶ</strong></span> <span class='ocrx_word' id='word_1_405' title='bbox 707 2497 796 2550; x_wconf 73' lang='grc' dir='ltr'><strong>περὶ</strong></span> <span class='ocrx_word' id='word_1_406' title='bbox 823 2499 997 2546; x_wconf 77' lang='grc' dir='ltr'>σεισμῶν</span> <span class='ocrx_word' id='word_1_407' title='bbox 1024 2494 1180 2544; x_wconf 70' lang='lat' dir='ltr'><strong>tumim,</strong></span> <span class='ocrx_word' id='word_1_408' title='bbox 1206 2499 1340 2537; x_wconf 86' lang='lat' dir='ltr'><strong>nescio.</strong></span> <span class='ocrx_word' id='word_1_409' title='bbox 1378 2501 1475 2537; x_wconf 87' lang='lat' dir='ltr'><strong>Ter·</strong></span> 
     </span>
     <span class='ocr_line' id='line_1_40' title="bbox 31 2559 1474 2614; baseline 0.001 -20"><span class='ocrx_word' id='word_1_410' title='bbox 31 2568 112 2595; x_wconf 79' lang='lat' dir='ltr'><strong>ram</strong></span> <span class='ocrx_word' id='word_1_411' title='bbox 135 2570 180 2597; x_wconf 89' lang='lat' dir='ltr'><strong>eo</strong></span> <span class='ocrx_word' id='word_1_412' title='bbox 205 2572 330 2599; x_wconf 86' lang='lat' dir='ltr'><strong>mense</strong></span> <span class='ocrx_word' id='word_1_413' title='bbox 354 2563 578 2614; x_wconf 86' lang='lat' dir='ltr'><strong>potissimum</strong></span> <span class='ocrx_word' id='word_1_414' title='bbox 604 2572 754 2599; x_wconf 85' lang='lat' dir='ltr'><strong>mouere</strong></span> <span class='ocrx_word' id='word_1_415' title='bbox 779 2561 878 2598; x_wconf 87' lang='lat' dir='ltr'><strong>idem</strong></span> <span class='ocrx_word' id='word_1_416' title='bbox 903 2560 1029 2608; x_wconf 83' lang='lat' dir='ltr'><strong>Lydus</strong></span> <span class='ocrx_word' id='word_1_417' title='bbox 1054 2559 1100 2597; x_wconf 88' lang='lat' dir='ltr'><strong>de</strong></span> <span class='ocrx_word' id='word_1_418' title='bbox 1126 2567 1258 2597; x_wconf 90' lang='lat' dir='ltr'><strong>ostent.</strong></span> <span class='ocrx_word' id='word_1_419' title='bbox 1284 2572 1317 2598; x_wconf 87' lang='lat' dir='ltr'><strong>c.</strong></span> <span class='ocrx_word' id='word_1_420' title='bbox 1344 2563 1391 2597; x_wconf 84' lang='lat'><strong>18</strong></span> <span class='ocrx_word' id='word_1_421' title='bbox 1417 2560 1474 2597; x_wconf 81' lang='lat' dir='ltr'><strong>as-</strong></span> 
     </span>
     <span class='ocr_line' id='line_1_41' title="bbox 33 2617 1472 2671; baseline 0.002 -16"><span class='ocrx_word' id='word_1_422' title='bbox 33 2617 173 2658; x_wconf 81' lang='lat' dir='ltr'><strong>firmat:</strong></span> <span class='ocrx_word' id='word_1_423' title='bbox 205 2634 270 2659; x_wconf 86' lang='lat' dir='ltr'><strong>cur</strong></span> <span class='ocrx_word' id='word_1_424' title='bbox 291 2624 340 2660; x_wconf 87' lang='lat' dir='ltr'><strong>ob</strong></span> <span class='ocrx_word' id='word_1_425' title='bbox 365 2635 445 2660; x_wconf 86' lang='lat' dir='ltr'><strong>eam</strong></span> <span class='ocrx_word' id='word_1_426' title='bbox 471 2636 548 2661; x_wconf 88' lang='lat' dir='ltr'><strong>rem</strong></span> <span class='ocrx_word' id='word_1_427' title='bbox 573 2624 725 2660; x_wconf 84' lang='lat' dir='ltr'><strong>Faunae</strong></span> <span class='ocrx_word' id='word_1_428' title='bbox 751 2623 912 2669; x_wconf 78' lang='lat' dir='ltr'><strong>Fatuae,</strong></span> <span class='ocrx_word' id='word_1_429' title='bbox 946 2633 1040 2671; x_wconf 84' lang='lat' dir='ltr'><strong>quae</strong></span> <span class='ocrx_word' id='word_1_430' title='bbox 1066 2634 1088 2668; x_wconf 81' lang='lat' dir='ltr'><strong>a</strong></span> <span class='ocrx_word' id='word_1_431' title='bbox 1112 2621 1314 2659; x_wconf 85' lang='lat' dir='ltr'><strong>fatiscendo</strong></span> <span class='ocrx_word' id='word_1_432' title='bbox 1339 2634 1472 2659; x_wconf 88' lang='lat' dir='ltr'><strong>nomen</strong></span> 
     </span>
     <span class='ocr_line' id='line_1_42' title="bbox 27 2678 1477 2734; baseline 0 -15"><span class='ocrx_word' id='word_1_433' title='bbox 27 2678 196 2730; x_wconf 75' lang='lat' dir='ltr'><strong>haberet,</strong></span> <span class='ocrx_word' id='word_1_434' title='bbox 221 2684 462 2723; x_wconf 78' lang='lat' dir='ltr'><strong>sacrificatum</strong></span> <span class='ocrx_word' id='word_1_435' title='bbox 487 2685 549 2734; x_wconf 89' lang='lat' dir='ltr'><strong>sit,</strong></span> <span class='ocrx_word' id='word_1_436' title='bbox 576 2684 790 2723; x_wconf 79' lang='lat' dir='ltr'><strong>Clausenius</strong></span> <span class='ocrx_word' id='word_1_437' title='bbox 815 2685 908 2722; x_wconf 74' lang='lat' dir='ltr'><strong>inter</strong></span> <span class='ocrx_word' id='word_1_438' title='bbox 937 2689 991 2720; x_wconf 84' lang='lat' dir='ltr'><strong>tot</strong></span> <span class='ocrx_word' id='word_1_439' title='bbox 1009 2683 1322 2734; x_wconf 83' lang='lat' dir='ltr'><strong>philosophemata</strong></span> <span class='ocrx_word' id='word_1_440' title='bbox 1341 2696 1378 2734; x_wconf 87' lang='lat' dir='ltr'><strong>p.</strong></span> <span class='ocrx_word' id='word_1_441' title='bbox 1396 2684 1477 2720; x_wconf 82' lang='lat'>850·</span> 
     </span>
    </p>
   </div>
  </div>
 </body>
</html>
