1685 2954
719 92 874 124 canus
1416 89 1523 121 cem

72 197 296 247 interpretor
328 196 470 235 illorum
497 191 609 230 fuisse
634 190 917 243 disputationem
950 190 998 229 de
1029 192 1148 230 oacrio
1173 189 1338 240 Pelasyis
1363 189 1522 229 Ouidia-

69 269 155 297 nam
183 262 221 303 2,
249 261 323 296 279
348 264 386 295 et
411 255 670 303 Dionysianam
699 258 737 302 1,
765 256 830 301 32,
858 256 920 290 33.
971 253 1126 290 Videtur
1157 253 1304 296 subesse
1336 253 1522 291 nominum

70 321 192 357 Fauni
225 327 263 357 et
295 319 413 357 Panis
448 317 686 366 comparatio.
755 315 951 363 Dionysius
987 314 1026 361 5,
1054 316 1124 351 16:
1166 313 1238 351 τοῦ
1271 310 1522 364 καλουμένου

76 377 265 419 Φαύνου·
294 374 423 430 τούτῳ
449 373 527 428 γὰρ
554 372 797 414 ἀνατιθέασι
824 375 881 428 τῷ
905 372 1066 424 δαίμονι
1081 368 1271 423 Ῥωμαῖοι
1298 371 1349 413 τὰ
1374 369 1524 413 πανικοί

73 451 166 481 caet.
219 442 295 480 Csr.
323 440 397 480 Ου.
412 444 451 488 2,
467 442 556 487 283,
573 441 662 476 284.
714 438 885 488 Virgilius
912 438 1004 473 Aen.
1029 439 1065 481 8,
1087 438 1179 474 344:
1206 437 1389 486 Lupercal
1419 440 1522 475 Par-

72 505 200 543 rhosi«)
225 504 356 542 dictum
382 505 507 540 Panos
533 500 576 538 de
600 513 698 539 more
723 501 874 547 Lycaei,
902 499 962 535 ubi
989 498 1160 535 Seruius:
1188 497 1303 536 locum
1329 512 1406 537 csse
1430 498 1525 537 huno

72 571 259 604 sacratum
282 566 382 602 Pani
406 563 472 602 deo
498 563 704 611 Arcadiae,
737 565 795 600 cui
828 564 939 599 etiam
972 572 1076 598 mons
1100 562 1271 606 Lycaeus
1293 563 1334 598 in
1361 560 1527 598 Arcadio

74 632 128 664 est
153 631 399 664 consecratus:
425 631 459 663 et
484 625 602 663 dactus
620 627 788 673 Lycaeus
809 623 903 674 quod
930 622 1034 672 lupos
1058 634 1130 659 ozon
1151 624 1250 659 sinat
1273 623 1314 659 in
1339 633 1425 659 oues
1440 633 1528 659 sae-

73 689 163 725 nire.
203 687 282 724 Csr.
311 689 464 737 August.
482 700 514 724 c.
535 687 573 724 d.
601 690 663 735 18,
679 689 740 735 17,
767 688 926 736 interpp.
954 685 1039 722 Maii
1066 683 1113 720 ad
1140 695 1197 733 ge.
1216 687 1255 731 3,
1270 687 1306 719 2.
1344 682 1412 718 Est
1437 683 1529 719 Cas-

73 749 115 785 sii
143 749 320 787 Heminae
347 756 383 786 et
411 750 525 787 Cincii
560 750 621 786 illa
655 750 863 786 coniectura
900 745 1174 783 accommodata
1200 743 1357 794 pressius
1383 742 1430 780 ad
1455 743 1528 780 Pa-

74 810 226 847 latinum
263 817 423 849 montem
457 812 504 848 ab
530 810 707 847 Euandro
742 811 931 847 insessum.
983 807 1144 844 Monebo
1178 806 1256 854 hic,
1289 804 1387 855 quod
1418 816 1530 855 supra

76 884 117 923 p.
136 884 238 909 cxxv
266 879 430 910 notatum
458 873 633 922 oportuit,
660 872 860 909 secundum
888 870 969 907 illos
997 875 1163 906 auctores
1188 866 1286 916 quod
1310 865 1463 904 Ouidius
1488 870 1530 915 2,

76 935 152 970 280
178 933 301 971 habet·
320 934 368 971 de
394 935 538 971 flamine
564 934 659 970 Diali
694 933 845 969 relatum
874 931 990 967 uideri
1015 929 1064 966 ad
1088 929 1214 966 Iouem
1240 928 1440 978 Lycaeum,
1467 928 1530 979 qui

78 1007 161 1031 cum
186 994 289 1033 Pane
315 996 434 1033 cultus
461 1003 515 1033 est
541 996 586 1032 ab
614 992 836 1040 Arcadibus,
869 992 1027 1029 Pausan.
1055 993 1095 1039 8,
1124 994 1185 1039 30,
1214 995 1251 1028 2.
1303 991 1360 1027 Ex
1386 990 1532 1039 Hygino

77 1056 242 1094 fortassis
268 1058 376 1095 Seru.
400 1057 447 1094 ad
466 1059 557 1095 Aen.
576 1058 615 1103 6,
635 1057 729 1092 776:
756 1056 857 1101 Iuni,
885 1054 924 1091 id
949 1058 1002 1091 est
1024 1056 1152 1091 Panos
1170 1075 1238 1090 —-.
1266 1056 1385 1090 Inuus
1410 1058 1531 1090 autem

79 1118 194 1155 iatine
213 1117 431 1168 appellatur,
455 1129 584 1165 ²qraece
606 1114 718 1164 Πᾶν,
743 1117 829 1153 item
849 1112 1069 1165 Ἐφιάλτης
1091 1127 1228 1164 ⁸mucce,
1253 1114 1366 1152 latine
1385 1114 1533 1159 Incubo,

78 1178 172 1216 idem
205 1182 371 1218 Faunus.
431 1179 510 1216 Csr.
536 1177 674 1216 Placidi
699 1178 810 1227 gloss.
838 1190 875 1227 p.
901 1179 978 1214 249
1002 1178 1056 1214 Μ.
1108 1178 1276 1226 Denique
1308 1189 1404 1227 quae
1434 1177 1534 1214 simi-

79 1239 127 1276 lia
153 1239 347 1277 traduntur
380 1239 428 1277 de
463 1247 621 1291 utroque
655 1239 826 1287 numine,
854 1240 1002 1289 collegit
1031 1240 1248 1276 Clausenius
1283 1252 1321 1289 p.
1351 1239 1447 1275 1141
1474 1250 1532 1288 sq.

80 1311 166 1339 ann.
193 1303 425 1348 2307a-e,
452 1315 521 1340 nec
547 1303 712 1351 dubitat,
739 1303 826 1353 quin
853 1313 984 1352 reapse
1010 1307 1165 1351 cognata
1190 1300 1275 1348 sint,
1301 1299 1380 1337 sere
1405 1312 1536 1350 quem-

81 1361 278 1400 admodum
304 1365 466 1413 grauiter
489 1364 710 1402 Niebuhrius
736 1364 775 1402 h.
793 1364 867 1401 Ro.
886 1367 922 1408 1,
947 1375 986 1413 p.
1002 1364 1072 1400 97:
1099 1374 1174 1400 wer
1197 1373 1343 1411 vermay
1369 1361 1438 1399 das
1462 1364 1537 1399 Pe-

81 1423 260 1475 lasyische
284 1428 434 1476 Princip
460 1428 500 1464 in
525 1428 642 1464 seiner
671 1425 929 1466 Wirksamkeit
960 1437 1010 1462 zu
1035 1422 1238 1463 ermessen?
1272 1424 1339 1461 cfr.
1366 1424 1536 1465 Mueller.

82 1486 164 1525 Etr.
190 1491 231 1536 2,
259 1501 297 1538 p.
317 1487 380 1525 63.
434 1489 573 1528 Verum
609 1501 702 1539 quos
738 1487 865 1526 doctos
901 1487 1066 1524 homines
1100 1487 1288 1523 Romanos
1322 1485 1538 1523 Clausenius

84 1560 170 1586 ann.
199 1551 321 1587 1592a
346 1550 556 1601 Lupercum
588 1550 799 1589 disiunxisse
834 1562 857 1587 a
882 1549 1013 1585 Fauno
1034 1549 1233 1596 existimet,
1270 1560 1343 1585 non
1369 1548 1538 1586 inuenioz

87 1610 315 1649 coniunxisse
340 1613 460 1661 potius
487 1612 749 1650 demonstraui.
801 1611 997 1649 Caeterum
1023 1624 1096 1648 non
1122 1611 1330 1661 negauerim
1358 1621 1540 1660 gramma-

88 1671 179 1708 ticos
203 1684 293 1709 uera
320 1680 465 1713 secutos
491 1686 571 1712 esse
597 1674 831 1725 quantumuis
865 1673 912 1711 de
945 1673 1131 1711 neminum
1157 1674 1394 1711 translatione
1420 1672 1542 1709 mani-

87 1732 184 1770 festo
209 1733 303 1770 salsa
328 1735 553 1784 inuenerint3
588 1747 663 1772 non
696 1735 946 1773 contenderim
974 1741 1102 1785 poetas
1127 1736 1263 1785 primos
1288 1735 1540 1772 Romanorum

90 1795 213 1831 omnia
239 1795 497 1844 introduxisse,
525 1808 620 1846 quae
645 1797 682 1833 in
708 1797 750 1833 iis
776 1797 983 1833 numinibus
1009 1797 1237 1833 Graecorum
1263 1795 1540 1846 superstitiones

89 1856 268 1905 referunt,
295 1857 397 1894 uelut
422 1863 476 1893 est
502 1857 652 1907 pluralis
678 1869 851 1894 numerus
879 1860 1102 1903 Faunorum,
1129 1870 1238 1908 quem
1264 1857 1363 1908 apud
1383 1857 1542 1894 Ennium

92 1918 241 1956 eludere
271 1919 546 1968 interpretando
573 1919 684 1956 uellet
711 1920 829 1956 Varro
859 1919 906 1955 de
932 1919 956 1955 l.
984 1919 1010 1955 l.
1037 1921 1077 1966 7,
1095 1923 1159 1968 36,
1194 1920 1260 1958 cfr.
1290 1919 1365 1958 ou.
1394 1923 1430 1968 l,
1450 1920 1541 1968 397,

91 1979 250 2019 Pausan.
277 1983 316 2029 8,
334 1983 398 2029 37,
417 1985 459 2017 2:
487 1976 645 2031 νύμφαι
664 1977 730 2017 καὶ
745 1978 895 2029 Πᾶνες,
922 1987 959 2018 et
978 1981 1134 2019 fortasse
1153 1982 1390 2033 capripedalis
1407 1981 1542 2029 forma,

92 2044 122 2080 si
148 2043 258 2080 modo
284 2049 359 2080 tam
388 2049 532 2080 uetusta
559 2049 634 2089 est;
669 2042 826 2092 denique
854 2043 962 2080 facile
989 2043 1217 2080 Graecorum
1245 2045 1545 2094 interpretatione

93 2117 189 2142 unus
208 2105 287 2142 Pan
313 2105 434 2142 multis
460 2105 633 2143 Italorum
659 2098 917 2142 deis'suffecit.
960 2104 1036 2141 Sed
1055 2105 1276 2154 Lupercum,
1302 2106 1446 2153 Inuum,
1473 2105 1547 2143 Sil·

28 2155 35 2161 ¹
95 2179 231 2203 uanum
260 2179 406 2216 quoque
433 2167 517 2204 olim
544 2167 690 2204 nomine
716 2173 821 2203 tenus
848 2166 1010 2203 diuersos
1034 2166 1146 2204 fuisse
1172 2179 1194 2204 a
1213 2168 1342 2204 Fauno
1367 2169 1454 2205 satis
1479 2172 1547 2216 est,

95 2233 137 2265 ut
162 2228 228 2266 toti
254 2227 388 2265 diuersi
414 2228 562 2274 suerint,
589 2228 709 2265 donec
735 2229 946 2279 probauerit
973 2229 1053 2279 quis
1079 2235 1143 2265 aut
1169 2229 1229 2265 illa
1255 2242 1295 2266 re
1323 2241 1409 2266 uera
1436 2229 1548 2266 fuisse

97 2290 326 2339 cognomina,
355 2290 455 2327 uelut
482 2290 590 2328 Fatui
616 2291 915 2340 appellationem,
942 2303 1036 2341 quae
1062 2297 1183 2328 tamen
1211 2292 1270 2328 uix
1296 2292 1375 2342 ipsa
1400 2302 1549 2341 separa·

96 2351 160 2390 tim
187 2365 252 2388 usu
281 2353 399 2397 uenit,
431 2358 496 2389 aut
522 2365 566 2391 ex
594 2353 667 2389 ullo
695 2352 946 2390 Romanorum
974 2353 1119 2390 numine
1145 2354 1291 2403 publica
1318 2354 1549 2400 auctoritate,

98 2424 172 2450 non
199 2413 338 2463 uulgari
365 2426 504 2462 errore,
533 2421 571 2451 ut
597 2414 634 2451 in
660 2414 782 2451 Sanco
810 2413 993 2452 Ouidiano
1020 2416 1059 2463 6,
1079 2418 1154 2451 213
1175 2428 1245 2466 sq„
1271 2417 1377 2466 plura
1402 2415 1550 2452 numina

101 2486 180 2512 esse
202 2475 314 2513 facta.
366 2475 425 2512 Ex
452 2475 618 2526 pluribus
647 2488 758 2512 unum
784 2488 897 2526 saepe
923 2483 979 2513 cst
1005 2476 1225 2525 conflatum,
1260 2479 1310 2514 uti
1346 2478 1438 2515 libro
1463 2475 1550 2513 XVI

102 2535 218 2584 leges:
258 2536 357 2587 quod
395 2543 517 2573 tamen
551 2538 587 2574 in
622 2537 753 2574 Fauno
789 2538 885 2577 solos
920 2540 1175 2587 grammaticos
1206 2538 1334 2576 secisse
1371 2539 1547 2576 existimo.

103 2595 338 2636 Memorabile
372 2599 580 2649 exemplum
606 2600 789 2636 substituti
826 2613 894 2650 pro
920 2600 1045 2636 Sileno
1072 2599 1189 2637 Fauni
1223 2600 1257 2637 in
1294 2614 1404 2637 numo
1430 2600 1549 2636 Iunio-

105 2669 184 2696 rum
211 2658 415 2699 Silanorum
441 2660 595 2711 protulit
621 2661 834 2699 Clausenius
861 2674 898 2712 p.
918 2663 1034 2707 1146,
1067 2662 1371 2713 quemadmodum
1398 2660 1551 2700 Ouidius
