1718 2998
0 234 21 315 ξ

671 116 724 143 ΑΒ
756 115 952 144 AVGVSTO
1508 119 1537 145 V

92 224 223 258 «carto
250 218 377 268 quouis
402 227 497 251 anuo
524 226 605 251 esse
638 215 949 265 intercalandum,
984 228 1178 267 perperam
1205 221 1394 266 acceptum
1420 215 1541 253 suerat

140 279 280 330 Lepido
306 279 341 315 in
367 289 449 314 eum
475 276 647 324 modum,
675 288 783 326 quem
810 277 847 312 in
874 278 1023 314 modum
1044 278 1141 328 apud
1169 278 1355 315 Romanos
1382 279 1540 315 Sarma-

107 355 144 380 es
164 342 278 380 cibum
297 351 421 389 capere
441 337 562 375 diebus
582 340 711 385 tertiis,
737 338 854 376 medio
873 339 1065 386 abstinere,
1091 339 1206 386 febris
1233 344 1414 389 quartana
1433 337 1541 377 biduo

88 402 336 445 otton-uallari,
370 400 622 437 trinu-adinum
651 399 900 450 septendecim
932 400 1072 437 dierum
1100 413 1178 437 esse
1209 401 1419 450 dIcebatur,
1456 401 1540 438 uide

87 464 250 503 Mam-ob.
285 463 355 499 loc.
392 462 483 510 ind„
522 464 703 512 Augustus
738 460 894 498 sortasse
929 475 995 499 suo
1031 463 1066 499 in
1107 461 1224 498 edicto
1261 465 1381 513 posuit
1416 465 1540 513 quinto

89 527 214 578 quouis
235 537 346 572 anne,
374 537 446 573 quo
472 525 603 560 rectius
630 524 772 560 triennii
793 524 1022 560 interstitium
1042 530 1264 570 seruaretur,
1292 525 1390 575 quod
1411 524 1540 563 deinde

87 599 151 626 suo
178 586 236 623 uel
263 587 355 633 iure,
385 586 443 622 uel
469 598 570 623 more
597 585 689 632 (uid.
718 589 757 633 2,
785 587 859 621 686
888 585 934 622 de
961 586 1011 622 VI
1037 584 1117 632 ΚΡ,
1145 587 1183 633 6,
1213 589 1287 625 247
1315 586 1360 623 de
1387 585 1442 623 Vl
1469 587 1540 633 ld.‚

85 650 125 696 6,
141 648 216 685 795
242 647 290 685 de
316 647 447 684 111K1’
468 647 553 694 lul.)
579 647 776 685 reddiderit
803 647 904 684 Naso
931 649 969 684 in
994 647 1162 685 lustrum.
1205 646 1300 683 Nam
1328 660 1374 684 ne
1401 660 1540 686 errasse

84 721 168 746 eum
194 710 390 757 contrario,
418 716 528 759 atque
555 710 639 747 olim
660 709 840 760 Lepidum
861 709 968 746 modo
989 716 1173 761 putemuS‚
1201 709 1262 757 qui
1290 708 1451 745 fortassis
1471 710 1539 747 ista

83 771 266 821 scripserit
291 783 372 807 cum
400 770 594 808 duodecim
621 772 722 808 annis
749 772 1006 809 intercalatum
1033 783 1106 808 non
1134 777 1212 817 est,
1246 769 1334 806 facit
1361 783 1454 807 unus
1479 772 1539 808 uel

87 833 177 870 ‘'ter
198 831 353 870 idoneae
377 834 506 870 aetatis
534 834 647 882 liber,
674 834 736 883 qui
764 845 860 870 uers.
889 835 962 871 163
987 838 1151 882 tempora
1175 835 1309 880 quarta
1335 838 1471 880 tuetur,
1500 839 1540 870 ut

119 894 218 931 ›rat-ii
243 895 364 944 potius
399 896 503 932 lustri
540 896 787 947 appellatione
818 895 963 944 decepti
999 896 1125 944 quinta
1160 899 1303 932 maturo
1335 895 1540 946 reposuisse

82 955 289 994 uideantur.

184 1017 266 1055 Iam
292 1018 438 1068 quando
465 1019 687 1057 intellectum
715 1025 770 1057 est
795 1019 843 1057 ab
863 1017 998 1057 Ouidio
1020 1018 1138 1055 aliena
1165 1031 1239 1055 non
1265 1030 1344 1056 esse
1371 1031 1467 1070 quae
1491 1019 1539 1058 de

82 1080 234 1130 Augusti
255 1079 433 1116 fastorum
453 1080 680 1119 ordinatione
700 1081 1075 1128 commemorauimus,
1095 1081 1357 1119 immorandum
1380 1088 1435 1119 est
1454 1082 1540 1119 huic

80 1141 283 1193 quaestioni
309 1147 346 1179 et
370 1141 418 1179 de
450 1142 493 1179 iis
522 1145 724 1182 accuratius
761 1142 1102 1193 introepiciendum,
1136 1155 1231 1193 quae
1266 1156 1376 1194 quam
1403 1144 1475 1180 uim
1500 1145 1538 1181 in

78 1203 258 1241 fastorum
283 1203 496 1241 mutandam
533 1205 689 1242 formam
723 1205 940 1252 habuerint,
976 1204 1096 1241 adhuc
1130 1206 1329 1255 ignoratur.
1381 1206 1539 1255 Reliqua

80 1265 167 1302 satis
193 1266 388 1316 perspicua
423 1274 507 1304 sunt
540 1267 640 1319 apud
666 1268 766 1318 ipsos
790 1267 1005 1317 scriptores,
1042 1280 1197 1317 quorum
1233 1267 1333 1304 locos
1366 1266 1536 1315 indicaui,

76 1332 225 1378 praeter
251 1339 316 1376 ea,
351 1340 447 1379 quae
472 1336 603 1380 quarto
631 1336 668 1368 et
701 1335 804 1367 sexto
840 1329 922 1366 loco
948 1330 1078 1380 posui,
1114 1329 1161 1366 de
1187 1331 1316 1380 quibus
1344 1342 1427 1366 cum
1453 1341 1537 1366 sen-

77 1390 229 1426 tentiam
255 1388 401 1437 dixero,
437 1390 660 1428 satisfactum
687 1392 755 1428 erit
780 1390 864 1427 huic
891 1392 1095 1442 quaestioni
1128 1391 1175 1430 de
1200 1391 1301 1429 fastis
1328 1393 1374 1428 ab
1401 1391 1536 1429 Ouidio

76 1452 282 1502 usurpatis,
317 1451 383 1488 nisi
406 1451 504 1490 forte
528 1454 597 1490 ista
626 1454 888 1504 qualiscunque
914 1453 1042 1490 notitia
1076 1454 1171 1490 utilis
1199 1455 1266 1491 erit
1294 1454 1341 1491 ad
1368 1454 1536 1491 luculen-

75 1513 170 1551 tiora
196 1512 405 1551 adiumenta
431 1515 604 1553 eruenda.
649 1516 736 1552 Dies
762 1516 870 1565 igitur
896 1515 1068 1552 senatorii
1095 1529 1182 1553 num
1210 1517 1257 1554 ad
1283 1517 1397 1553 fastos
1428 1517 1534 1553 tabu-

74 1575 118 1612 lis
142 1575 363 1625 perscriptos
389 1577 645 1626 pertinuerint,
672 1585 794 1628 potest
820 1578 963 1628 quaeri,
993 1578 1050 1614 uel
1077 1577 1169 1615 adeo
1198 1579 1327 1616 debet:
1356 1592 1439 1615 nam
1465 1578 1536 1615 hoc

75 1636 216 1686 ipsum,
242 1638 273 1674 si
297 1639 420 1676 omissi
443 1639 579 1677 fuerint
603 1640 639 1676 in
666 1639 768 1676 fastis
795 1640 841 1676 ab
868 1640 1032 1689 Augusto
1062 1639 1260 1689 ordinatis,
1288 1641 1470 1690 singulare
1497 1641 1534 1678 in

74 1696 130 1734 his
153 1698 266 1736 fuisse
299 1705 445 1750 potest,
483 1714 566 1739 cum
601 1703 637 1739 in
675 1700 754 1740 aliis
781 1708 930 1749 extent,
967 1708 1004 1738 et
1039 1709 1159 1752 potest
1195 1703 1287 1739 hanc
1313 1705 1360 1740 ob
1388 1715 1535 1740 causam

77 1758 232 1796 Ouidius
256 1772 319 1796 eos
345 1761 422 1798 dies
448 1764 757 1812 praetermisisse,
785 1764 884 1813 quod
911 1764 1010 1800 fecit.
1064 1764 1241 1803 Poterant
1268 1766 1375 1802 etiam
1404 1766 1535 1813 omitti,

74 1821 105 1858 si
129 1827 205 1858 tam
230 1821 381 1871 simplici
407 1825 533 1871 regula
560 1826 855 1873 continebantur,
881 1827 932 1862 uti
960 1833 1014 1862 est
1041 1826 1140 1877 apud
1166 1827 1382 1864 Suetonium
1409 1839 1440 1865 c.
1459 1826 1530 1864 35:

73 1887 110 1920 et
132 1895 178 1920 ne
200 1882 284 1931 plus
310 1895 418 1931 quam
445 1883 501 1921 bis
532 1886 571 1921 in
603 1897 723 1922 mense
747 1884 927 1934 legitimus
952 1892 1103 1923 senatus
1129 1892 1314 1935 ageretur,
1349 1888 1532 1927 Kalendis

73 1949 109 1982 et
131 1944 274 1992 Idibus,
302 1945 448 1994 quicum
475 1946 560 1983 satis
588 1947 682 1984 bene
710 1949 906 1985 conuenire
932 1948 1076 1984 uidetur
1101 1949 1173 1985 Dio
1199 1949 1224 1984 Ι.
1252 1949 1349 1986 ind.:
1387 1945 1462 1994 τάς
1488 1962 1531 1987 τε

72 2006 148 2056 τῆς
184 2002 399 2057 γερουσίας
438 2002 560 2057 ἕδρας
596 2005 636 2044 ἓν
677 2003 820 2060 ῥηταῖς
856 2002 1026 2059 ἡμέραις
1061 2007 1273 2059 γίγνεσθαι
1314 2008 1528 2050 ἐκέλευσεν.

71 2064 210 2117 ἐπειδὴ
238 2064 314 2118 γὰρ
351 2063 469 2106 οὐδὲν
504 2064 701 2119 πρότερον
736 2066 915 2121 ᾀκριβῶς
949 2068 1037 2121 περὶ
1074 2068 1207 2109 αὐτῶν
1243 2068 1427 2111 ἐτέτακτο
1463 2071 1535 2112 καί

70 2141 177 2174 τινες
203 2125 272 2167 διὰ
299 2130 418 2167 τοῦτο
448 2126 642 2176 πολλάκις
668 2126 894 2182 ὑστέριζον,
930 2128 1087 2182 βουλὰς
1121 2130 1224 2171 κατὰ
1251 2135 1362 2185 μῆνα
1387 2134 1530 2185 κυρίας

70 2186 296 2240 ἀπέδειξεν,
343 2189 445 2231 ὥστε
483 2190 524 2238 ἐς
559 2189 687 2238 αὐτὰς
722 2190 944 2245 ἐπάναγκες
980 2190 1051 2240 οὕς
1085 2209 1127 2246 γε
1165 2190 1185 2233 ὃ
1224 2193 1350 2245 νόμος
1382 2194 1527 2248 ἐκάλει,

71 2256 319 2306 συμφοιτᾶν.
348 2254 414 2293 καὶ
442 2251 552 2301 ὅπως
577 2269 620 2307 γε
645 2252 747 2306 μηδ’
780 2252 882 2306 ἄλλη
908 2255 1090 2307 μηδεμία
1119 2259 1271 2307 σκῆψις
1297 2260 1371 2309 τῆς
1396 2256 1527 2298 ἄπου-

70 2313 163 2361 σίας
199 2311 339 2361 αὐτοῖς
371 2311 559 2369 ὑπάρχῃ,
599 2314 818 2368 προσέταξε
859 2314 964 2369 μήτε
1008 2316 1268 2371 δικαστήριον
1302 2316 1394 2370 μήτ’
1425 2318 1524 2359 ἄλλο

68 2375 197 2428 μηδὲν
224 2379 304 2416 τῶν
330 2376 618 2430 προσηκόντων
646 2379 785 2431 σφισὶν
821 2379 862 2418 ἓν
897 2377 1030 2432 ἐκείνῳ
1060 2382 1116 2435 τῷ
1143 2383 1271 2436 καιρῷ
1298 2382 1520 2434 γίγνεσθαι.

46 2442 190 2491 Satis,
215 2442 386 2493 inquam,
412 2435 632 2481 conueniu‘nt
657 2444 750 2481 haec
776 2457 857 2480 cum
884 2444 1074 2489 Suetonio,
1101 2458 1321 2497 quamquam
1348 2459 1421 2497 quo
1446 2459 1524 2484 ma·

69 2504 124 2555 gis
150 2504 384 2552 conueniant,
409 2503 533 2542 licebit
558 2507 681 2555 legere
705 2499 927 2556 ὑστέριζον,
951 2502 991 2554 β’
1018 2501 1188 2556 βουλάς,
1217 2509 1268 2545 uti
1294 2507 1424 2546 suadet
1450 2509 1523 2546 Ca-

69 2566 265 2604 saubonus.
311 2566 388 2604 Sed
414 2569 551 2616 nescio,
578 2582 663 2605 num
692 2569 771 2619 quis
797 2569 1093 2606 animaduerterit
1120 2566 1160 2606 ἐν
1188 2566 1320 2623 ἐκείνῳ
1348 2570 1405 2624 τῷ
1431 2583 1522 2608 και-

71 2626 130 2680 ρῷ
153 2640 262 2679 posse
285 2629 446 2675 indicare
464 2642 545 2667 eam
564 2630 634 2668 diei
654 2639 811 2682 partem,
838 2643 910 2681 qua
935 2631 991 2667 sas
1018 2640 1096 2668 erat
1122 2635 1317 2670 conuenire
1341 2639 1519 2670 senatum.

73 2684 224 2728 Ce'rtum
241 2691 335 2732 enim
363 2697 508 2744 tempus
529 2692 714 2732 definitum
740 2693 849 2732 fuisse
876 2701 962 2732 tunc
983 2695 1029 2733 ab
1048 2695 1223 2745 Augusto,
1248 2695 1357 2736 fidem
1381 2694 1522 2735 faciunt
