1685 2954
705 65 816 96 cvRA
845 65 975 98 PRIMA
1431 67 1562 102 CCLXX

120 165 305 204 Sacranas
328 163 402 202 dux
427 174 647 215 quamquam
672 163 742 202 dici
767 165 887 215 potuit
914 165 1086 204 Tiberius
1110 170 1263 218 propter
1291 166 1558 209 sacrosanctam

121 227 348 264 tribuniciam
373 230 606 277 potestatem,
632 224 704 262 Dio
729 226 793 275 53,
812 227 881 275 17;
907 225 972 275 55,
995 228 1034 276 9,
1057 230 1120 276 13,
1146 228 1206 266 uel
1232 234 1384 280 propter
1407 231 1558 280 Augusti

118 286 374 326 hereditarium
400 299 614 336 cognomen,
640 286 737 337 quod
759 287 942 337 quomodo
963 291 1129 337 gesserit,
1157 290 1241 327 uide
1260 292 1397 342 prolus.
1415 291 1462 328 ad
1480 292 1558 330 ibin

119 361 159 400 p.
179 352 253 387 403
279 356 316 388 et
340 348 589 397 inscriptiones
615 349 790 398 quasdam
822 347 922 399 apud
948 347 1066 385 Orell.
1092 362 1128 387 n.
1147 352 1222 388 687
1234 365 1316 404 sqq.
1341 357 1379 391 et
1402 352 1556 404 Foggin.

116 410 236 460 praef.
255 423 293 461 p.
309 422 354 457 x,
381 414 501 446 tamen
528 421 647 460 neque
670 409 846 459 homines,
872 421 992 459 neque
1016 409 1104 447 deos
1122 412 1274 449 multum
1293 414 1453 464 obligare
1470 427 1558 452 con-

114 472 258 519 sueuit,
288 470 383 508 circa
414 470 499 508 deos
528 475 563 508 et
592 471 781 520 religiones
805 470 1039 520 neyliyentior
1070 477 1162 511 teste
1187 472 1293 513 Suet.
1321 476 1407 514 Tib,
1435 488 1467 513 e.
1492 477 1556 515 69.

119 533 347 583 Templmnm
370 537 534 582 repostor
554 533 584 570 si
609 532 765 570 fortasse
784 533 962 583 appellari
982 533 1112 570 meruit
1137 541 1289 585 propter
1312 536 1422 574 aedes
1448 550 1558 587 quas-

113 592 199 631 dam
224 593 427 642 dedicatas,
461 607 551 645 quas
576 595 760 645 Augustus
787 600 980 645 coeperat,
1015 594 1092 632 uid.
1117 595 1228 635 Dion.
1253 596 1318 646 57,
1339 599 1403 645 10,
1430 599 1554 638 Tacit.

111 665 201 693 ann.
227 658 269 702 2,
286 656 350 703 49,
376 657 515 705 positor
538 669 612 694 non
638 657 731 705 fuit,
763 656 824 707 qui
848 657 1014 707 princeps
1037 669 1149 706 neque
1173 669 1284 707 opera
1307 657 1387 696 ulla
1410 661 1557 708 ma9ni-

111 713 184 764 fica
207 715 313 763 feeit:
337 729 425 754 nam
452 723 487 755 et
513 731 605 768 quae
621 719 704 757 sola
729 723 953 768 supererant,
979 718 1139 768 Auyusti
1162 718 1332 769 templum
1352 721 1555 758 restitutio-

110 789 259 827 nemque
290 780 504 829 Pompeiani
535 780 687 825 theatri,
720 779 931 830 imperfecta
961 784 1044 830 post
1075 784 1132 817 tot
1164 791 1282 817 annos
1312 778 1458 828 reliquit
1482 802 1554 830 —,

111 838 218 877 Suet.
244 840 331 878 Tib.
358 842 420 879 47.
473 842 520 879 At
546 843 750 892 Auyustum
781 842 972 879 Gaesarem
1006 840 1219 890 templorum
1244 843 1402 879 omnium
1427 841 1554 880 condi-0

110 904 226 939 torem
260 906 326 939 aut
358 905 600 941 restitutorem
625 905 731 941 etiam
757 902 882 939 Liuius
913 906 1101 950 nuncupat
1124 902 1165 948 4,
1183 903 1246 946 20,
1281 914 1349 939 nec
1382 915 1451 953 pro
1482 904 1554 941 alio

109 969 236 1001 uotum
260 964 338 1001 fieri
362 965 481 1015 potuit
506 965 553 1003 de
578 977 650 1002 non
671 962 858 1002 sentienda
877 967 1077 999 senectute.
1119 961 1260 999 Eadem
1278 963 1430 1014 Augusti
1448 971 1551 1015 pont.

110 1036 207 1063 max.
233 1026 362 1062 merita
387 1025 591 1063 iudicantur
614 1029 654 1074 3,
671 1027 746 1062 419
760 1037 853 1075 sqq„
880 1023 942 1074 qui
966 1022 1067 1060 locus
1092 1023 1130 1060 in
1155 1024 1255 1062 hunc
1281 1038 1426 1064 uersum
1451 1027 1552 1064 clau-

109 1085 228 1123 ditur:
306 1087 470 1124 Viuite
493 1089 757 1125 inextincti
782 1085 1004 1135 flammaque
1026 1084 1181 1136 dumque,
1205 1098 1343 1136 precor,

107 1151 187 1184 tum
202 1147 240 1193 4,
255 1149 348 1185 348:
373 1148 563 1197 Anyti-stus
586 1161 703 1187 mmo
727 1153 801 1194 est,
826 1153 864 1187 et
888 1149 929 1196 4,
948 1148 1025 1185 949
1039 1159 1139 1198 sqq.,
1165 1147 1228 1184 ubi
1252 1148 1299 1186 ad
1319 1149 1430 1190 Dion.
1446 1150 1550 1189 Cass.

106 1209 174 1259 ⁵5,
192 1211 239 1246 12
265 1208 540 1259 interpretanda
565 1210 736 1249 uidentur
760 1221 856 1261 quae
881 1208 992 1259 legis:

312 1270 477 1310 Phoebus
501 1272 609 1311 habet
631 1278 784 1324 partem,
814 1273 945 1309 Vestae
965 1282 1057 1322 pars
1082 1269 1204 1309 altera
1226 1271 1346 1320 cessit,

371 1334 476 1381 Quod
500 1340 662 1386 superest
685 1335 771 1380 illis,
796 1335 926 1372 tertius
948 1334 1027 1382 ipse
1049 1334 1221 1380 tenet.3j

104 1395 187 1434 Nec
210 1395 320 1446 longe
338 1395 461 1434 diflert
479 1396 578 1446 quod
596 1398 632 1442 6,
652 1396 865 1434 631-642
892 1394 940 1433 de
964 1394 1057 1433 aede
1082 1401 1120 1433 et
1145 1394 1288 1446 porticu
1312 1395 1350 1434 in
1375 1407 1461 1435 area
1480 1396 1548 1436 do-

105 1470 186 1496 mus
202 1457 309 1496 Vedii
324 1457 498 1495 Pollionis
518 1457 754 1495 exaedificata
778 1463 862 1508 post
887 1469 1023 1495 annum
1048 1458 1138 1506 739,
1164 1470 1239 1508 quo
1265 1458 1326 1496 ille
1350 1458 1450 1505 obiit,
1474 1459 1549 1497 Dio

105 1519 172 1568 54,
192 1523 257 1568 23,
284 1525 322 1558 et
346 1532 481 1557 annum
505 1520 602 1565 741,
636 1532 709 1570 quo
736 1531 883 1557 censum
908 1519 1035 1557 habuit
1058 1519 1264 1570 Augustus,
1296 1520 1368 1558 Dio
1391 1520 1459 1569 54,
1481 1522 1546 1559 26.

107 1580 225 1619 Venio
249 1579 296 1618 ad
322 1582 440 1618 locum
465 1580 505 1629 4,
522 1582 590 1618 192

335 1643 380 1679 Si
404 1654 478 1692 qua
503 1646 623 1680 tamen
648 1655 737 1693 pars
761 1649 796 1681 te
820 1643 863 1681 de
886 1643 1000 1691 fastis
1024 1649 1170 1693 tanyere
1195 1642 1305 1689 debet,

416 1705 605 1749 caesar,
630 1706 671 1741 in
694 1705 817 1755 Aprili
842 1705 935 1755 quod
959 1707 1110 1754 tuearis,
1136 1704 1260 1742 habes.

105 1763 164 1802 De
189 1764 409 1802 Germanico
435 1765 551 1814 accipi
575 1765 687 1802 solet:
722 1778 795 1803 non
820 1777 914 1815 nego
939 1766 1019 1803 fieri
1053 1778 1183 1817 posse,
1220 1765 1251 1803 si
1276 1765 1375 1803 solus
1398 1770 1544 1817 specte-

105 1833 181 1876 tur,
207 1838 301 1877 nego
327 1837 474 1864 necesse
499 1838 578 1864 esse
602 1826 635 1863 si
659 1826 866 1864 conferatur
891 1839 974 1864 cum
1000 1840 1036 1864 u.
1049 1828 1144 1865 124:

724 1911 775 1916 —
802 1892 845 1925 ut
868 1888 1001 1926 scilicet
1024 1888 1111 1927 olim

362 1953 529 2000 Maymts
552 1949 672 1988 Iuleos
702 1949 873 1987 Caesar
894 1949 1040 1989 haberet
1065 1961 1172 1989 auos.

23 2048 31 2063 ,Ἴ
102 2015 271 2062 Magnus
303 2011 439 2050 Caesar
468 2018 523 2050 est
546 2010 742 2062 Augustus'
755 2012 944 2062 princeps,
978 2018 1019 2049 ut
1050 2010 1149 2062 apud
1175 2009 1346 2062 Propert.
1371 2012 1411 2061 2,
1431 2011 1472 2059 7,
1491 2009 1539 2050 5:

101 2075 166 2124 qui
190 2075 227 2110 in
251 2073 472 2125 apostrophe
491 2087 527 2112 u.
547 2075 620 2111 119
647 2074 842 2125 incipiente
857 2086 930 2112 non
947 2079 1094 2125 poterat
1118 2073 1279 2111 inuocari
1303 2074 1396 2125 ipse.
1438 2071 1541 2112 Idem

99 2135 278 2173 indicatur
301 2138 338 2181 3,
365 2137 457 2173 157:

223 2199 312 2235 Non
336 2197 424 2235 haec
445 2197 507 2234 me
530 2196 617 2235 deus
640 2202 902 2248 tantaeque
923 2198 1209 2248 propaginis
1234 2200 1367 2236 auctor

305 2258 462 2298 Credidit
484 2258 618 2306 officiis
640 2272 716 2297 ωδε
739 2262 884 2298 minora
907 2262 997 2298 suis.

99 2320 142 2359 Si
165 2320 253 2360 deus
277 2327 333 2360 est
356 2322 473 2359 Diuus
499 2322 624 2371 lulius,
651 2334 739 2372 ergo
764 2323 824 2359 illa
851 2327 958 2360 tanta
981 2309 1159 2374 propayd
1173 2320 1240 2359 erit
1262 2319 1424 2358 nondum
1448 2332 1538 2359 con-

99 2389 258 2422 secratus
278 2384 473 2434 Augustus.
525 2384 653 2434 Itaque
678 2396 723 2421 ex
750 2384 804 2421 his
830 2385 928 2430 locis,
954 2398 1046 2435 quos
1063 2383 1173 2421 modo
1200 2383 1456 2432 recensuimus,
1480 2382 1538 2420 in-

101 2443 227 2494 telligis
252 2451 395 2496 partem
428 2459 500 2483 non
527 2446 692 2496 exiguam
718 2447 794 2484 cius
819 2446 919 2484 modi
943 2459 1045 2495 esse,
1080 2445 1205 2495 quales
1231 2450 1354 2482 extare
1379 2444 1538 2493 negabat

101 2502 329 2559 Burmannus
361 2506 408 2544 ad
440 2508 592 2545 tristium
617 2509 644 2545 l.
671 2507 745 2544 ind.
772 2521 809 2558 p.
827 2508 902 2545 544
927 2509 976 2544 ita
1003 2513 1202 2545 annotans:
1237 2518 1310 2544 non
1334 2504 1538 2544 uerosimile

102 2564 191 2603 mihi
213 2567 401 2607 uidebatur
431 2581 593 2619 umquam
618 2571 784 2620 Augusto
808 2569 991 2608 dedicasse
1015 2568 1157 2617 fastos,
1188 2569 1275 2618 qwia
1297 2567 1438 2607 nullam
1460 2568 1539 2616 eius

100 2628 154 2665 rei
177 2630 364 2679 uestigium
386 2637 541 2684 apparet
570 2637 606 2671 et
638 2644 823 2683 nunquam
857 2631 907 2671 ad
930 2632 1136 2683 Angustwm
1160 2632 1362 2671 orationem
1383 2628 1537 2679 dirigat,
