1685 2954
93 62 95 64 ’
146 59 228 102 296
665 47 669 53 ’
714 76 1015 107 ras‘ronvm

201 175 389 227 Martius,
418 175 561 228 inquit,
589 175 679 230 agit
708 177 779 217 tali
805 190 898 218 mea
927 179 1089 220 nomine
1117 180 1239 234 festa,

258 243 418 296 Estque
446 244 522 283 sub
551 244 731 284 inuentis
760 245 868 285 haec
897 258 1059 300 quoque
1089 249 1207 288 turba
1237 248 1355 290 meis.
1507 256 1588 293 690

199 310 335 350 Prima
365 311 568 350 terebrato
598 324 672 363 per
699 324 788 351 rara
817 312 1011 352 foramina
1039 313 1149 353 buxo

259 377 321 417 Vt
349 377 478 430 daret,
510 378 644 430 effeci,
673 378 772 417 tibia
802 379 928 433 longa
956 392 1094 420 sonos.

202 444 299 484 Vox
326 446 493 498 placuit.
533 446 680 486 faciem
709 445 871 498 liquidis
901 448 1171 489 referentibus
1200 449 1320 489 undis

257 510 356 552 Vidi
384 512 589 566 uirgineas
618 512 863 554 intumuisse
893 527 1041 568 genas.

203 580 284 619 Ars
311 579 408 619 mihi
436 593 516 619 non
546 581 648 621 tanti
675 587 753 621 est.
791 583 934 622 ualeas
962 596 1055 622 mea
1084 584 1206 635 tibia„
1223 584 1319 625 dixi.
1356 600 1361 604 ·
1508 590 1586 626 695

258 648 428 699 Excipit
456 648 659 687 abiectam
690 646 850 698 cespite
880 650 966 700 ripa
995 660 1084 688 suo,

202 715 415 754 Inuentam
443 716 621 769 Satyrus
649 715 819 765 primum
848 713 1024 754 miratur.
1064 721 1108 755 et
1135 729 1255 757 usum

256 782 417 834 Nescit,
447 789 489 822 et
516 782 697 821 inflatam
726 779 861 821 sensit
882 782 1033 821 habere
1062 794 1219 824 sonum.

202 848 259 887 Et
285 849 405 889 modo
435 847 601 889 dimittit
630 848 784 902 digitis,
814 848 933 888 modo
963 848 1144 902 concipit
1172 865 1318 893 auras:

258 916 425 969 Iamque
453 916 558 956 inter
585 917 789 970 nymphas
818 921 906 956 arte
935 917 1137 968 superbus
1168 924 1267 958 erat.
1509 926 1590 961 700

201 983 408 1024 Prouocat
436 990 479 1024 et
506 985 737 1025 Phoebum:
769 984 936 1024 Phoebo
968 991 1188 1036 superante
1218 985 1426 1039 pependit,

259 1050 399 1092 Caesa
426 1058 692 1092 recesserunt
724 1064 750 1091 a
775 1057 872 1092 cute
900 1051 1081 1091 membra
1109 1065 1197 1093 sua·

203 1118 304 1158 Sum
335 1125 472 1159 tamen
501 1120 704 1158 inuentrix
732 1125 956 1170 auctorque
986 1131 1067 1172 ego
1098 1118 1287 1161 carminis
1315 1120 1454 1160 huius:

257 1187 352 1227 Hoc
381 1193 448 1228 est
477 1199 547 1228 cur
575 1192 740 1228 nostros
768 1199 836 1227 ars
865 1187 976 1226 colat
1005 1187 1086 1226 ista
1116 1187 1218 1227 dies.

205 1320 344 1359 Tertia
372 1320 443 1359 lux
473 1319 625 1371 ueniet,
654 1331 734 1372 qua
760 1325 816 1371 tu,
848 1318 1008 1359 Dodoni
1038 1319 1223 1372 Thyene,
1507 1323 1586 1360 705

200 1431 286 1466 689.
315 1430 474 1466 Marcius
507 1432 553 1467 G.
601 1433 682 1476 Ita,
710 1430 802 1477 agit,
836 1428 1009 1466 cAs22
1023 1432 1068 1465 33
1089 1431 1250 1477 quinque.
1296 1430 1411 1479 inquit
1436 1431 1485 1467 ait
1512 1433 1594 1468 DE

153 1480 366 1529 Gbma.pr.
377 1494 414 1517 m
429 1485 514 1517 tres.
555 1482 669 1530 inquit
698 1479 805 1515 habet
832 1482 961 1516 caetori
982 1484 1015 1515 et
1035 1482 1230 1518 Ema.sec.
1265 1482 1326 1516 tali
1352 1493 1418 1516 sua
1447 1483 1591 1518 nomina

150 1532 245 1567 festo
271 1533 334 1566 29.
379 1543 460 1567 mea
488 1532 630 1566 nomina
660 1529 913 1578 Gbmaqms.
957 1530 1076 1566 Gloss.
1101 1532 1152 1565 D:
1179 1529 1241 1578 ait]
1270 1531 1482 1580 appellauit.

199 1583 285 1618 690.
315 1582 382 1617 sub
407 1583 556 1617 inuectis
583 1580 756 1628 bmamr.
802 1581 868 1615 sub
902 1581 1052 1629 inceptis
1080 1579 1218 1616 idaim.
1235 1592 1302 1617 sec.
1416 1582 1503 1616 691.
1537 1587 1592 1617 te-

148 1632 251 1668 nebr.
282 1631 314 1668 b.
362 1644 429 1681 per
456 1643 572 1680 pauca
601 1635 660 1667 12.
763 1631 849 1666 692.
888 1630 991 1666 daret
1024 1629 1143 1666 effecti
1178 1632 1263 1666 BE.
1375 1632 1460 1666 693.
1497 1631 1592 1680 plac.

148 1681 290 1731 liquidis
316 1682 444 1717 faciem
469 1679 590 1717 AB?
701 1681 788 1716 694.
826 1680 910 1716 Vidi
936 1687 972 1716 et
999 1680 1089 1727 uirg.
1120 1678 1488 1717 BEFM¹I¹AEes
1508 1680 1593 1729 plats

147 1733 278 1779 viginti
304 1736 338 1768 et
362 1736 447 1768 uett.
475 1731 546 1776 εὼς
583 1734 791 1768 Puar.scr.
838 1730 920 1766 Vidi
949 1737 987 1766 ut
1015 1731 1106 1778 uirg.
1134 1733 1178 1766 P.
1226 1731 1421 1767 intimuisse
1446 1743 1478 1767 s.

197 1782 284 1818 695.
314 1785 378 1818 Ars
406 1793 486 1818 mea
505 1785 551 1817 33
569 1781 651 1818 duo.
692 1789 794 1817 tanta
817 1778 867 1817 Ψ.
909 1780 979 1816 nal.
1001 1792 1092 1816 caua
1119 1782 1204 1817 tibia
1221 1784 1282 1818 26.
1326 1782 1396 1817 uai.
1417 1793 1476 1818 ars
1497 1781 1591 1830 opti-

147 1844 208 1868 ma
243 1832 313 1868 dixi
349 1832 368 1867 b
386 1831 490 1878 f133
521 1833 724 1868 Comum.
837 1832 923 1868 696.
955 1830 1111 1866 Exhibet
1135 1843 1166 1867 s.
1209 1831 1300 1867 Exc.
1328 1833 1504 1868 obiectam
1530 1834 1591 1868 M.

148 1883 298 1918 eiectam
321 1885 403 1918 123.
446 1883 620 1918 adiectam
654 1880 704 1918 Ψ.
811 1883 898 1918 697.
926 1881 1078 1916 quenta
1104 1893 1135 1918 s.
1176 1882 1346 1918 iniectam
1368 1879 1421 1918 Φ.
1461 1882 1592 1917 satirus

148 1934 245 1969 DG.
292 1940 359 1969 sat.
387 1933 537 1968 miratur
564 1933 698 1982 primus
728 1933 787 1967 14.
838 1932 953 1980 primo
983 1932 1065 1967 Gm.
1115 1932 1193 1968 mir.
1219 1939 1256 1968 at
1286 1945 1340 1968 us.
1371 1935 1490 1968 1220.

199 1985 285 2020 698.
313 1983 439 2018 Nescit
459 1989 495 2018 at
518 1985 562 2018 B.
596 1985 672 2026 Ita,
700 1982 874 2028 inflatam,
901 1979 1040 2018 BAN
1053 1979 1205 2028 ²13me
1220 1993 1298 2018 sex.
1338 1978 1496 2026 &gl-amm
1515 1983 1594 2018 DE

148 2045 221 2069 ma.
232 2045 301 2070 sec.
315 2030 555 2070 GOEMPH
566 2031 727 2082 Tp333
739 2034 788 2067 44
810 2036 955 2080 septem.
995 2031 1157 2067 efflatum
1187 2030 1482 2081 GEma.pr.As
1500 2036 1591 2069 octo.

148 2083 312 2119 afflatum
341 2080 379 2118 Σ
383 2095 407 2130 9
426 2082 507 2120 duo.
548 2083 709 2118 afflatam
737 2084 797 2131 qui
817 2086 954 2119 restant
979 2086 1012 2117 et
1038 2087 1125 2118 vett.
1145 2082 1200 2118 ed».
1240 2084 1348 2118 sentit
1375 2082 1457 2119 libri
1481 2093 1592 2131 prae-

150 2138 203 2170 ter
229 2145 320 2182 quos
347 2145 488 2181 sequor,
519 2135 639 2170 BEG
657 2130 832 2181 ²P'Aeys
857 2133 985 2180 uiginti
1010 2144 1120 2168 unum
1145 2137 1179 2168 et
1204 2137 1291 2169 uon.
1318 2132 1373 2169 ed.
1409 2134 1519 2169 sentit
1543 2132 1591 2168 ab

149 2196 214 2220 ore
241 2197 321 2220 son.
349 2186 410 2220 28.
513 2186 599 2220 699.
631 2183 738 2219 modo
767 2184 954 2219 committit
980 2181 1011 2228 f.
1049 2182 1203 2219 demittit
1229 2185 1590 2231 Nymawccmtma.

149 2246 218 2271 sec.
233 2235 295 2271 44.
343 2234 474 2282 digitos
507 2233 588 2270 libri
619 2238 761 2281 praeter
789 2245 877 2282 quos
902 2244 1048 2281 sequor,
1078 2231 1529 2281 BDG‘DAbmmmpr.
1543 2234 1590 2267 13

151 2287 198 2320 33
217 2296 282 2320 sex
299 2284 405 2321 alios.
445 2296 570 2320 auram
597 2281 685 2321 ΟΦ.
791 2286 877 2319 700.
906 2283 1072 2332 nimphas
1100 2285 1235 2321 DEG.
1273 2285 1382 2319 subus
1408 2286 1588 2329 Emmpr.

201 2336 286 2369 702.
325 2335 461 2371 Cesare
495 2341 678 2370 cesserunt
706 2333 738 2370 b.
787 2329 936 2369 menbra
964 2336 1009 2370 E.
1119 2336 1206 2370 703.
1246 2335 1281 2369 T
1287 2346 1355 2370 unc
1385 2340 1504 2369 tamen
1537 2329 1587 2368 Ψ.

151 2390 253 2420 actor
279 2384 309 2430 f.
351 2392 478 2421 auctor
497 2397 569 2434 quo
599 2398 642 2419 ue
665 2396 774 2420 carm.
799 2386 901 2420 MT.
1006 2386 1093 2419 704.
1124 2385 1224 2420 Haec
1249 2391 1304 2420 est
1323 2381 1383 2421 A.
1425 2382 1502 2417 Hoc
1522 2394 1589 2430 ego

151 2447 216 2470 cur
243 2437 425 2483 Ema.pr.
471 2436 557 2471 colit
608 2432 995 2481 'fflMff'ytr-edccim
1016 2439 1049 2470 et
1068 2439 1154 2471 vett.
1170 2434 1224 2471 ed.
1267 2435 1341 2470 col.
1364 2432 1421 2468 ina
1446 2429 1589 2468 ATb.

151 2485 222 2520 ista
247 2484 334 2520 deos
364 2488 410 2521 B.
513 2486 600 2522 705.
628 2486 763 2521 Tereia
791 2482 928 2522 DECD.
969 2487 1043 2528 Itu,
1072 2485 1147 2532 lux,
1181 2486 1253 2521 01)
1265 2478 1591 2529 FGAMHAp

152 2536 202 2571 45
222 2534 429 2571 cutimlecim.
471 2548 542 2571 nox
568 2537 708 2572 caeteri.
751 2547 821 2571 nox
839 2536 938 2571 uenit
961 2538 1019 2571 13.
1056 2537 1131 2578 fla,
1157 2533 1303 2580 dodoni,
1334 2530 1590 2570 anFGo

153 2547 624 2631 Athq‘AETmsss
640 2587 890 2634 uigintiunns;
906 2584 1167 2633 Pfyuar.scr.
1192 2583 1325 2619 didona
1344 2581 1417 2618 Bb.
1443 2582 1589 2619 dodona

156 2634 187 2680 f.
230 2635 345 2672 sidoni
373 2648 396 2684 p
424 2636 533 2673 alius.
573 2639 651 2683 Ita,
677 2636 845 2684 'shyene,
870 2633 954 2684 9224
973 2635 1027 2673 ed.
1053 2635 1178 2673 Elzeu.
1200 2638 1234 2670 ct
1257 2638 1323 2671 aut
1348 2632 1590 2681 duodeuiginti
