1685 2954
654 95 758 124 me.
788 95 996 126 snxrvs
1454 80 1538 124 277

215 196 271 242 Et
298 195 396 237 data
423 195 596 238 sollicita
623 197 743 238 thura
769 197 903 252 perire
928 207 1061 235 manu.

161 264 299 316 Atque
326 261 478 304 utinam
505 276 669 317 pugnae
697 270 840 318 pateat
866 264 1001 304 locus!
1029 273 1140 302 arma
1167 266 1400 315 capessant,
1455 263 1534 300 365

213 331 271 371 Et
298 329 334 371 si
362 342 441 370 non
469 335 660 383 poterunt
685 343 946 385 exsuperare,
973 329 1134 370 cadant.

161 398 286 439 Nunc
312 397 456 450 inopes
478 395 617 438 uictus
643 398 874 452 ignauaque
902 397 990 438 fata
1016 398 1209 437 timentes

214 464 358 503 Monte
387 474 463 503 suo
493 463 658 505 clausos
686 465 855 505 barbara
884 464 1002 505 turba
1028 464 1183 517 premit.

163 531 280 571 Tunc
308 530 452 570 Venus
481 535 526 570 et
552 529 652 571 lituo
682 532 850 584 pulcher
879 530 1100 584 trabeaque
1129 527 1321 582 Quirinus

213 596 430 650 Vestaque
458 609 530 650 pro
558 598 678 638 Latio
707 599 831 640 multa
860 600 998 640 locuta
1025 609 1112 638 suo.
1457 600 1537 635 370

158 663 341 716 Publica,
370 663 591 717 respondit,
619 677 716 706 cura
745 672 812 707 est
839 678 910 719 pro
938 665 1149 707 moenibus
1176 664 1280 716 isfis,

213 731 405 784 luppiter,
434 738 479 772 et
505 744 661 784 poenas
688 731 824 774 Gallia
850 734 963 773 uicta
992 733 1115 774 dabit.

158 799 223 840 Tu
251 798 370 839 modo
399 811 504 852 quae
530 798 679 840 desunt
707 800 861 854 fruges,
889 812 1111 854 superesse
1139 803 1342 855 putentur,

215 866 362 918 Effice,
392 879 471 908 nec
499 867 624 908 sedes
654 867 813 920 desere,
842 868 991 920 Vesta,
1017 872 1126 907 tuas.

159 932 455 987 Quodcumque
475 940 543 975 est
561 935 717 976 soiidae
737 935 900 986 cereris,
927 946 1031 975 caua
1049 933 1237 974 machina
1253 933 1427 986 frangat,
1457 936 1507 972 37
1513 933 1536 972 5

214 1001 492 1054 Mollitamque
521 1014 643 1043 manu
670 1001 787 1044 duret
813 1002 855 1042 in
882 1002 981 1056 igne
1006 1001 1138 1043 focus.

158 1069 351 1110 Iusserat.
388 1075 431 1109 et
458 1069 593 1109 fratris
619 1070 737 1123 uirgo
766 1069 959 1110 Saturnia
986 1066 1113 1109 iussis

212 1135 380 1187 Annuit,
410 1141 453 1176 et
476 1136 635 1177 mediae
664 1143 846 1190 tempora
873 1136 1008 1176 noctis
1035 1140 1160 1176 erant.

158 1203 243 1244 lam
270 1200 444 1243 ducibus
471 1215 655 1244 somnum
683 1204 853 1245 dederat
878 1204 1000 1244 labor.
1035 1201 1219 1255 increpat
1244 1200 1336 1246 illos

213 1269 393 1323 Iuppiter
420 1274 465 1310 et
491 1280 625 1323 sacro,
654 1270 751 1324 quid
778 1271 891 1323 uelit,
920 1283 989 1312 ore
1018 1269 1154 1311 docet.
1453 1269 1533 1307 380

104 1394 141 1431 i'n
167 1404 270 1429 curas
296 1392 377 1430 scir.
407 1394 481 1429 BD
490 1395 525 1430 E
534 1394 569 1430 G
579 1389 666 1430 ΨΣ
673 1404 719 1441 ey
731 1403 764 1429 m
773 1403 794 1430 ‘r
803 1395 852 1429 10
862 1396 906 1429 12
915 1394 1018 1429 2033
1038 1396 1126 1429 octo.
1164 1390 1285 1429 Gloss.
1312 1391 1431 1435 curas]
1457 1389 1534 1426 cul·
1608 1394 1636 1421 .-⁸-

103 1450 214 1481 turas.
231 1437 345 1492 ”quod
372 1444 438 1492 ipsi
463 1442 624 1480 homines
650 1455 771 1479 curam
799 1444 907 1480 uestri
933 1449 1062 1492 gerunt
1086 1443 1155 1478 hoc
1173 1441 1255 1478 nihil
1272 1440 1444 1491 prodesse
1469 1440 1532 1476 eis.

104 1493 129 1530 1'
149 1506 271 1530 curam
296 1492 445 1529 deorum
472 1494 521 1530 nil
546 1493 719 1543 prodesse
744 1494 794 1529 eis
821 1507 901 1529 curn
928 1500 982 1529 tot
1007 1492 1054 1528 dii
1079 1491 1276 1529 defendere
1300 1503 1371 1527 non
1397 1490 1536 1539 possint

105 1556 168 1580 eos
194 1546 241 1581 D.
344 1545 430 1579 365.
466 1551 658 1593 capescant
683 1546 900 1580 Frma.sec.
951 1549 1143 1592 capescent
1168 1541 1201 1579 b.
1245 1546 1433 1590 capessent
1459 1542 1536 1576 BP

106 1591 147 1630 A
156 1592 180 1639 f
201 1592 266 1630 alan
290 1597 330 1628 ut
353 1597 439 1641 puto
463 1605 611 1641 quorum
627 1593 802 1631 desectum
819 1594 875 1630 uel
890 1593 1052 1631 obsutum
1071 1597 1150 1629 erat
1172 1594 1211 1630 in
1228 1591 1406 1628 uolumine
1418 1592 1536 1627 Hein—

105 1646 212 1681 siano
238 1642 415 1679 indicium.
518 1646 603 1680 366.
630 1645 787 1693 poterint
813 1642 849 1680 E
856 1642 908 1681 M
916 1641 963 1679 H
971 1646 1017 1680 33
1039 1645 1201 1692 quinque.
1241 1654 1350 1691 exup.
1377 1653 1396 1677 e
1420 1645 1453 1677 et
1477 1639 1533 1677 ed.

106 1692 203 1731 Rub.
245 1704 477 1741 exsuperasse
501 1692 534 1730 b.
577 1696 706 1730 cadent
724 1696 757 1730 B
770 1695 837 1731 GE
847 1692 996 1730 ‹DMN
1002 1690 1132 1729 PHA
1143 1691 1208 1728 Tr
1223 1691 1288 1728 alii
1304 1693 1440 1739 passim
1458 1690 1535 1727 col-

107 1744 185 1781 tati.
288 1743 374 1779 367.
408 1742 516 1778 Nunc
541 1755 632 1792 opus
659 1750 695 1779 et
724 1745 835 1779 uictos
862 1746 975 1789 („aut
1001 1742 1096 1788 sorte
1121 1742 1276 1786 uictis”)
1308 1742 1383 1790 ign.
1408 1753 1532 1778 mma.
1572 1767 1577 1770 -

105 1807 164 1843 pr.
214 1794 338 1843 inopes
370 1792 482 1828 uictos
509 1796 554 1830 E.
603 1793 687 1830 uict.
712 1794 837 1842 ignara
860 1794 936 1829 sata
962 1792 992 1839 f.
1043 1804 1114 1842 que
1145 1792 1241 1828 facta
1266 1792 1343 1828 tim.
1368 1793 1532 1841 quinque.

107 1856 179 1893 que
204 1855 303 1879 arma
330 1843 405 1879 tim.
432 1845 484 1879 N.
522 1843 598 1879 fata
625 1850 806 1892 gementes
836 1847 869 1881 Τ
887 1843 972 1889 ἀιιος
997 1854 1198 1891 ynanscr.
1301 1843 1386 1878 368.
1413 1842 1534 1879 Morte

105 1906 172 1931 sua
192 1894 301 1930 claus.
317 1896 361 1930 Ε.
402 1891 509 1930 claus.
525 1894 634 1942 impia
648 1900 673 1930 t.
692 1897 735 1929 12
747 1896 807 1930 20.
846 1896 951 1930 turba
969 1899 1136 1942 premunt
1156 1894 1217 1929 34.
1319 1894 1405 1929 369.
1433 1892 1534 1929 Tum

108 1943 147 1982 B
157 1940 351 1980 02112'?
376 1948 460 1980 tres.
499 1951 536 1980 et
559 1944 710 1993 pulcher
725 1945 823 1980 Jituo
849 1951 894 1981 tr.
922 1945 1062 1981 DGN.
1163 1945 1249 1980 370.
1276 1943 1368 1980 lacio
1398 1944 1444 1980 G.
1479 1943 1535 1979 la-

107 1996 157 2032 tio
179 2001 234 2031 est
251 1995 364 2030 multa
383 1996 425 2030 E.
464 2006 530 2030 suo
556 2001 611 2031 est
631 1994 996 2044 omneslibripraeter
1011 1997 1084 2031 BE
1091 2007 1109 2032 r
1121 1993 1222 2031 duos.
1323 1995 1407 2030 371.
1434 2004 1532 2042 resp.

105 2056 214 2082 causa
241 2051 295 2081 est
320 2041 377 2080 Π.
431 2057 549 2081 moen.
578 2045 673 2081 urbis
698 2048 745 2082 M
754 2057 778 2094 p
805 2049 887 2082 tres.
1004 2047 1090 2082 372.
1123 2044 1258 2093 Iupiter
1282 2046 1329 2081 Ε.
1381 2049 1419 2080 et
1441 2054 1535 2092 poe-

109 2107 192 2132 nam
217 2093 279 2132 A.
329 2101 366 2131 et
391 2106 503 2144 nepas
529 2106 707 2144 rma.pr.
752 2107 864 2145 penas
890 2095 1016 2145 gallica
1041 2099 1086 2133 E.
1137 2107 1246 2144 poen.
1273 2094 1400 2143 gallica
1425 2094 1533 2129 turba

107 2145 191 2183 duo.
230 2144 338 2194 gallia
364 2145 468 2181 turba
493 2142 544 2181 H
550 2158 624 2183 ma.
639 2157 693 2195 pr.
794 2148 880 2183 373.
907 2147 1007 2182 Tum
1033 2145 1140 2182 modo
1159 2148 1204 2182 E.
1244 2156 1431 2194 superesse
1452 2155 1531 2180 cre-

106 2196 243 2232 duntur
272 2197 395 2232 G‘mct.
415 2207 470 2244 pr.
512 2208 593 2245 sup.
621 2195 814 2232 credantur
843 2199 877 2234 G
893 2209 967 2235 ma.
983 2209 1048 2233 sec.
1093 2207 1281 2245 superesse
1307 2194 1473 2231 uidentur
1496 2193 1529 2240 f.

156 2247 242 2282 374.
267 2244 341 2283 Eff.
360 2257 405 2282 ne
425 2246 500 2283 sed.
515 2244 568 2284 A.
605 2258 672 2283 nec
689 2246 811 2282 latium
830 2247 905 2284 des.
921 2261 958 2285 u.
972 2254 1071 2283 tuum
1089 2250 1135 2282 12
1145 2249 1207 2283 20.
1306 2245 1393 2281 375.
1421 2243 1531 2287 Quod

105 2302 271 2345 superest
294 2295 430 2333 solidae
456 2292 545 2333 12(
561 2302 614 2333 est
640 2299 768 2333 cereris
793 2298 928 2335 solidae
955 2299 984 2336 G
996 2299 1079 2335 GN
1092 2294 1226 2334 ΨΣηι.
1265 2295 1330 2332 sol.
1359 2295 1475 2331 cereri
1495 2306 1530 2332 8.

107 2346 224 2383 mach.
250 2345 394 2395 franget
416 2344 477 2385 Λ.
578 2349 662 2384 376.
687 2347 935 2398 Mollitumque
952 2360 984 2385 r.
1029 2347 1238 2396 Mollitaque
1263 2345 1322 2392 fs.
1363 2345 1468 2382 duret
1492 2350 1531 2382 et

109 2395 190 2444 igne.
213 2409 262 2433 m.
372 2399 458 2433 377.
492 2403 530 2434 et
553 2398 654 2434 iussis
679 2411 715 2435 u.
743 2410 772 2434 s·
798 2398 917 2436 fratris
942 2397 996 2436 Δ.
1042 2398 1145 2435 fratr.
1171 2398 1255 2434 iuno
1281 2402 1348 2435 sat.
1373 2407 1408 2444 9.
1458 2401 1527 2432 sat.

109 2445 210 2482 dictis
240 2444 376 2492 'fsem
399 2460 601 2496 guar-scr.
708 2450 794 2486 378.
829 2457 925 2486 noct.
952 2456 1030 2486 erat
1052 2447 1083 2495 f.
1196 2449 1280 2484 379.
1312 2447 1387 2484 Iam
1414 2446 1531 2484 dubiis

109 2507 225 2534 somn.
250 2496 283 2533 b.
328 2510 519 2550 sompnum
547 2501 590 2536 E.
644 2497 727 2536 ded.
758 2512 867 2550 sopor
892 2503 942 2538 Μ
952 2502 1020 2546 29;
1046 2510 1247 2547 puar.scr.
1292 2511 1371 2547 sop.
1398 2498 1529 2535 excitat
1587 2520 1612 2533 ψ

111 2547 162 2581 Μ
175 2557 258 2583 nar.
274 2559 341 2585 sor.
385 2546 478 2585 incr.
506 2560 629 2585 omnes
659 2549 688 2585 G
697 2561 744 2585 m.
854 2553 941 2587 380.
973 2550 1109 2600 Iupiter
1134 2552 1223 2588 DE.
1269 2561 1373 2588 sacro
1397 2549 1464 2600 qut
1487 2546 1530 2586 Φ

109 2606 186 2634 ma.
203 2608 260 2647 pr.
297 2598 384 2650 quid
408 2599 507 2638 uehit
530 2611 562 2638 s.
600 2611 663 2638 ore
688 2600 786 2639 iubet
809 2613 915 2639 «mus.
