1685 2954
567 112 686 140 FESTI
718 113 815 142 LOCI
845 114 1055 143 svpt‘Ll-:Tt
1380 114 1536 144 xxxvu

80 212 162 262 Ego
200 201 320 263 nequ‘e
353 211 485 258 miror,
520 222 641 260 neque
673 211 852 261 suspicor,
919 212 1077 251 Primum
1112 213 1206 251 inter
1241 211 1318 249 dies
1353 211 1538 250 hominum

81 287 191 312 causa
213 274 423 312 constitutos
450 270 550 309 locus
573 272 626 308 his
652 273 791 309 feriatis
817 273 944 311 diebus
972 276 1092 312 nullus
1119 280 1225 312 erat.'
1254 273 1396 310 Deinde
1419 275 1537 312 Varro

81 349 156 374 nou
183 341 328 374 enarrat
354 346 450 384 quae
476 334 511 370 in
539 333 641 371 fastis
666 335 868 384 perscripta
893 335 1042 383 suerint,
1066 335 1352 382 sedvuocabula,
1378 347 1474 385 quae
1500 337 1538 374 in

81 398 262 436 hominum
290 409 354 432 ore
380 401 515 432 essent.
568 395 772 432 Verisimile
799 403 921 434 autem
957 403 1013 434 est
1039 410 1100 434 eos
1128 398 1204 435 dies
1231 410 1300 434 usu
1325 397 1537 447 quotidiano

79 459 286 509 simpliciter
321 457 471 494 feriatos
505 457 622 494 dictos
655 457 778 495 fuisse.
841 458 941 508 Ergo
975 460 1058 509 quia
1096 466 1216 496 tamen
1243 458 1311 495 NP
1337 459 1538 509 significare

80 519 213 570 aliquid
247 518 377 564 debet,
418 520 639 555 conueniens
675 527 730 556 est
764 519 851 556 nihil
888 534 960 558 non
997 521 1148 570 uulgare
1173 521 1361 558 subiicere.
1415 520 1537 558 Credo

78 581 239 620 nefastos
266 581 464 631 principio,
501 582 553 617 uti
579 581 707 618 Vaass.
736 594 774 631 p.
791 583 888 629 265,
926 582 986 619 uel
1023 582 1182 619 nefastos
1209 589 1314 632 parte
1348 583 1537 632 explican-

76 642 178 679 dum.
215 643 302 680 Pin
329 642 621 692 inscriptionibus
648 654 760 693 saepe
785 648 927 694 pai-twa
953 650 1069 689 notat.
1108 647 1166 682 Pa
1192 657 1260 694 pro
1285 649 1391 693 parte
1416 645 1450 681 in
1478 657 1536 682 sa-

75 704 154 742 liari
180 705 340 741 carmine
366 712 434 751 est,
464 711 556 741 teste
584 705 693 741 Festo
721 717 759 754 p.
776 707 867 753 205,
891 709 934 741 11
964 705 1090 743 Muell.
1145 707 1222 743 Cur
1244 710 1386 754 patrem
1411 706 1538 744 malint

76 765 195 813 docti,
222 766 284 816 qui
312 768 543 816 potissimum
569 766 798 816 relinquant,
826 780 898 804 non
926 767 1046 804 uideo.
1100 767 1186 804 Dies
1211 767 1301 814 hos,
1334 766 1382 804 de
1407 768 1537 816 quibus

75 829 237 878 agimus,
273 828 462 866 intercisos
490 841 562 865 non
587 828 767 877 appellari
801 829 964 878 potuisse
997 841 1042 865 ex
1068 829 1242 866 Varronis
1269 828 1389 864 uerbis
1417 829 1452 874 ξ.
1475 831 1535 866 31.

76 898 215 927 certum
244 898 312 928 est.
367 890 479 935 Quod
509 897 629 926 tamen
657 890 833 939 impedire
861 901 934 925 non
961 890 1104 939 potuit,
1138 890 1225 940 quin
1251 890 1298 926 ab
1325 889 1460 926 Ouidio
1487 890 1537 926 ita

76 965 159 990 cum
185 954 227 989 iis
254 959 584 1003 componerentur,
621 951 929 1001 quemadmodum
957 958 1121 988 notatum
1149 952 1195 988 ab
1223 964 1266 988 eo
1294 958 1349 989 est
1382 963 1442 989 uu.
1470 953 1535 999 49,

76 1016 141 1064 50,
169 1022 342 1065 utrosque
367 1015 518 1051 deorum
546 1020 582 1050 et
609 1013 795 1049 hominum
822 1025 1031 1050 communes
1060 1026 1167 1062 esse,
1194 1015 1325 1051 omisso
1354 1014 1444 1062 isto,
1472 1014 1535 1063 qui

75 1078 249 1114 intercisis
277 1076 466 1126 peculiaris
493 1081 584 1119 erat,
613 1073 743 1111 nefasti
770 1075 943 1124 temporis
970 1076 1037 1111 sub
1065 1088 1256 1126 uesperam
1283 1075 1413 1112 reditu.
1464 1075 1534 1113 Se-

74 1150 190 1188 quens
223 1137 355 1174 deinde
384 1137 560 1174 distichon
589 1135 636 1173 ad
672 1144 795 1172 notam
822 1137 912 1184 M),
949 1138 1063 1174 multo
1099 1137 1385 1188 frequentiorem
1418 1137 1535 1174 altera

73 1199 161 1248 EN,
188 1200 272 1236 mihi
298 1201 483 1249 pertinere
511 1198 666 1236 uidetur.
712 1198 908 1235 Caeterum
937 1199 1024 1249 quid
1050 1199 1142 1235 sacri
1166 1199 1234 1235 illis
1261 1211 1394 1236 nouem
1421 1199 1534 1236 inter-

73 1263 154 1299 cisis
179 1261 306 1298 diebus
333 1262 536 1298 factitatum
564 1260 696 1307 fuerit,
732 1260 854 1297 fateor
882 1273 940 1297 me
968 1261 1118 1298 nescire.
1170 1261 1309 1298 Diebus
1336 1267 1441 1311 parte
1467 1273 1533 1297 ne-

73 1324 176 1362 fastis
201 1324 312 1362 ferias
338 1325 449 1361 fuisse
475 1331 539 1360 aut
565 1323 706 1360 disertis
734 1323 853 1359 uerbis
880 1324 1013 1372 passim
1048 1323 1084 1360 in
1119 1323 1296 1359 fastorum
1322 1322 1533 1372 fragmentis

73 1386 265 1433 indicatur,
293 1394 357 1423 aut
381 1387 541 1437 ipsarum
567 1377 741 1422 feriarum
770 1386 915 1422 nomina
940 1386 1080 1436 magnis
1107 1386 1233 1422 litteris
1259 1385 1439 1435 insculpta
1465 1383 1533 1421 do-

13 1457 19 1461 ’
73 1455 171 1486 cent.
224 1449 440 1486 Matralibus
469 1456 613 1495 tamen,
646 1447 934 1497 Quinquatribus
962 1455 999 1485 et
1025 1447 1220 1497 Regifugio
1253 1447 1375 1484 littera
1400 1445 1438 1483 N
1463 1457 1532 1496 ap-

73 1513 224 1562 ponitur
247 1512 282 1548 in
309 1512 433 1548 tabula
460 1510 659 1548 Maffeana.
714 1510 771 1546 De
798 1512 977 1560 prioribus
1002 1518 1129 1561 postea
1156 1509 1296 1555 dicam,
1332 1509 1379 1546 de
1406 1508 1533 1545 ultimo

73 1573 144 1610 iam
170 1586 286 1618 nunc,
323 1575 407 1623 quia
444 1573 489 1612 ad
527 1585 603 1613 rem
631 1580 862 1622 praesentem
891 1572 1025 1622 aliquid
1058 1571 1212 1609 confert.
1263 1571 1321 1608 De
1348 1583 1392 1608 eo
1418 1569 1533 1620 Regi·

74 1634 166 1684 sugii
201 1635 261 1672 die
293 1635 453 1685 loquitur
486 1636 618 1672 Festus
654 1647 691 1682 p.
710 1636 759 1670 87
788 1635 870 1672 Vrs.
897 1637 972 1671 278
1000 1635 1140 1682 Muell.,
1181 1633 1280 1684 quod
1315 1633 1448 1670 lemma
1483 1631 1531 1670 ad

75 1708 172 1733 uers.
200 1699 246 1733 18
284 1710 398 1747 usque
431 1705 530 1735 recte
565 1699 818 1738 concinnatum
857 1697 1020 1734 existimo
1053 1697 1088 1732 in
1119 1695 1288 1735 ,editione
1322 1694 1533 1733 nouissima.

76 1755 211 1794 Vltima
239 1771 326 1794 uero
354 1759 464 1796 haec:
497 1762 650 1808 Vterque
676 1759 763 1807 dies]
793 1760 861 1807 (IX
879 1759 964 1798 Kal.
985 1761 1072 1807 Apr.
1100 1764 1137 1794 et
1162 1757 1214 1794 lx
1231 1756 1319 1793 Kal.
1337 1754 1435 1802 Iun.)
1462 1754 1531 1803 legi

75 1819 172 1856 debet
200 1832 278 1856 cum.
307 1817 321 1861 ll
354 1822 445 1865 NP,
480 1833 551 1857 non
578 1824 639 1868 N,
674 1820 768 1869 quod
795 1825 877 1868 post
900 1821 996 1867 reyis
1021 1820 1149 1868 fugam
1173 1818 1216 1866 fit
1241 1821 1273 1863 e]
1300 1816 1443 1864 nefasto
1463 1815 1533 1863 fa«

74 1880 198 1924 slusii
232 1895 302 1918 nou
330 1883 458 1931 probo.
513 1882 644 1931 Neque
676 1883 770 1917 euim
799 1881 926 1924 uideo,
962 1880 1145 1929 quomodo
1175 1880 1249 1916 dies
1275 1879 1325 1914 illi
1351 1878 1400 1922 Q.
1426 1877 1531 1915 REX

75 1944 121 1983 C.
142 1944 173 1980 F
200 1952 238 1981 et
270 1943 505 1987 Q.R.C.F
542 1945 692 1993 signati,
728 1942 826 1993 quod
855 1943 971 1978 Varro
1007 1949 1044 1978 et
1082 1954 1188 1978 nemo
1224 1953 1297 1977 non
1331 1939 1531 1978 intellexit:

77 2005 233 2053 Quando
258 2017 325 2043 rex
350 2008 551 2043 comitiauit
576 2006 653 2053 fas,
684 2006 754 2054 legi
782 2004 939 2041 debeant
966 2016 1046 2040 cum
1074 2002 1157 2039 NP.
1198 2000 1420 2038 Accensendi
1443 2012 1532 2038 sane

73 2075 160 2105 sunt
185 2069 216 2106 ei
244 2068 384 2105 dierum
410 2069 560 2118 generi,
589 2068 686 2118 quod
714 2068 800 2103 alias
828 2066 895 2102 M>
922 2066 1107 2114 signatur,
1134 2076 1218 2100 nain
1245 2063 1373 2100 eadem
1398 2062 1532 2108 forma,

75 2137 187 2181 atque
212 2130 351 2179 seriae,
387 2132 579 2180 perscripti
606 2137 691 2167 sunt
717 2130 751 2165 in
779 2129 880 2165 lastis
908 2128 1098 2174 omnibus,
1125 2133 1161 2163 et
1188 2124 1284 2175 quod
1310 2126 1346 2162 in
1373 2125 1415 2162 iis
1439 2137 1530 2175 qua-

74 2198 159 2228 tuor
184 2192 311 2231 litteris
338 2193 570 2240 exprimitur,
598 2192 691 2229 idem
720 2198 787 2238 est,
815 2189 914 2239 quod
940 2188 1080 2226 duabus
1109 2188 1178 2223 illis
1202 2187 1268 2222 M>
1294 2187 1529 2236 significatur.

74 2253 141 2290 His
166 2265 252 2303 ergo
281 2261 317 2290 et
342 2253 445 2290 XVll
463 2254 526 2291 Ki’
547 2254 631 2300 Iul„
657 2253 756 2303 quod
783 2253 866 2288 item
896 2252 989 2287 inter
1016 2251 1123 2287 serias
1150 2255 1218 2296 est,
1247 2248 1531 2296 Q.ST.D.F,

74 2315 220 2352 minime
245 2329 338 2366 opus
365 2322 419 2351 est
446 2328 527 2352 mea
553 2316 731 2352 sententia
759 2314 865 2352 aliam
894 2321 1016 2350 notam
1043 2312 1146 2348 addi:
1173 2311 1207 2346 N
1232 2323 1318 2347 uero
1343 2323 1389 2347 ne
1408 2315 1531 2360 potest

74 2376 240 2428 quidem:
281 2384 318 2413 et
353 2383 472 2413 tamen
507 2378 750 2413 ita‘extitisse
785 2376 819 2412 iu
855 2375 956 2412 fastis
986 2375 1100 2413 Verrii
1138 2380 1302 2422 tempore
1328 2377 1530 2422 oporteret,

75 2439 160 2488 quia
185 2451 324 2478 morem
351 2439 508 2489 aliquem
541 2440 578 2475 in
607 2439 709 2475 fastis
736 2445 922 2488 receptum
950 2435 1220 2486 reprehendere
1247 2433 1402 2470 uidetur.
1456 2433 1529 2469 Ve-

74 2513 156 2537 rum
181 2501 309 2538 uideor
335 2501 421 2539 mibi
445 2501 668 2550 intelligere,
696 2500 782 2550 quid
808 2498 1097 2549 reprehenderit,
1121 2497 1151 2533 si
1175 2497 1226 2532 ita
1251 2495 1410 2545 scripsit:
1451 2496 1529 2532 Re·-

75 2562 207 2611 9213!in
232 2563 322 2609 dies]
349 2564 417 2612 legi
443 2562 540 2610 debet
568 2576 646 2599 cum
664 2564 679 2606 ,Ι
695 2567 782 2599 nota-
809 2565 893 2606 NP,
921 2572 990 2597 non
1019 2561 1069 2603 N,
1097 2561 1183 2608 quia
1210 2560 1328 2608 qttiiaeis
1353 2557 1531 2604 seriarum

79 2623 153 2662 dies
178 2623 234 2672 fit]
263 2637 282 2661 e
306 2625 450 2672 nefasto
475 2625 599 2672 fastus
615 2628 646 2674 Η.
693 2625 839 2662 Scilicet
865 2623 1062 2660 mirabatur
1080 2622 1123 2663 riu
1151 2621 1281 2657 tabulis
1308 2621 1363 2657 sui
1389 2626 1530 2666 tempo·

80 2685 143 2734 ris,
167 2687 267 2736 quod
294 2699 359 2724 nos
386 2688 420 2726 in
449 2700 521 2725 una
547 2699 686 2733 earum,
713 2684 924 2733 Maffeana,
951 2684 1044 2721 male
1070 2682 1196 2731 habet,
1221 2682 1452 2732 Regifugium
1476 2677 1530 2718 in-
