1685 2954
0 150 3 221 ἔ
54 153 59 156 .

0 619 3 779 ψ

613 138 671 167 DE
699 139 883 169 Annmvs
912 141 1056 171 SAcms
1428 146 1566 178 0¹11!

117 235 230 275 fuisse
254 243 450 288 utrumque
475 234 680 274 aedificium
708 237 746 274 in
773 249 904 288 campo
931 239 1066 279 Martio
1090 247 1268 292 extremo,
1295 254 1403 294 quem
1427 245 1464 283 in
1487 258 1568 286 mo·

116 298 204 336 dum
232 300 353 336 uillam
378 299 543 347 designat
567 298 687 335 Varro
715 299 796 336 loco
822 300 1006 350 indicato,
1042 310 1083 340 ut
1108 315 1153 341 eo
1179 303 1326 356 quoque
1349 307 1494 346 nomine
1517 309 1567 346 si-

116 362 192 398 mul
218 361 336 399 notari
367 359 560 396 uideantur
593 359 692 410 apud
715 360 876 398 Liuium.
929 362 1072 401 Rursus
1098 377 1186 403 uero
1212 366 1312 417 quod
1338 369 1566 419 exploratum

115 429 185 470 est,
212 423 349 460 Atrium
376 421 411 458 in
438 419 518 458 loco
544 421 686 459 editiori
712 422 928 460 collocatum
954 423 1034 462 fuit.
1081 425 1155 463 lam
1185 441 1273 466 uero
1298 430 1394 467 inter
1417 431 1566 470 Bellorii

114 484 319 534 Capitolina
343 481 548 531 fragmenta
583 484 658 521 tab.
680 495 728 519 Π
756 496 866 521 unum
894 492 966 530 est,
1001 486 1099 536 quod
1126 488 1307 527 dimidiam
1334 498 1475 541 partem
1501 493 1566 531 ba·

113 546 234 583 silicae
259 545 406 582 alicuius
432 557 513 581 cum
541 545 628 595 ipsis
657 545 711 582 his
736 545 886 582 litteris:
922 547 1066 585 BASIL
1093 575 1105 597 ,
1139 549 1186 587 ad
1222 559 1332 602 caput
1367 554 1442 590 eius
1475 566 1565 593 uero

112 606 208 644 aliud
228 605 411 656 quoddam
438 605 641 643 aedificium
660 606 877 657 quadratum
905 620 985 645 cum
1012 608 1082 648 hoc
1108 611 1231 650 titulo:
1257 613 1565 654 LIBERTATIS

110 667 328 704 delineatum
357 667 527 705 ostendit.
583 668 739 718 Appingi
773 670 963 707 consueuit
997 670 1081 709 huic
1106 675 1294 712 marmoris
1319 675 1436 712 frusto
1466 676 1565 715 aliud

107 728 297 774 minutum,
323 730 360 767 in
382 743 456 780 quo
474 730 716 781 perscriptum
743 737 819 769 est:
849 731 991 769 EMlLl
1017 760 1031 781 ‚
1068 746 1144 784 quo
1171 734 1308 772 sactum
1335 740 1406 784 est,
1432 742 1474 773 ut
1499 737 1565 774 ba·

107 790 208 828 silica
233 791 295 828 illa
312 792 463 829 Aemilia
488 791 750 842 intelligeretur
767 798 806 829 et
825 793 988 843 proxime
1012 805 1110 843 eam,
1134 796 1170 832 in
1196 795 1278 833 foro
1297 796 1466 834 Romano
1490 798 1564 835 sci·-

108 852 214 900 licet,
241 853 302 891 uel
327 865 467 904 prope,
494 853 554 891 uel
580 859 664 904 post
688 853 834 903 sorum,
862 854 1000 891 Atrium
1027 855 1243 895 Libertatis:
1279 857 1328 893 ita
1354 858 1449 894 enim
1476 871 1565 909 sup-

107 913 280 964 plendam
307 927 387 952 esse
413 915 683 966 inscriptionem
709 916 894 966 plerisque
919 923 1019 953 recte
1044 924 1194 968 utputo
1221 919 1337 955 uisum
1357 925 1425 957 est.
1467 920 1565 959 Ecce

107 982 229 1013 autem
249 978 408 1026 exsurgit
438 978 538 1014 testis
565 978 730 1014 oculatus
755 976 964 1014 Ludouicus
984 978 1138 1027 Canina,
1164 979 1228 1029 qui
1254 980 1457 1018 litterarum
1483 994 1564 1019 mo·

106 1037 194 1075 dum
220 1040 255 1075 in
282 1040 400 1076 uerbis
427 1039 571 1076 BASlL
595 1045 632 1075 et
655 1037 795 1074 EMlLl
821 1037 1026 1088 diuersum,
1063 1040 1098 1077 in
1126 1040 1196 1078 alio
1223 1052 1313 1078 uero
1338 1040 1456 1079 frusto
1482 1044 1558 1081 tab.

106 1111 189 1136 ΧΠ
214 1100 379 1136 fissuram
405 1101 617 1148 marmoris,
645 1099 846 1136 litterarum
873 1101 1183 1150 magnitudinem,
1219 1103 1470 1142 columnarum
1497 1117 1563 1142 or-

105 1160 222 1206 dines,
250 1161 370 1197 omnia
387 1161 563 1198 eiusmodi
590 1160 816 1211 deprehendi
844 1161 1012 1208 affirmet,
1039 1162 1086 1200 de
1105 1163 1187 1200 foro
1210 1176 1248 1213 p.
1263 1165 1315 1201 90
1331 1177 1388 1215 sq.
1415 1166 1490 1204 140
1505 1178 1563 1217 sq.

104 1223 201 1269 179,
236 1228 277 1258 ut
302 1222 368 1258 nisi
396 1222 579 1260 hominem
606 1222 714 1259 ualde
740 1223 947 1273 improbum
974 1229 1107 1273 putare
1134 1224 1245 1273 uelis,
1270 1226 1382 1275 plane
1406 1239 1564 1277 persua-

104 1281 224 1320 deatis
250 1283 432 1334 depictam
458 1285 494 1321 in
520 1291 678 1334 utroque
703 1285 765 1321 illo
790 1284 998 1334 fragmento
1025 1284 1206 1323 basilicam
1229 1286 1377 1337 leiam
1403 1301 1470 1326 nos
1495 1289 1565 1327 ha-

105 1345 207 1383 bere.
261 1345 328 1382 Vir
353 1346 403 1384 ill.
429 1345 578 1383 Bunsen
606 1345 705 1383 nullo
732 1346 861 1394 uerbo,
889 1359 935 1384 ne
962 1347 1199 1385 urbanissimo
1228 1348 1391 1398 quidem,
1415 1349 1565 1389 finxisse

102 1407 294 1458 quicquam
321 1407 500 1444 Caninam
525 1407 710 1444 indicauit.
761 1407 965 1446 Permirum
992 1415 1112 1447 autem
1140 1416 1260 1458 esset,
1295 1411 1325 1448 si
1358 1411 1562 1461 ignorasset

95 1472 161 1517 ta,
189 1481 284 1520 quae
309 1469 357 1506 de
383 1469 560 1506 asteriscis
580 1470 756 1520 appositis
778 1470 864 1507 mihi
890 1471 1127 1508 innotuerunt
1147 1483 1215 1521 per
1231 1470 1470 1522 Bunsenium,
1496 1473 1561 1523 qui

101 1542 324 1582 quamquam
349 1531 386 1568 in
413 1530 537 1568 tabula
571 1543 636 1568 sua
672 1531 708 1568 id
743 1532 886 1581 signum
922 1530 1093 1570 basilicae
1119 1533 1311 1583 apposuit,
1348 1533 1564 1571 Gerbardus

102 1596 223 1630 tamen
249 1594 284 1630 in
310 1592 432 1631 fronte
457 1593 568 1630 libelli
595 1592 692 1631 della
720 1594 796 1631 bas.
825 1593 927 1631 Giul.
944 1593 1017 1633 Ro.
1038 1597 1137 1632 1823
1164 1596 1216 1632 ita
1240 1595 1438 1633 delineauit
1461 1595 1562 1645 frag-

101 1660 278 1702 mentum,
306 1661 347 1692 ut
371 1666 456 1705 pars
483 1660 625 1692 tantum
648 1656 725 1693 eius
744 1657 897 1706 periisse
922 1662 960 1693 et
985 1656 1112 1694 reficta
1133 1668 1212 1694 esse
1234 1656 1414 1694 uideatur.
1453 1655 1564 1707 Apud

101 1715 299 1753 Bellorium
326 1716 385 1753 ed.
413 1716 526 1754 Rom.
555 1719 652 1754 1673
680 1718 882 1755 litterarum
907 1717 1046 1755 nullum
1073 1723 1128 1755 est
1153 1718 1358 1756 discrimen.
1381 1737 1433 1746 —
1466 1718 1563 1755 Cum

102 1788 190 1826 ergo
211 1777 356 1814 basilica
375 1777 487 1827 leia
508 1779 570 1814 ubi
596 1778 724 1828 fuerit,
751 1786 907 1827 constet,
933 1778 1008 1815 uid.
1028 1779 1207 1817 Caninam
1225 1793 1266 1831 p.
1280 1782 1370 1828 140,
1395 1775 1559 1817 Platner.

100 1838 217 1876 descr-
243 1839 334 1875 Vrb.
361 1841 400 1887 3,
423 1843 460 1887 l,
487 1852 525 1888 p.
542 1841 638 1884 286,
671 1840 835 1877 Bunsen.
870 1840 995 1878 annal.
1023 1842 1122 1876 1837
1155 1853 1194 1890 p.
1212 1842 1286 1886 42,
1321 1852 1470 1878 necesse
1505 1846 1563 1878 est

99 1901 240 1937 Atrium
272 1899 469 1937 Libertatis
503 1899 615 1937 fuerit
647 1900 684 1937 in
721 1908 883 1938 extrema
917 1906 1023 1951 parte
1058 1902 1191 1938 montis
1225 1901 1449 1950 Quirinalis,
1486 1914 1561 1952 qua

100 1973 270 2012 campum
295 1961 467 1999 Martium
502 1968 658 2012 spectat.
708 1963 799 2000 Siue
825 1969 947 2000 autem
983 1975 1094 2013 supra
1132 1963 1314 1999 basilicam
1341 1964 1449 2000 situm
1472 1963 1561 2002 fue-

99 2023 169 2071 rit,
205 2023 512 2074 quemadmodum
538 2023 702 2061 Bunsen.
730 2025 767 2061 in
795 2024 917 2075 lapide
943 2025 1151 2074 Capitolino
1186 2036 1314 2062 uocem
1348 2024 1445 2062 illam
1471 2025 1561 2062 reli-

99 2096 209 2134 quam
237 2086 513 2135 interpretatur,
541 2086 619 2122 siue
638 2086 816 2122 caninam
843 2087 1021 2136 sequeris,
1050 2088 1110 2136 qui
1134 2087 1204 2123 ita:
1232 2088 1266 2123 εἰ
1289 2085 1455 2136 potrebbe
1481 2098 1559 2124 cre⁴²

98 2144 200 2190 dere,
228 2145 291 2183 che
315 2147 532 2185 trouandosi
557 2146 586 2184 il
612 2147 706 2185 detto
734 2149 830 2185 atrio
855 2147 914 2184 nel
941 2146 1058 2196 luogo,
1086 2160 1153 2186 oue
1182 2150 1346 2186 Traiano
1372 2147 1498 2185 stabili
1522 2147 1560 2185 de

97 2205 266 2254 edificare
291 2208 319 2246 il
343 2221 410 2247 suo
435 2209 520 2257 foro
546 2230 617 2258 —,
655 2221 674 2246 e
698 2211 816 2259 percio
846 2209 881 2247 lo
916 2214 1032 2247 stesso
1058 2212 1155 2248 atrio
1188 2210 1348 2248 uenendo
1372 2209 1557 2254 dismtto,

97 2279 142 2305 ne
167 2281 295 2306 auesse
324 2273 491 2309 Traiano
515 2276 735 2309 conseruata
760 2273 936 2309 memoria
968 2272 1007 2308 in
1039 2282 1116 2308 una
1142 2276 1247 2322 parte
1271 2271 1367 2309 della
1392 2283 1464 2309 sua
1488 2270 1558 2309 ba—

99 2329 223 2376 simon
260 2338 446 2383 utcunque
473 2333 676 2381 uidebitur,
704 2334 888 2383 proximus
914 2339 970 2370 est
995 2333 1024 2371 is
1051 2334 1151 2371 locus
1178 2334 1230 2370 illi
1255 2334 1345 2371 turri
1370 2333 1460 2371 delle
1483 2335 1557 2371 mi-

99 2387 186 2430 lizie
208 2392 410 2439 Tiberiane,
437 2393 483 2431 de
509 2407 583 2444 qua
601 2406 697 2445 quae
723 2394 918 2431 traduntur
943 2395 1041 2445 apud
1065 2395 1270 2432 Nardinum
1289 2399 1314 2431 2
1338 2408 1376 2446 p.
1392 2398 1439 2433 71
1469 2406 1558 2433 uera

99 2451 232 2492 iudicat
267 2461 303 2491 et
335 2456 582 2493 memorabilia
615 2457 695 2506 ipse
727 2455 891 2492 Bunsen.
927 2455 953 2492 1.
981 2456 1056 2493 ind.
1084 2469 1123 2506 p.
1139 2458 1202 2494 40.
1255 2457 1366 2501 Quod
1402 2457 1432 2495 si
1465 2457 1558 2494 haec

102 2511 208 2552 fidem
233 2525 431 2563 merentur,
458 2518 626 2568 apprime
653 2517 877 2555 conueniunt
902 2529 986 2555 cum
1013 2519 1135 2556 uerbis
1161 2519 1284 2556 Taciti
1308 2519 1393 2556 hist.
1421 2523 1460 2568 1,
1485 2521 1556 2556 312

101 2574 335 2627 Praeceptum
350 2579 498 2617 Amulio
518 2581 651 2628 Sereno
674 2583 709 2617 et
726 2580 889 2617 Domitio
907 2578 1046 2616 Sabino
1068 2577 1369 2630 primipilcwibus,
1395 2584 1438 2617 ut
1461 2580 1558 2618 Ger·-

103 2638 262 2675 manicoe
294 2641 428 2679 „alites
454 2653 474 2677 e
500 2640 702 2679 Libertatis
725 2640 835 2678 Atrio
871 2645 1105 2681 accerserent,
1165 2641 1273 2679 Vnde
1305 2641 1335 2679 si
1369 2641 1393 2678 ii
1426 2641 1555 2678 milites

102 2695 248 2747 longum
274 2708 310 2738 et
335 2702 483 2741 denium
509 2702 578 2741 iter
604 2701 824 2751 habuerunt,
851 2702 905 2740 uti
931 2701 1017 2740 dicit
1042 2702 1146 2741 Suet.
1170 2702 1280 2740 Galb.
1308 2704 1370 2748 20,
1397 2702 1460 2740 uix
1486 2695 1555 2738 uti-

1146 2764 1163 2800 1
1190 2767 1215 2800 2
