1685 2954
157 83 295 115 vam
796 82 966 114 vmama

157 191 200 223 ut
224 183 373 223 Verrius
398 183 552 234 scripsit,
577 182 714 222 Vinire.
763 183 927 236 Vtroque
952 197 1042 223 uero
1067 185 1105 223 in
1130 184 1192 224 die
1217 196 1328 224 unam
1351 191 1492 225 tantum
1518 200 1605 239 pro·
1666 174 1669 187 ⁴

157 248 264 284 basse
288 246 489 283 Varronem
524 244 754 283 manifestum
785 252 866 296 est,
902 248 933 285 si
958 246 1069 285 modo
1100 259 1173 284 non
1199 247 1404 298 ignorauit,
1434 249 1535 298 quod
1560 261 1607 287 ex

159 309 273 349 Paulo
293 308 405 344 Festo
432 305 551 344 reddit
569 307 778 353 Muellerus,
804 308 916 359 idque
941 310 987 346 ab
1015 309 1232 359 etymologia
1257 321 1330 346 non
1356 314 1412 346 est
1436 308 1606 348 alienum.
1652 327 1658 337 ·

158 371 234 408 lam
259 370 337 406 siue
368 374 468 406 recte
495 368 667 407 iudicauit
691 370 833 418 Varro,
859 371 960 418 siue,
986 370 1085 421 quod
1111 370 1187 408 eius
1212 369 1342 408 editori
1367 370 1508 420 placet,
1534 385 1607 409 non
1664 410 1667 415 Α

157 437 257 469 recte
283 437 320 467 et
343 428 492 478 frustra,
519 438 656 469 certum
683 438 738 469 est
763 438 906 469 ueteres
931 431 1028 482 ipsos
1050 429 1234 470 dubitasse
1258 432 1294 468 in
1321 431 1388 469 hac
1414 444 1469 481 re,
1496 439 1608 483 atque
1665 448 1667 462 ι

156 493 242 530 hinc
266 492 541 529 inconstantiam
565 493 601 530 in
628 494 721 530 notis
748 493 789 530 iis
814 492 941 530 diebus
969 492 1144 531 addendis
1170 501 1286 531 ortam
1309 495 1483 532 existimo.
1514 495 1607 532 Eam
1663 538 1665 543 ,

157 562 280 592 tamen
305 554 342 591 in
367 554 549 604 prioribus
573 553 671 591 feriis
700 566 773 603 quo
799 554 912 603 magis
938 553 1150 602 considero,
1186 567 1232 592 eo
1264 555 1351 592 milii
1385 557 1518 593 rectius
1548 556 1609 593 iu-

156 616 297 654 dicasse
321 615 440 653 Varro
476 615 632 652 uidetur.
693 615 843 652 Certum
881 621 938 652 est
969 615 1046 652 eius
1081 622 1202 653 aetate
1236 627 1271 653 a.
1297 616 1334 653 d.
1361 618 1411 655 IX
1429 618 1491 655 Kl’
1517 618 1607 656 Mai.

157 690 302 716 sacrum
327 677 473 728 publice
499 677 637 714 nullum
661 675 799 713 sactum
825 689 926 714 esse:
950 676 1045 713 Iouis
1072 678 1210 723 nullum
1233 686 1506 728 commemorat,
1532 692 1609 717 me·

156 740 339 778 retr-icium
367 739 549 788 priuatum
580 744 683 785 erat,
719 750 789 775 nec
824 738 907 775 olim
934 737 1036 786 fieri,
1070 739 1224 788 opinor,
1261 741 1461 777 consueuit.
1515 742 1610 777 Ante

156 813 260 839 suam
289 806 447 838 aetatem
474 800 626 837 Veneris
665 799 777 836 ullum
812 798 924 836 fuisse
959 800 1115 848 negabat
1150 813 1232 837 cum
1259 802 1406 838 Cincio:
1442 801 1490 838 de
1514 801 1609 838 louis

157 863 333 901 sacrificio
361 862 580 912 comperisse
608 860 775 909 uidetur,
808 868 846 898 et
874 874 939 898 cur
962 860 998 897 id
1025 862 1110 898 olim
1136 862 1170 898 in
1200 875 1265 899 usu
1290 862 1422 911 suerit,
1457 863 1610 913 posthac

155 925 373 974 abrogatum
399 924 458 972 sit,
483 930 605 974 potest
629 923 795 975 diuinari.
849 922 1029 960 Nimirum
1056 929 1251 974 antequam
1276 925 1388 962 Flora
1415 926 1511 962 culta
1538 931 1609 972 est,
1646 933 1652 942 '

156 986 206 1024 de
232 987 340 1023 rebus
365 985 597 1024 florescendis
623 985 760 1034 Iupiter
783 985 998 1034 cognomine
1025 984 1217 1034 Frugifer,
1253 985 1388 1035 Appul.
1413 986 1459 1024 de
1485 987 1610 1026 mund.

155 1061 197 1100 p.
211 1042 428 1094 371'Oud„
465 1048 542 1084 siue
569 1059 650 1083 cum
677 1046 869 1095 Hartungo
897 1045 1112 1096 Fruyifcrus
1137 1046 1310 1084 dicendus
1343 1054 1412 1096 est,
1437 1049 1612 1099 implora-

155 1112 282 1158 batur,
309 1109 470 1159 inprimis
491 1107 692 1154 Vinalibus,
718 1119 798 1144 cum
822 1109 860 1144 in
886 1121 949 1157 spe
972 1111 1062 1145 uitis
1086 1113 1176 1145 erat.
1230 1109 1286 1146 Ea
1308 1122 1395 1146 cura
1418 1117 1610 1161 postquam

153 1172 290 1211 Florae
317 1170 494 1219 mandari,
522 1169 634 1207 Ouid.
661 1169 699 1217 5,
727 1170 815 1214 264,
843 1171 931 1217 269,
959 1172 1047 1217 323,
1075 1171 1184 1220 eique
1209 1183 1351 1207 sacrum
1377 1171 1457 1208 fieri
1482 1172 1609 1221 quinto

158 1246 183 1273 a
206 1233 396 1271 Vinalibus
422 1232 481 1269 die
507 1232 627 1281 coepit
653 1242 748 1267 anno
775 1231 824 1268 V.
852 1231 897 1268 C.
924 1232 1014 1279 516,
1041 1232 1086 1267 ab
1114 1244 1157 1268 eo
1184 1232 1268 1269 inde
1294 1239 1458 1282 tempore
1484 1223 1612 1282 quem-¹·

159 1295 357 1334 admodum
384 1294 559 1331 memoria
584 1293 725 1341 pristini
761 1292 854 1328 sacri
888 1291 934 1327 ad
971 1298 1165 1342 utrumque
1203 1307 1333 1331 nomen
1367 1295 1542 1344 applicari
1574 1302 1612 1333 et

157 1359 313 1397 Veneris
339 1357 456 1393 cultus
483 1362 679 1404 utrumque
704 1353 799 1390 diem
836 1365 1017 1403 occupare
1049 1356 1232 1403 potuerit,
1266 1357 1479 1406 praesertim
1506 1364 1610 1395 ante-

157 1433 269 1472 quam
294 1417 517 1469 grammatici
542 1417 596 1453 ius
621 1416 846 1466 pontificium
873 1414 1099 1453 addiscerent
1125 1423 1162 1454 et
1189 1418 1298 1467 uulgo
1327 1419 1525 1467 aperirent,
1551 1419 1610 1456 fa-

157 1481 248 1530 cile,
276 1487 317 1517 ut
342 1486 456 1531 puto,
483 1478 706 1527 intelligitur.
759 1478 794 1513 T
799 1490 870 1513 unc
897 1484 1018 1514 autem
1046 1484 1165 1514 actum
1193 1485 1247 1515 est
1273 1478 1320 1516 de
1345 1479 1473 1517 harum
1500 1480 1611 1518 seria-

157 1556 240 1581 rum
266 1541 502 1580 sanctimonia
527 1547 564 1577 et
591 1540 671 1579 sine
696 1539 807 1575 dubio
834 1540 972 1588 optimo
1006 1541 1085 1576 iure
1111 1540 1259 1577 Verrius
1287 1541 1466 1589 prioribus
1493 1542 1612 1580 Vina-

155 1606 251 1645 libus
276 1605 333 1642 fas
359 1615 438 1640 esse
464 1602 619 1652 scripsit.
670 1601 787 1639 Simili
821 1600 929 1637 modo
965 1602 1099 1651 aliquid
1125 1602 1351 1639 imminutum
1377 1614 1457 1639 esse
1481 1604 1517 1640 in
1544 1617 1613 1654 po·

154 1667 349 1707 steriorum
375 1665 557 1702 Vinalium
588 1664 784 1713 religione,
819 1675 900 1699 cum
928 1663 1116 1712 signantur
1141 1662 1171 1700 F
1186 1663 1275 1718 .P,·
1298 1664 1551 1716 qualecunque
1574 1666 1613 1704 id

155 1735 237 1774 est,
263 1727 362 1779 quod
388 1727 591 1771 indicatur,
626 1725 831 1775 suspiceris.
884 1725 1041 1762 Causam
1069 1727 1146 1762 eius
1173 1733 1282 1762 notae
1308 1732 1345 1762 et
1371 1727 1470 1776 quod
1496 1727 1613 1765 Varro

155 1793 197 1840 6,
223 1793 275 1827 20
301 1802 412 1826 unum
438 1788 592 1825 Veneris
629 1788 827 1836 templum,
863 1786 1010 1824 Verrius
1036 1787 1117 1824 loco
1142 1786 1218 1824 ind.
1245 1786 1320 1824 duo
1347 1795 1487 1825 sacrata
1512 1789 1613 1838 dicit,

154 1852 266 1891 credo
290 1864 400 1888 unam
421 1861 501 1888 esse
520 1855 557 1885 et
580 1847 747 1885 eandem.
787 1847 828 1884 ld
851 1848 1042 1898 templum,
1067 1848 1166 1898 quod
1186 1848 1390 1886 dedicatum
1411 1851 1461 1886 ait
1479 1849 1614 1898 Varro,

155 1914 268 1953 credo
290 1914 418 1960 fuisse,
445 1911 547 1948 cuius
570 1909 690 1946 locum
709 1909 840 1946 Festus
859 1909 909 1947 ud
934 1910 1076 1948 circum
1096 1911 1297 1947 maximum
1320 1910 1465 1947 indicat.
1503 1912 1614 1949 Com-

154 1975 348 2015 memorari
386 1981 571 2025 postremo
610 1970 707 2020 apud
734 1970 881 2008 Liuium
918 1971 1063 2009 uidetur
1087 1973 1152 2019 29,
1181 1974 1230 2008 37
1264 1984 1360 2009 anno
1387 1972 1433 2010 V.
1453 1973 1497 2010 C.
1524 1974 1612 2012 548.

153 2037 254 2075 Nihil
280 2037 389 2086 igitur
413 2036 564 2082 obstat,
591 2032 783 2083 quominus
813 2032 936 2070 Ouidii
962 2040 1083 2070 aetate
1109 2033 1249 2083 pridem
1276 2034 1475 2084 collapsum
1501 2041 1614 2085 pute-

153 2105 239 2137 tur:
278 2111 362 2137 nam
389 2096 488 2149 quod
527 2096 563 2133 in
588 2095 794 2144 fragmento
825 2095 1110 2145 Capraoicorum
1135 2083 1339 2140 indicaturJ
1372 2095 1408 2132 id
1436 2097 1614 2135 tralaticio

153 2173 272 2210 more,
298 2168 338 2198 ut
358 2159 582 2210 saepissime,
607 2157 661 2194 fit.
712 2157 786 2194 Ista
810 2156 920 2206 igitur
941 2169 1052 2193 causa
1074 2163 1143 2203 est,
1170 2156 1267 2207 quod
1287 2158 1412 2195 tabula
1429 2157 1615 2196 Mafleana

153 2228 279 2261 notam
306 2221 375 2258 NP
404 2234 476 2259 non
503 2220 658 2272 apponit
685 2218 872 2256 vinalibus
898 2218 983 2256 XiV
1006 2219 1068 2255 ΚΡ
1089 2219 1195 2269 Sept.
1248 2219 1411 2256 Alterum
1437 2220 1615 2270 templum
1681 2212 1685 2245 i

153 2295 178 2322 a
202 2284 333 2321 Verrio
359 2283 532 2321 traditum
561 2281 682 2321 Varro
708 2280 867 2327 omittit,
893 2279 959 2316 sed
985 2285 1124 2317 tantum
1151 2281 1260 2318 ferias
1287 2281 1615 2318 holitorumucom-

153 2351 345 2383 memorat.
406 2346 516 2395 Atqui
553 2345 647 2381 inter
680 2355 743 2380 eas
779 2342 1055 2379 hortulanorum
1091 2342 1198 2380 serias
1235 2350 1271 2380 et
1306 2344 1432 2393 templi
1467 2343 1615 2381 alterius
1678 2336 1679 2340 ¹

155 2405 421 2444 dedicationem
459 2406 595 2457 aliquid
630 2417 744 2443 nexus
788 2404 1034 2442 intercessisse
1069 2403 1176 2441 docet
1210 2405 1310 2442 Festi
1349 2405 1479 2441 uocula
1514 2406 1613 2454 quia.

156 2466 264 2517 Nego
292 2473 413 2507 tamen
441 2467 690 2518 quaerendum
717 2477 903 2513 esse‚,cur
922 2466 1039 2503 Varro
1067 2467 1241 2517 templum
1268 2466 1437 2510 omiserit,
1466 2465 1531 2503 sed
1549 2477 1616 2503 cur

155 2528 265 2567 serias
291 2528 508 2565 adhibuerit.
552 2528 594 2565 Id
623 2541 710 2566 uero
739 2540 812 2564 non
838 2527 1019 2564 facturum
1047 2539 1128 2565 eum
1154 2528 1264 2565 fuisse
1285 2540 1431 2575 censeo,
1459 2528 1525 2564 nisi
1547 2539 1615 2565 sua

157 2592 227 2627 iam
253 2596 375 2627 aetate
401 2589 447 2626 de
472 2590 511 2626 iis
538 2590 634 2627 seriis
651 2617 663 2638 ,
699 2590 801 2626 cuius
837 2596 982 2637 essent,
1017 2591 1263 2627 controuersia
1289 2590 1428 2626 suisset.
1481 2589 1614 2639 Neque

158 2653 253 2690 enim
278 2651 371 2690 solet
404 2651 535 2700 serias,
572 2663 668 2701 quae
704 2652 813 2689 totius
839 2652 965 2702 populi
993 2663 1065 2688 non
1092 2658 1220 2700 erant,
1254 2651 1459 2701 explicare:
1499 2652 1536 2699 §.
1562 2653 1612 2687 22
