1685 2954
176 73 252 104 XVI
655 75 710 105 DE
741 74 835 104 TAB.
866 76 1109 106 MAFFEANAE

277 176 378 211 Hanc
404 175 585 221 tabulam,
617 187 834 225 quamquam
859 177 967 226 plane
998 177 1121 226 ignota
1156 191 1226 215 non
1255 185 1330 226 est,
1364 190 1470 217 nemo
1495 180 1613 219 adhuc

173 235 300 285 attigit,
327 248 432 272 nemo
460 237 551 285 typis
578 238 760 286 repetiuit,
787 238 870 288 quin
899 239 1137 288 negligentiae
1164 252 1251 276 suae
1277 252 1416 277 errores
1442 241 1475 278 ei
1501 241 1612 279 infer-

172 303 242 345 ret,
269 298 366 334 leues
394 296 545 332 fortasse
563 298 638 334 eius
655 299 799 346 iudicio,
824 300 884 348 qui
911 304 1083 348 (sitantum
1108 301 1180 346 fati
1207 314 1324 349 parua
1350 301 1480 339 tabella
1505 302 1614 340 uehat

171 360 297 396 nescit.
362 358 488 406 Agitur
525 357 570 395 de
606 359 813 397 adiumento
856 361 965 410 longe
1001 363 1268 410 exoptatissimo
1309 363 1614 411 interpretationis

171 419 400 464 Ouidianae‚
427 431 499 468 quo
525 431 630 456 nemo
658 420 743 456 dum
771 434 854 458 usus
883 429 950 459 est.
1005 423 1132 472 Itaque
1158 436 1238 460 cum
1265 425 1299 461 id
1329 430 1614 472 monumentum,
1683 452 1685 492 4

170 481 268 531 quod
296 491 361 516 nec
387 481 462 516 aliis
488 481 521 516 in
550 481 655 517 rebus
682 489 782 517 tanto
811 483 888 519 usui
914 483 1005 531 fuit,
1031 492 1166 534 quanto
1196 497 1275 522 esse
1301 487 1490 535 potuisset,
1518 497 1615 522 nunc

170 541 314 579 demum
349 553 393 578 eo
428 555 499 591 quo
535 542 644 578 debet
674 543 753 578 loco
789 543 951 580 futurum
986 547 1053 593 sit,
1092 559 1162 582 non
1194 548 1270 583 sine
1298 548 1441 596 egregia
1466 547 1615 584 fortuna

169 602 247 640 fieri
273 615 376 649 reor,
412 611 451 639 ut
476 604 636 652 iniquum
670 603 763 639 istud
797 603 933 651 fatum,
971 619 1042 655 quo
1071 620 1184 657 usque
1220 609 1338 644 adbuc
1364 608 1612 658 premebatur,

168 665 270 714 quasi
289 665 398 700 retexi
414 665 538 713 possit.
577 664 858 714 Exprimendum
881 667 975 702 enim
999 669 1122 704 curaui
1148 681 1192 705 ex
1207 670 1418 719 apographo
1442 670 1614 718 omnium,

169 737 264 775 quae
283 724 594 771 circumferuntur,
622 726 752 774 primo,
779 727 844 762 nisi
873 727 990 774 fallor,
1014 729 1158 778 reliquis
1179 731 1403 777 accuratiori,
1431 736 1470 767 ut
1491 737 1614 767 osten-

169 785 265 823 dam.
325 786 548 822 Bibliotheca
586 787 684 834 regia
710 787 951 824 Berolinensis
978 789 1129 825 schedas
1154 790 1308 826 Vinandi
1334 791 1449 839 Pighii
1475 798 1613 839 seruat,

168 849 231 899 qui
267 849 312 883 ab
349 860 446 884 anno
485 848 581 883 1548
613 847 690 884 sere
716 848 761 884 ad
789 861 921 885 annum
964 850 1061 886 1556
1088 851 1228 886 Romae
1263 851 1439 888 litteratos
1475 853 1613 902 lapides

168 922 300 959 magno
327 909 444 945 studio
471 911 616 944 rimatus
645 914 698 944 est
730 916 766 945 et
793 909 958 960 exempla
984 912 1159 960 sumpsit,
1195 912 1324 961 quibus
1351 918 1480 961 postea
1507 914 1612 950 Gru-

168 977 266 1009 terus
293 972 326 1006 in
355 970 523 1006 thesauro
551 983 634 1006 usus
668 977 732 1006 est.
786 971 955 1008 Tabulae
987 973 1079 1009 illius
1117 973 1392 1022 descriptionem
1425 974 1544 1011 inueni
1577 975 1614 1012 in

167 1032 350 1070 uolumine
377 1033 422 1068 ab
451 1032 525 1067 eius
545 1043 653 1067 manu
675 1032 808 1081 scripto
829 1033 1012 1080 insertam,
1041 1034 1138 1083 quod
1158 1042 1303 1071 notatur
1321 1036 1389 1072 Ms.
1408 1036 1470 1073 lat.
1488 1036 1553 1073 sol.
1564 1037 1615 1073 96

166 1101 204 1132 et
238 1094 462 1130 inscribitur:
507 1096 553 1130 1η
586 1093 706 1139 fastos
731 1097 980 1131 Romanorum
1012 1094 1237 1144 pontificales
1272 1100 1527 1134 commentaria
1567 1108 1615 1133 ex

166 1155 290 1194 ordine
316 1160 349 1191 et
375 1155 480 1192 ductu
507 1154 652 1191 tabulae
677 1155 862 1193 cuiusdam
888 1169 1109 1193 marmoreae
1135 1160 1305 1206 antiquae
1330 1171 1420 1207 quae
1443 1159 1616 1197 hactenus

168 1221 308 1257 Romae
333 1221 501 1253 seruatur
528 1219 564 1252 in
600 1216 744 1254 aedibus
770 1218 1039 1267 Maphueorum
1071 1231 1134 1267 per
1160 1219 1283 1268 Steph.
1314 1219 1519 1257 Vinandum
1546 1222 1614 1257 Pi-

167 1280 300 1328 9hium.
352 1279 408 1315 Ex
436 1290 478 1314 eo
507 1280 761 1315 commentario
796 1279 888 1315 infra
916 1280 1126 1330 depromam
1153 1281 1340 1328 nonnulla,
1367 1293 1461 1331 quae
1486 1281 1534 1317 ad
1559 1281 1613 1318 hi-

167 1343 314 1378 storiam
341 1340 445 1376 huius
472 1341 616 1376 tabulae
643 1342 836 1390 pertinent.
894 1342 950 1378 De
983 1354 1024 1378 ea
1053 1342 1167 1385 enim,
1195 1341 1440 1391 praeterquod
1465 1343 1613 1380 inuenta

168 1414 247 1440 esse
274 1414 368 1438 anno
392 1403 489 1438 1547
515 1402 678 1446 traditur,
707 1404 807 1439 nimis
835 1405 946 1440 multa
973 1405 1198 1453 ignorantur.
1251 1403 1369 1440 Nemo
1395 1404 1526 1448 locum,
1553 1405 1613 1440 ubi

168 1465 291 1502 tabula
312 1465 456 1500 inuenta
474 1465 533 1510 sit,
562 1465 744 1511 indicauit,
772 1466 867 1514 quod
891 1466 971 1501 sciri
993 1465 1049 1501 uel
1070 1466 1224 1501 maxime
1250 1467 1442 1502 intererat:
1467 1464 1614 1514 quando
1637 1502 1641 1505 ,

167 1539 214 1564 ex
240 1526 423 1563 hominum
451 1535 645 1575 conspectu
673 1539 794 1562 rursus
821 1528 1031 1573 eminuerit,
1066 1539 1136 1563 non
1162 1528 1275 1575 magis
1301 1531 1460 1561 constat:
1497 1525 1614 1562 Blan-

166 1587 325 1634 chinius,
363 1588 462 1623 cuius
498 1589 627 1624 librum
664 1587 710 1624 de
747 1588 949 1624 calendario
986 1596 1022 1624 et
1058 1589 1157 1636 cyclo
1187 1587 1351 1624 Caesaris
1378 1587 1485 1623 Rom.
1516 1589 1613 1624 1703

165 1650 323 1686 nancisci
350 1662 421 1685 non
451 1649 574 1699 potui,
603 1649 800 1686 secundum
828 1650 975 1687 Saxium
1004 1649 1050 1685 ad
1077 1650 1252 1685 Vaassen.
1279 1648 1469 1684 Animadu.
1495 1660 1612 1698 1>.xv

165 1711 310 1748 minime
336 1711 448 1759 ipsam
479 1710 635 1747 tabulam
664 1710 770 1755 uidit,
800 1719 896 1748 certe
924 1724 994 1747 non
1023 1710 1111 1746 uidit
1137 1723 1232 1746 anno
1261 1711 1382 1757 1704,
1409 1709 1508 1759 quod
1534 1716 1614 1746 tra-

166 1773 219 1810 dit
243 1773 440 1821 Fogginius
467 1772 568 1810 Fast.
595 1771 727 1807 Praen.
756 1785 795 1821 p.
810 1774 874 1810 99.
929 1772 1016 1809 Inde
1044 1785 1065 1807 a
1088 1772 1254 1820 Fogginii
1279 1777 1399 1808 aetate
1425 1784 1448 1807 a
1470 1771 1615 1808 nemine

166 1840 359 1883 conspecta
386 1840 453 1877 est,
481 1840 654 1882 quantum
682 1834 802 1870 sciam.
857 1834 951 1870 Dum
979 1840 1092 1880 extat,
1120 1832 1302 1882 descripta
1329 1838 1385 1869 est
1409 1832 1612 1883 quinquies.

165 1897 333 1946 Sigonius
359 1895 456 1945 apud
484 1894 614 1930 Aldum
641 1895 913 1944 imprimendam
942 1896 1103 1941 curauit,
1129 1895 1304 1931 incertum
1318 1905 1404 1946 „quo
1430 1906 1548 1947 anno,
1574 1899 1613 1931 et

166 1970 253 1996 num
287 1965 371 1994 ante
400 1956 588 2005 Pighium:
624 1956 660 1993 id
694 1957 811 2006 ipsum
846 1962 966 1992 autem
993 1955 1226 2005 Sigonianum
1253 1955 1458 2005 exemplum
1483 1961 1613 2006 postea

165 2020 295 2057 Aldum
322 2013 507 2069 repetiisse
532 2019 567 2054 in
600 2017 888 2067 Orthographiao
913 2020 1052 2055 ratione
1082 2019 1169 2053 Ven.
1192 2017 1289 2053 1566
1316 2017 1469 2066 cognoui
1494 2027 1541 2054 ex
1565 2027 1611 2054 eo

165 2083 399 2132 epistolarum
428 2080 507 2116 Aldi
534 2080 628 2126 loco,
657 2091 764 2127 quem
795 2080 924 2116 Saxius
950 2091 1083 2129 p.x1v
1109 2079 1255 2115 indicat.
1309 2077 1480 2115 Secunda
1504 2078 1613 2128 igitur

165 2142 255 2180 haec
282 2142 362 2178 Aldi
389 2141 497 2178 editio
525 2148 606 2188 est,
634 2152 741 2190 quam
769 2142 880 2177 oculis
905 2142 1092 2191 usurpaui.
1145 2139 1313 2178 Proxime
1338 2140 1439 2176 Arias
1465 2139 1612 2176 Monta-

164 2217 232 2242 nus
259 2204 487 2254 Antwerpiae
525 2205 622 2240 1574
656 2203 853 2252 expressit,
892 2210 984 2239 teste
1020 2202 1129 2239 Saxio
1158 2216 1196 2252 p.
1213 2213 1319 2249 ΧΠ,
1352 2199 1453 2250 quod
1484 2198 1614 2236 solium

164 2278 237 2304 non
263 2264 359 2309 uidi,
386 2264 450 2301 sed
476 2266 632 2301 imitatus
661 2263 748 2300 illud
775 2263 904 2300 dicitur
931 2266 1111 2301 Graeuius
1137 2265 1173 2301 in
1200 2263 1370 2301 thesauro
1395 2268 1423 2298 t.
1443 2262 1468 2298 8
1493 2273 1532 2312 p.
1548 2263 1613 2299 13.

164 2326 271 2365 Aliud
294 2325 453 2364 eiusdem
478 2327 572 2364 modi
592 2333 747 2376 ectypon
770 2334 915 2363 secutus
935 2327 1080 2364 uidetur
1096 2325 1340 2370 Blancliinius,
1368 2323 1489 2360 nescio
1510 2322 1621 2360 cuius·

163 2391 272 2436 anni,
307 2388 394 2436 sed,
430 2395 470 2425 ut
497 2395 675 2438 apparet,
702 2394 786 2438 post
811 2388 1020 2426 thesaurum
1045 2387 1305 2424 Gruterianum
1331 2385 1448 2436 primo
1473 2383 1613 2422 editum

163 2463 258 2488 anno
281 2452 400 2497 1601‚·
418 2450 480 2486 ubi
505 2444 623 2499 ipsum
644 2449 757 2499 Pighii
783 2451 988 2500 exemplum
1008 2462 1081 2486 non
1108 2448 1374 2485 accuratissime
1399 2456 1611 2496 expressum

161 2514 293 2563 legitur
319 2525 356 2562 p.
373 2523 563 2555 cxxxul.
615 2512 803 2549 Postremo
828 2512 1024 2562 Fogginius
1058 2508 1262 2561 exemplum
1297 2508 1449 2559 protulit
1481 2507 1613 2545 inuen—

160 2580 238 2612 tum
264 2575 299 2612 in
326 2573 450 2611 codice
475 2573 666 2621 Vaticano,
693 2573 791 2624 quod
817 2573 864 2610 ad
890 2573 1072 2622 Pyrrhum
1098 2571 1283 2622 Ligurium
1310 2567 1472 2620 aliosque
1496 2580 1618 2619 quos-⁸,

157 2634 242 2674 dam
265 2642 431 2675 auctores
456 2634 637 2674 refertur:
665 2636 808 2674 adiecta
834 2635 944 2674 etiam
966 2641 1045 2673 erat
1071 2633 1266 2684 descriptio
1291 2629 1472 2683 quaedam
1497 2629 1611 2681 ipsius
1631 2661 1633 2665 Α
1683 2633 1685 2638 ’

1566 2804 1582 2816 5
