1685 2954
150 67 233 113 274
649 47 653 53 ³
709 78 1026 111 nasa-ouva

204 179 485 232 Praeteream,
510 177 734 220 referamne
763 184 889 231 tuum,
920 177 1142 220 rubicunde
1168 180 1329 236 Priape,

259 242 487 288 Dedecus?
515 246 724 299 est-multi
749 246 886 287 fabula
913 259 1040 300 parua
1068 246 1162 289 ioci·

204 312 423 368 'turrigera
450 313 622 354 frontem
650 314 810 368 Cybele
839 313 1025 355 redimita
1052 326 1201 356 corona
1512 321 1590 357 31⁵

258 380 475 422 conuocat
502 387 695 422 aeternos
721 381 774 422 ad
803 393 880 422 sua
905 381 1018 422 festa
1046 380 1167 423 deos:

202 446 421 490 Conuocat
450 454 494 490 et
521 454 687 501 satyros
715 453 772 501 et,
800 449 954 491 rustica
982 449 1157 501 numina,
1188 447 1412 503 nymphas:

257 515 438 569 Silenus,
467 514 654 569 quamuis
682 527 804 557 nemo
832 521 1013 570 uocarat,
1044 516 1178 557 adest.

201 581 297 623 Nec
325 583 435 635 licet,
465 587 509 623 et
537 583 702 637 longum
730 588 799 623 est
827 583 971 634 epulas
998 594 1162 623 narrare
1187 581 1364 627 deorum.

254 649 299 689 In
328 649 454 689 multo
479 661 563 689 nox
592 655 659 690 est
683 649 928 702 peruigilata
957 660 1082 688 mero.
1512 655 1591 690 320

200 715 255 755 Hi
283 720 439 756 temere
468 716 655 756 errabant
682 715 724 755 in
751 727 910 768 opacae
937 713 1112 755 uallibus
1140 715 1250 766 Idae,

254 782 359 823 Pars
387 782 499 823 iacet
533 787 578 822 et
606 780 715 822 molli
742 781 927 836 gramine
962 782 1143 822 membra
1171 783 1301 836 leuat,

200 846 256 890 Hi
281 846 435 901 ludunt,
465 849 542 890 hos
571 859 747 890 somnus
769 848 906 901 habet,
937 860 1034 902 pars
1063 848 1230 889 brachia
1257 847 1388 889 nectit

253 916 310 956 Et
336 916 505 957 uiridem
535 912 660 958 celeri
688 920 752 956 ter
781 915 890 969 pede
918 916 1057 968 pulsat
1083 916 1261 956 humum.

199 982 336 1023 Vesta
363 983 476 1024 iacet
503 982 788 1038 placidamque
816 983 929 1036 capit
957 995 1106 1024 secura
1133 982 1329 1036 quietem,
1512 987 1589 1023 325

251 1049 373 1091 Sicut
401 1055 503 1101 erat,
531 1050 710 1102 positum
741 1051 901 1103 cespite
930 1050 1032 1090 fulta
1060 1055 1197 1102 caput.

196 1116 256 1157 At
279 1116 397 1157 ruber
425 1116 629 1163 hortorum
659 1122 805 1157 custos
830 1117 1117 1170 nymphasque
1148 1117 1332 1169 deasque

253 1182 421 1235 Captat,
450 1189 494 1223 et
521 1188 705 1224 errantes
732 1183 893 1236 fertque
923 1183 1132 1236 refertque
1160 1182 1302 1236 pedes.

201 1249 365 1303 Aspicit
395 1255 439 1291 et
467 1250 655 1290 Vestam.
695 1249 872 1303 dubium,
899 1250 1174 1303 nymphamne
1203 1249 1366 1302 putarit,

144 1372 179 1407 in
206 1370 331 1407 affrica
356 1370 511 1407 maxime
543 1369 724 1407 habentur
755 1381 850 1419 quae
883 1376 940 1406 est
975 1370 1069 1406 sicca
1100 1376 1210 1407 terra.
1238 1370 1261 1406 l'
1281 1371 1461 1419 pumiceas
1516 1372 1591 1408 onit

144 1434 212 1470 pro
235 1421 396 1470 quolibet
421 1432 508 1457 saxo
536 1433 578 1456 .1.
606 1420 781 1469 lapideas
885 1423 970 1456 313.
998 1420 1193 1457 Praeterea
1215 1421 1281 1457 ref.
1302 1419 1441 1458 EMP
1504 1421 1591 1459 ³FA

146 1471 212 1507 Te
220 1483 407 1520 ympma.
420 1483 489 1507 sec.
504 1473 551 1506 33
563 1471 613 1506 44
637 1472 768 1518 uiginti
795 1472 948 1519 quinque
973 1475 1006 1506 et
1031 1470 1108 1507 edd.
1128 1483 1222 1508 saec.
1243 1483 1318 1507 xv.
1362 1471 1518 1508 reseram
1545 1485 1591 1509 ne

142 1524 235 1558 DE.
275 1520 478 1557 referamne
496 1519 557 1557 A.
598 1522 678 1556 rub.
707 1533 825 1569 papee
852 1520 871 1556 b
888 1533 962 1556 nia.
980 1532 1038 1569 pr.
1142 1522 1230 1558 314.
1258 1528 1311 1556 est
1338 1522 1451 1557 multo
1477 1522 1505 1557 s.
1522 1522 1586 1570 pl.

143 1573 223 1608 ioco
256 1568 307 1608 Ψ.
360 1571 434 1607 sab.
463 1571 570 1619 plena
601 1568 1135 1619 GOEMNIIWETbypst
1160 1572 1289 1618 uiyinti
1314 1570 1427 1616 ferme
1451 1575 1484 1607 et
1510 1571 1589 1608 edd.

142 1633 237 1658 saec.
256 1632 331 1657 xv.
388 1620 492 1665 Quod-
524 1625 702 1668 receptum
727 1625 780 1657 est
811 1632 857 1657 σοι·
882 1623 1022 1670 passim
1055 1620 1198 1657 collatis
1223 1622 1589 1666 341012202133,

142 1677 219 1707 lum
249 1672 369 1707 Guar.
386 1677 483 1707 sci-‚⁵
567 1671 652 1706 315.
688 1671 923 1718 Turrigeram
952 1668 1481 1708 BGEFGffltest.Heins.A
1489 1669 1590 1708 MN

143 1718 228 1757 PH
242 1718 328 1758 ΨΑ
339 1719 487 1767 ΤῦσῙἨ
497 1723 654 1769 ‘mprs3
680 1720 923 1768 undetriy'mta
949 1725 982 1756 ct
1000 1725 1087 1756 vett.
1109 1719 1162 1758 ed.
1207 1720 1440 1758 'rhun-iseram
1465 1721 1512 1758 fr.
1540 1719 1589 1758 Σ.

143 1773 179 1806 Τ
183 1784 255 1808 urr.
275 1771 400 1818 cybele
425 1771 580 1806 frontem
598 1768 660 1807 A.
700 1771 814 1814 9112&ss
838 1773 917 1807 mei.
959 1771 1101 1807 coronis
1128 1769 1182 1807 ed.
1199 1770 1296 1807 Rub.
1400 1773 1487 1809 316.
1512 1771 1588 1808 Ad-

145 1828 251 1858 uocat
281 1819 333 1856 (1).
383 1820 527 1856 Euocat
560 1820 642 1857 (ino.
691 1820 810 1857 Conu.
838 1820 994 1870 quadras
1029 1820 1075 1857 ad
1108 1818 1159 1857 Ψ.
1212 1821 1329 1857 Conu.
1357 1822 1523 1858 ethereus
1555 1821 1588 1859 b.

57 1869 61 1876 '
83 1893 98 1908 J.
143 1884 209 1908 sua
235 1883 339 1907 sacra
364 1870 413 1907 A
427 1869 467 1905 T
489 1870 572 1908 duo.
618 1881 683 1906 sua
708 1869 784 1906 fata
810 1870 864 1907 ed.
890 1873 977 1907 Ven.
1092 1873 1178 1907 317.
1213 1877 1350 1918 satyras
1374 1875 1435 1907 23.
1473 1873 1588 1917 satin,

77 1941 83 1958 :
143 1921 281 1970 nimph.
309 1922 390 1957 mci.
493 1923 579 1957 318.
608 1920 767 1957 Sillenus
794 1924 865 1957 Er.
905 1932 1011 1957 nemo
1037 1927 1186 1967 uocaget
1213 1913 1590 1968 EFAMWszo

144 1976 226 2008 vres-
269 1970 471 2016 n.1u0cauit
497 1973 539 2007 N
556 1968 657 2007 ‹iuoss¹
678 1983 714 2006 n.
739 1972 874 2007 uocarit
899 1975 958 2007 ll.
1061 1973 1148 2009 319.
1174 1971 1258 2007 Non
1286 1972 1343 2008 lic.
1360 1971 1400 2008 Ί).
1441 1984 1499 2021 ep.
1521 1985 1588 2008 nu-

144 2033 284 2058 merare
311 2018 477 2066 1⁴1²pr
498 2023 665 2068 quinque3
692 2018 784 2056 HA
799 2034 881 2058 aar.
899 2033 969 2058 scr.
1082 2024 1169 2057 320.
1205 2028 1259 2058 est
1284 2022 1452 2071 euigilata
1478 2019 1569 2068 (Μ’.2

144 2079 198 2107 est
225 2071 376 2120 peruigil
403 2077 482 2106 acta
509 2070 592 2106 duo.
696 2074 785 2107 321.
814 2072 871 2107 Hii
899 2071 1115 2108 BEFGA
1128 2070 1178 2108 Ψ.
1215 2072 1261 2107 Di
1288 2078 1372 2108 tem.
1391 2070 1540 2118 (G?)N

145 2120 186 2157 A
201 2121 243 2157 T
264 2120 381 2157 decem
404 2120 480 2166 fere
505 2120 581 2156 edd.
605 2123 683 2159 Vic.
704 2123 792 2157 Ven.
812 2121 899 2158 ΑΜ.
914 2124 1020 2170 prim.
1042 2134 1111 2159 sec.
1152 2122 1210 2158 Dii
1236 2129 1321 2158 tem.
1349 2121 1390 2158 bt
1414 2122 1468 2162 ed.
1487 2120 1582 2159 Rub.

145 2183 284 2221 opacae
301 2171 459 2221 follibus
486 2173 522 2207 D
535 2169 710 2208 FGAP
723 2169 810 2208 ΨΑ
822 2169 859 2207 Σ
870 2171 934 2220 Ty
943 2174 1126 2209 την-3320
1149 2171 1323 2210 undecim.
1371 2172 1466 2220 ydae
1494 2166 1580 2208 ᾶΣ.

198 2225 284 2258 322.
317 2221 468 2257 menbra
494 2223 542 2258 D.
591 2222 713 2258 leuent
740 2225 785 2259 E.
842 2224 966 2259 leuant
990 2219 1040 2258 Π
1045 2234 1065 2259 r
1090 2225 1242 2271 qeninque
1266 2227 1299 2260 ct
1324 2227 1409 2258 uett.
1430 2221 1483 2258 ed.

196 2275 283 2308 323.
317 2271 376 2306 Hii
403 2273 449 2307 Ε.
491 2284 662 2321 sompnus
688 2274 734 2308 E.
781 2272 904 2308 brach.
931 2274 1038 2308 uertit
1063 2275 1107 2309 P.
1147 2272 1269 2311 brach.
1296 2277 1444 2309 nectunt
1469 2269 1490 2305 b
1514 2279 1580 2304 sex

145 2327 179 2358 et
195 2325 281 2357 uest.
299 2320 354 2356 ed.
382 2320 502 2357 brach.
531 2323 639 2357 iactat
669 2320 709 2357 Φ
726 2327 759 2358 et
778 2326 827 2359 M
839 2335 921 2359 nar.
936 2334 1006 2360 scr.
1108 2325 1196 2359 324.
1223 2323 1312 2359 Pars
1339 2323 1409 2362 uir.⁴
1429 2321 1580 2367 quinque

145 2376 279 2407 eticett.
297 2370 351 2407 ed.
433 2372 541 2419 325.
570 2384 641 2420 que
667 2373 762 2421 rapit
788 2385 862 2411 sec.
878 2376 924 2409 Ε.
963 2373 1060 2422 capit
1085 2381 1224 2410 secreta
1239 2376 1288 2409 D.
1387 2370 1473 2405 326-
1501 2374 1580 2404 erat

145 2422 263 2471 posito
292 2417 388 2457 FA.
492 2424 579 2457 327.
608 2423 652 2457 At
679 2424 789 2459 rubus
817 2422 848 2459 b.
900 2425 944 2459 At
970 2425 1075 2460 rubet
1101 2436 1128 2461 e.
1183 2424 1291 2460 ruber
1316 2422 1500 2456 bor-torum
1528 2420 1579 2454 D·

145 2471 282 2520 nimph.
298 2474 376 2507 mel.
474 2474 559 2508 328.
586 2474 720 2522 Captet
736 2472 766 2518 ἴ.
801 2472 944 2522 stetque
960 2485 992 2510 r.
1081 2475 1166 2510 329.
1194 2472 1337 2508 dubium
1360 2476 1413 2506 est
1432 2467 1579 2517 nymph.

144 2519 319 2570 (nimph.)
345 2520 425 2557 libri
450 2533 571 2558 onnws
594 2524 752 2570 exceptis
778 2523 896 2561 otest.
913 2525 1074 2561 Gron.D
1089 2519 1580 2568 GAEeynnna.pr-.rs20

146 2574 193 2607 33
219 2581 284 2607 sex
310 2569 408 2606 aliis.
451 2572 587 2621 nimph.
618 2574 664 2609 G.
714 2573 895 2621 nimpham
923 2586 969 2610 ne
996 2576 1084 2610 DE.
1135 2570 1357 2619 nymphasne
1385 2571 1425 2605 F.
1472 2579 1579 2616 nym-

144 2621 327 2670 phamque
343 2622 447 2657 MT.
488 2634 534 2657 ne
559 2629 704 2670 putaret
731 2619 965 2671 DAma.pr.
977 2626 1037 2658 44.
1077 2633 1122 2658 ne
1147 2628 1293 2669 putares
1320 2619 1352 2655 b.
1393 2631 1440 2656 ne
1466 2624 1553 2668 put?

1682 2138 1685 2284 1

1684 2315 1685 2358 1

1683 2379 1685 2444 ἢ

1684 2445 1685 2477 ι
