1685 2954
667 118 869 148 SELECTIS
1322 118 1503 149 CCXXVH

154 222 319 260 lanum
345 220 450 259 deum
468 218 531 269 qui
550 218 635 256 nihil
658 230 819 269 unquam
843 217 954 255 fuisse
974 217 1156 266 dixerunt,
1182 230 1293 269 quam
1319 219 1505 259 initiorum

55 290 169 335 atque
194 285 360 322 introitus
385 282 574 330 exitusque
599 287 801 331 potentem,
828 280 1039 329 Hartungus
1066 286 1103 318 et
1121 281 1348 330 Clausenius,
1376 282 1504 320 uiden-

56 354 118 384 tur
142 346 229 383 mihi
254 346 438 394 ignorasse
470 341 660 379 discrimen
692 342 791 392 quod
823 348 878 378 est
909 342 1004 378 inter
1029 342 1137 380 deum
1165 350 1305 380 certum
1331 349 1368 381 et
1393 343 1504 382 deum

54 409 240 445 selectum.
291 405 453 442 Deorum
490 410 673 441 certorum
707 404 924 453 praesertim
959 416 1003 440 ex
1038 404 1318 454 indigitamentis
1351 404 1504 456 simplex

55 476 111 507 est
136 469 252 516 notio,
278 469 359 517 ipso
386 467 533 503 nomine
559 466 709 513 inclusa,
738 465 883 515 qualem
903 465 1030 502 Ianum
1051 468 1325 504 commemorari
1351 467 1505 505 uidimus

55 545 77 569 a
103 532 269 569 Varrone
294 528 357 564 lib.
376 528 476 576 XIV,
503 527 550 564 sr.
569 528 607 575 5,
634 527 702 564 cfr.
730 528 881 577 August,
910 541 942 565 c.
971 527 1008 565 d.
1037 531 1076 576 7,
1093 533 1129 566 3,
1184 529 1411 566 Selectorum
1437 541 1506 580 per

55 593 191 630 cultum
218 590 361 627 ciuilem
389 596 426 626 et
452 590 700 627 additamenta
718 590 911 640 peregrina
934 591 1153 641 amplificata
1179 597 1233 629 est
1258 591 1339 640 ipsa
1364 591 1425 628 illa
1449 592 1508 628 in-

53 653 221 691 formatio
248 652 421 703 primaria
457 658 494 689 et
526 652 572 689 ad
600 653 772 689 maiorem
800 658 927 688 euecta
953 652 1178 702 dignitatem.
1232 652 1326 688 Cum
1352 653 1509 701 primum

53 715 201 766 publice
227 713 276 750 ad
303 714 445 761 Ianum,
473 721 512 751 ut
537 720 644 764 puto,
671 714 794 758 imum,
822 714 927 759 (nihil
946 715 1041 751 enim
1062 715 1290 764 exploratum
1317 716 1406 760 est,)
1433 714 1510 751 lani

53 777 227 814 sacellum
253 788 336 812 cum
365 777 523 813 bifronte
550 777 705 825 imagine
735 775 939 813 dedicatum
967 783 1033 822 est,
1061 777 1135 814 Ou.
1159 781 1196 824 1,
1214 776 1303 822 257,
1321 776 1410 823 275,
1438 776 1507 814 cfr.

54 839 90 876 T
93 838 214 876 ertull.
242 837 289 874 ad
318 843 392 874 nat.
414 842 453 885 2,
474 838 520 874 15
548 845 585 875 et
608 837 780 874 Gothosr.
804 850 840 887 p.
858 839 944 884 172,
972 838 1071 875 unde
1090 838 1266 874 Geminus
1292 836 1410 874 dictus
1436 843 1510 886 est,

54 899 227 951 quicquid
264 906 393 936 contra
428 900 515 936 dicit
551 900 721 937 Sachsius
756 899 875 935 deser.
902 900 1044 936 Romae
1073 903 1115 948 1,
1149 912 1186 948 p.
1208 899 1385 945 97‚127=
1423 903 1511 935 tunc

54 963 164 1000 etiam
195 962 310 1000 Clusii
336 968 373 999 et
399 962 558 1000 Patulcii
583 961 882 1012 appellationem,
909 959 985 998 ou.
1011 962 1100 1008 129,
1127 960 1291 997 Macrob.
1319 965 1388 996 sat.
1416 964 1454 1008 1,
1471 961 1511 1008 9,

55 1025 232 1062 coaluisse
258 1026 294 1061 in
321 1036 432 1061 unam
459 1025 642 1061 notionem
675 1028 822 1072 oportet
854 1029 891 1059 et
924 1029 1049 1059 natum
1083 1023 1184 1059 illum
1216 1021 1321 1059 decem
1348 1020 1511 1070 deorum,

55 1099 164 1135 quem
191 1086 280 1123 Salii
307 1086 536 1132 cecinerunt,
574 1085 688 1121 Macr.
716 1084 740 1119 1.
770 1083 846 1122 ind.
899 1084 996 1121 Nam
1033 1084 1132 1134 quod
1166 1084 1249 1121 hine
1275 1090 1313 1121 et
1338 1083 1420 1120 hinc
1445 1083 1515 1121 ini-

55 1149 147 1185 tium
173 1147 357 1197 finemque
380 1147 520 1183 nullum
548 1146 672 1194 habet,
699 1145 798 1195 quod
821 1159 901 1182 cum
930 1146 1124 1195 clauditur,
1153 1146 1247 1183 idem
1274 1145 1452 1195 aperitur,
1477 1143 1516 1182 id

57 1215 280 1259 perpetuum
310 1214 365 1244 est
390 1213 428 1244 et
453 1208 653 1245 infinitum:
691 1208 842 1244 deorum
879 1202 966 1245 uero
992 1209 1111 1258 prima
1136 1209 1251 1244 uirtus
1278 1214 1334 1244 est
1358 1207 1516 1244 infinitos

56 1282 150 1308 esse.
203 1270 302 1306 Nihil
328 1269 490 1306 tribuere
515 1270 616 1307 soleo
644 1269 980 1320 philosophematis,
1006 1271 1074 1307 nisi
1100 1270 1162 1306 ubi
1187 1270 1288 1319 ipsae
1314 1280 1373 1305 res
1398 1267 1518 1318 philo-

55 1332 270 1382 sophantur.
323 1330 401 1369 Sed
435 1330 534 1381 quod
566 1331 660 1379 dixi,
695 1332 763 1368 nisi
797 1332 847 1368 ita
883 1330 1017 1381 suerit,
1053 1330 1277 1369 credendum
1308 1337 1363 1368 est
1390 1331 1518 1367 Ianum

54 1394 295 1431 Etruscorum
323 1406 405 1430 cum
432 1394 602 1430 Romano
628 1394 746 1430 minus
782 1395 958 1430 tenaciter
984 1394 1182 1431 conflatum
1208 1405 1312 1441 esse,
1346 1403 1457 1442 quam
1481 1392 1520 1428 in

55 1455 126 1493 deo
153 1453 290 1492 selecto
317 1467 386 1506 par
411 1461 478 1492 est.
533 1457 640 1492 lanus
666 1455 904 1492 Etruscorum
934 1455 1078 1492 habitus
1106 1462 1162 1493 est
1188 1468 1257 1506 pro
1289 1454 1406 1502 caelo,
1433 1452 1520 1490 uide

53 1517 102 1554 fr.
120 1519 160 1565 4,
192 1517 345 1554 Faleriis
371 1518 486 1567 captis
512 1518 669 1555 Romam
698 1518 841 1553 uenisse
867 1516 1101 1566 quadrifrons
1127 1523 1281 1567 propter
1307 1516 1399 1552 caeli
1434 1527 1522 1551 car-

55 1579 157 1616 dines
184 1578 342 1627 dieitur,
375 1579 484 1617 Seru.
513 1587 551 1617 et
576 1580 736 1629 interpp.
763 1579 850 1615 Maii
876 1579 922 1615 ad
951 1580 1044 1617 Aen.
1073 1581 1112 1627 7,
1133 1581 1220 1616 607.
1274 1578 1317 1615 Si
1344 1577 1380 1614 id
1407 1576 1521 1614 tradi-

55 1646 133 1677 tum
170 1647 226 1678 est
259 1641 306 1678 de
342 1640 528 1678 deditione
562 1653 659 1678 anno
687 1641 734 1678 V.
763 1641 807 1678 C.
837 1642 934 1687 361,
970 1641 1053 1678 Liu.
1081 1643 1120 1689 5,
1146 1643 1220 1690 27,
1257 1653 1331 1677 non
1366 1645 1422 1677 est
1447 1638 1523 1676 fide

55 1701 318 1751 dignissimum.
364 1703 593 1740 Crediderim
619 1702 754 1739 samam
782 1709 901 1739 ortam
928 1715 973 1740 ex
1001 1703 1119 1740 ueteri
1146 1702 1294 1739 nomine
1319 1701 1394 1750 dei,
1422 1700 1523 1752 quod

54 1762 168 1800 fuisse
193 1769 284 1813 puto
311 1762 388 1800 diui
415 1766 534 1813 patris
554 1764 739 1811 Falerni-is,
766 1752 875 1800 Varr.
895 1764 942 1801 de
962 1765 987 1801 l.
1005 1764 1029 1802 l.
1048 1766 1084 1810 5,
1099 1766 1172 1811 843
1199 1766 1238 1810 7,
1251 1763 1319 1799 45:
1347 1763 1524 1799 Etrusco-

57 1837 138 1861 rum
173 1836 300 1861 uocem
334 1826 523 1872 existimo,
559 1826 620 1875 qui
655 1825 851 1871 folandum
882 1824 1054 1861 dixerunt
1086 1817 1250 1872 caelum,
1284 1824 1390 1861 Paul.
1416 1823 1523 1863 Diae.

56 1899 95 1936 p.
116 1889 181 1934 88,
202 1889 262 1924 12.
318 1886 452 1923 Falerii
486 1892 608 1923 autem
643 1887 729 1923 urbs
766 1899 790 1924 a
816 1886 911 1933 salis
937 1887 1014 1932 (ita
1039 1887 1150 1936 lege)
1177 1886 1274 1923 dicta
1300 1891 1380 1932 est,
1414 1884 1522 1922 Paul.

55 1961 94 1998 p.
110 1950 229 1996 91‚8.
279 1948 354 1984 Iam
378 1961 459 1986 eam
486 1948 532 1986 de
559 1949 647 1986 Iano
674 1949 885 1997 opinionem
913 1960 985 1983 non
1013 1953 1157 1985 tantum
1180 1961 1202 1985 a
1222 1949 1390 1984 Varrone
1415 1945 1524 1984 frr.4

55 2016 94 2047 et
113 2012 161 2046 14
186 2016 298 2058 atque
326 2010 460 2048 Ouidio
490 2024 525 2047 u.
551 2010 639 2057 125,
661 2011 749 2057 139,
777 2008 842 2045 sed
870 2012 980 2046 etiam
1006 2021 1029 2045 a
1056 2010 1166 2060 uulgo
1194 2009 1391 2059 antiquitus
1418 2021 1525 2045 usur-

54 2078 179 2122 patam
205 2083 285 2108 esse
318 2072 474 2122 primum
513 2072 644 2108 mirum
678 2084 750 2107 non
783 2070 903 2118 soret,
938 2083 1021 2107 nam
1056 2071 1185 2107 infiniti
1220 2071 1340 2119 imago
1367 2070 1525 2107 maxime

26 2158 33 2164 ,
54 2139 112 2169 est
136 2133 173 2169 in
200 2132 318 2181 caelo,
346 2133 479 2171 deinde
505 2145 688 2183 apparere
716 2132 861 2169 uidetur
887 2145 932 2169 ex
957 2145 1028 2180 eo,
1057 2132 1156 2182 quod
1182 2132 1220 2168 in
1249 2132 1380 2182 quouis
1405 2132 1523 2169 sacri-

54 2193 138 2230 ficio
165 2194 271 2230 Ianus
298 2193 545 2243 adorabatur,
575 2194 651 2234 Ou.
680 2208 716 2232 u.
734 2197 803 2231 171
829 2207 905 2243 sq.:
942 2193 980 2230 id
1006 2194 1202 2244 significari
1228 2193 1395 2243 suspicor
1419 2205 1524 2231 more

57 2255 119 2292 illo
141 2255 261 2305 prisco
287 2255 326 2291 in
353 2255 423 2293 deo
442 2256 631 2294 adorando
658 2269 698 2293 se
723 2256 955 2293 dextrorsum
976 2256 1258 2306 circumagendi,
1286 2255 1360 2293 Ou.
1378 2257 1417 2303 3,
1431 2258 1522 2304 283,

60 2329 133 2366 quo
162 2316 248 2353 nihil
275 2316 500 2368 frequentius
528 2318 628 2369 apud
650 2319 820 2356 Plautum
848 2325 885 2356 et
911 2318 1014 2367 alios,
1043 2318 1126 2355 uide
1149 2318 1312 2354 Brisson.
1336 2316 1383 2354 de
1410 2316 1520 2354 form.

60 2389 100 2428 p.
114 2380 178 2426 36,
200 2381 249 2416 37
269 2378 327 2415 ed.
352 2381 469 2418 1592:
497 2393 570 2431 qua
600 2393 641 2418 re
667 2381 757 2418 caeli
783 2380 950 2430 cardinesv
974 2380 1245 2417 collustrantur.
1302 2379 1404 2416 Caeli
1431 2390 1520 2415 uero

0 2434 1 2448 ¹
58 2440 224 2494 regiones
250 2453 332 2477 cum
360 2449 482 2479 terrae
503 2445 611 2480 etiam
637 2443 766 2478 limites
791 2442 874 2489 sint,
902 2443 1114 2491 praesertim
1138 2455 1182 2479 ex
1202 2441 1389 2491 disciplina
1407 2440 1520 2477 Etru-

60 2512 216 2550 scorum,
244 2503 397 2552 posthac
423 2505 690 2552 Romanorum,
718 2503 793 2540 uid.
822 2503 948 2540 Muell.
976 2504 1123 2542 Etrusc.
1151 2504 1212 2541 lib.
1233 2507 1255 2539 3
1283 2515 1364 2552 cap.
1381 2503 1419 2550 6,
1445 2515 1519 2552 po-

61 2562 130 2598 tuit
160 2571 260 2600 certe
285 2564 393 2601 lanus
429 2565 476 2601 ad
513 2567 796 2615 perpetuitatem
833 2572 956 2601 terrae
993 2565 1146 2614 referri,
1179 2566 1280 2603 cuius
1318 2565 1370 2601 rei
1396 2564 1518 2601 tenuia

57 2630 143 2659 sunt
164 2625 312 2675 uestigia
338 2626 437 2675 apud
459 2624 625 2664 Mac'rob,
647 2629 672 2664 Ι.
693 2627 766 2664 ind.
791 2639 872 2663 cum
898 2631 1015 2665 rector
1034 2630 1181 2675 uiarum
1206 2627 1353 2674 dicitur,
1381 2633 1419 2664 et
1440 2624 1514 2662 ou.

63 2695 101 2720 u.
122 2686 217 2723 122:
252 2692 447 2737 perpetuae
466 2690 568 2734 uiae,
603 2688 819 2739 quibuscum
843 2688 1010 2728 conseres
1035 2701 1174 2742 pronas
1199 2690 1288 2727 uias
1313 2687 1452 2725 Tibulli
1477 2688 1515 2735 1,

1115 2751 1146 2789 P
1174 2755 1199 2788 2
