1685 2954
660 91 839 138 ‘rvscvu
861 109 1049 138 secvrvs
1460 107 1581 139 van

135 210 309 248 Nicolaus
330 208 522 256 Leonicus,
548 207 679 244 latinus
701 206 820 245 Clodii
842 208 1033 258 interpres,
1061 209 1097 246 id
1122 208 1220 246 sidus
1246 208 1453 246 annotanit=
1480 209 1581 247 cuius

135 279 219 310 utor
243 272 402 310 editione
427 268 555 306 Aldina
584 270 696 317 1516,
723 276 808 307 ante
835 268 958 306 Ouidii
985 277 1072 308 tom.
1093 273 1132 320 3,
1160 283 1240 307 cum
1268 269 1396 306 Hasius
1425 269 1581 320 primum

134 335 345 385 impressum
371 331 469 368 dicat
496 331 607 367 1533.
671 330 747 367 Sed
784 342 1003 380 quamquam
1039 332 1098 368 ille
1134 325 1266 368 latinus
1292 329 1441 368 Clodius
1475 343 1583 369 suum

135 409 238 433 usum
264 395 393 442 habet,
421 391 557 442 quippe
582 391 643 442 qui
670 403 691 429 e
715 391 860 429 diuerso
887 392 1010 429 codice
1037 393 1207 442 originem
1235 393 1367 441 ducat,
1401 393 1498 430 malo
1524 392 1584 430 hic

133 468 302 507 graecum
325 455 442 504 sequi,
468 454 528 504 qui
556 460 746 503 postquam
775 455 928 503 primum
956 454 1021 490 Vll
1042 453 1095 490 Id.
1125 455 1264 490 notauit
1291 451 1440 499 ἰκτῖνος
1466 449 1582 503 ἄρχε-

133 529 199 555 ται
221 512 457 567 φαίνεσθαι,
483 515 569 552 XIV
589 513 653 553 ΚΡ
682 527 763 552 eum
792 511 1012 565 φαίνεσθαι
1042 510 1117 559 ἕως
1141 515 1214 565 τῆς
1239 512 1462 564 ἰσημερίας,
1488 529 1584 567 quae

133 585 189 617 est
212 577 263 614 lx
282 577 357 623 ΚΓ,
385 577 514 614 docet:
549 576 639 613 haec
662 577 771 625 igitur
796 577 827 613 si
854 576 900 613 de
925 577 1030 614 stella
1056 578 1190 625 miluo,
1218 590 1291 614 non
1318 577 1365 614 de
1390 578 1461 622 aui,
1488 590 1585 628 quae

130 641 215 677 item
242 645 330 675 tunc
355 651 436 675 cum
464 638 654 675 hirundine
681 639 827 683 uisitur,
853 637 1006 676 Ouidius
1034 639 1195 689 accepit,
1230 650 1351 689 neque
1376 639 1479 676 XVII
1505 641 1584 689 ΚΡ,

131 711 250 750 neque
275 699 361 736 XVI
383 699 443 736 Kl'
470 711 514 737 eo
538 699 641 749 signo
668 707 807 746 carent,
835 706 872 735 et
898 700 994 750 apud
1018 701 1213 737 Geminum
1238 699 1298 736 ed.
1323 699 1451 737 Petan.
1480 713 1518 750 p.
1534 703 1584 738 68

129 761 193 799 fin.
220 761 279 798 die
304 761 433 797 ultimo
462 761 640 807 Piscium,
676 761 774 810 apud
801 761 1050 798 Ptolemaeum
1078 776 1117 812 p.
1141 765 1188 798 83
1217 762 1249 798 C
1282 760 1341 797 die
1377 765 1423 798 21
1453 763 1585 800 mensis

129 822 357 860 Phamenoth
383 822 583 859 secundum
611 822 817 872 Philippum
845 824 975 860 miluus
1004 832 1179 873 apparet:
1211 830 1366 872 uterque
1394 822 1470 859 dies
1498 835 1585 860 con-

131 886 230 921 uenit
263 897 344 920 cum
371 885 472 921 XVII
498 884 576 931 ΚΓ,
614 896 697 921 nam
733 884 907 933 postridie
941 885 1053 920 solem
1082 886 1117 921 in
1145 885 1302 920 Arietem
1340 884 1479 932 ingredi
1507 886 1586 935 ipse

131 946 280 983 Clodius
308 946 441 993 docet,
477 952 514 983 et
539 946 626 982 Kal.
656 945 765 981 Mart.
791 945 953 981 incidunt
979 947 1014 982 in
1042 946 1136 983 diem
1164 945 1330 995 quintum
1355 945 1586 984 Phamenoth

130 1009 215 1045 anni
234 1007 478 1053 Alexandrini,
505 1006 580 1043 uid.
598 1005 730 1043 ldeler.
749 1005 936 1055 epichirid.
960 1007 1122 1044 chronol.
1148 1011 1184 1054 1,
1214 1021 1250 1057 p.
1267 1009 1354 1043 141.
1395 1007 1470 1045 Sed
1492 1020 1588 1059 quae

130 1077 229 1107 recte
254 1081 294 1106 se
321 1069 456 1105 habere
482 1066 580 1116 apud
608 1065 781 1104 Ouidium
809 1068 970 1105 ldelerus
996 1069 1162 1119 scripsit,
1199 1068 1298 1119 apud
1326 1068 1494 1106 Clodium
1521 1081 1588 1107 ea·-

129 1131 212 1167 dem
239 1136 366 1167 extant
392 1128 507 1164 haec:

228 1191 372 1228 Arcturi
397 1196 510 1234 ortus,
539 1188 785 1227 Clod.1111‹].
808 1191 917 1228 Febr.
937 1191 1048 1229 Ouid.
1077 1196 1113 1236 2,
1138 1190 1233 1238 1533
1262 1192 1324 1240 qui
1350 1203 1445 1241 quae
1470 1191 1585 1236 addit,

130 1253 376 1303 uespertinum
403 1258 547 1301 tempus
573 1257 610 1287 et
636 1253 791 1301 positum
818 1254 934 1302 signi,
970 1265 992 1289 a
1017 1253 1174 1289 Gemino
1201 1266 1240 1303 p.
1258 1255 1307 1289 68
1333 1252 1364 1290 Β
1392 1253 1588 1303 sumpsisse

131 1315 289 1353 uidetur.
335 1314 509 1351 Eiusdem
536 1314 676 1350 Arcturi
705 1315 764 1364 qui
791 1315 949 1352 refertur
975 1326 1123 1350 occasus
1150 1315 1344 1351 matutinus
1370 1313 1469 1364 apud
1497 1313 1590 1352 Oui-

131 1377 229 1414 dium
256 1379 294 1425 6,
323 1378 419 1414 235:
477 1378 603 1413 Tertia
628 1380 712 1425 post
738 1378 871 1414 Nonas
895 1389 1075 1415 remouere
1100 1378 1278 1423 Lycaona
1304 1375 1442 1414 Phoebe

545 1439 676 1474 Fertur
702 1460 774 1485 —,

129 1501 159 1538 si
185 1501 316 1538 rectius
341 1499 567 1548 intelligitur,
595 1499 765 1535 conuenit
786 1500 988 1536 accuratius
1010 1500 1166 1536 ueritati.
1204 1499 1255 1536 IV
1276 1499 1329 1538 Id.
1357 1511 1486 1549 reapse
1511 1511 1590 1535 ma-

130 1563 266 1599 tutinus
293 1561 424 1598 occidit
449 1561 586 1597 Bootes
614 1560 813 1597 secundum
846 1560 976 1597 ldeler.
1001 1573 1027 1610 p
1047 1564 1133 1597 142.
1187 1561 1341 1598 Ouidius
1368 1562 1476 1609 igitur
1501 1560 1590 1597 mihi

131 1623 276 1661 uidetur
302 1637 373 1660 non
402 1623 470 1659 VII
495 1622 566 1671 ld„
603 1622 700 1672 quod
728 1621 889 1658 ldelerus
917 1629 954 1658 et
983 1629 1125 1659 ueteres
1152 1624 1375 1672 grammatici
1400 1628 1589 1671 putarunt,

130 1685 196 1722 sed
221 1685 271 1722 VI
297 1685 351 1722 Id.
377 1684 594 1733 indigitare,
622 1683 928 1734 quemadmodum
957 1683 1126 1722 Clodius:
1164 1683 1215 1735 τῇ
1242 1679 1318 1733 πρὸ
1347 1677 1380 1727 ς’
1409 1680 1537 1720 εἰδῶν.
1566 1676 1587 1719 ὅ

132 1740 357 1794 ἄρκτοῦρος
384 1740 544 1793 ὄρθρου
572 1741 731 1781 dietae:
758 1744 846 1781 dixit
871 1746 1014 1781 tertiam
1039 1758 1059 1782 a
1080 1746 1197 1782 Nonis
1222 1751 1365 1782 noctem
1393 1757 1473 1781 cum
1501 1755 1589 1782 eua-

132 1813 257 1844 nescat
292 1819 375 1843 eum
410 1819 620 1853 remouere,
657 1807 859 1841 accuratius
891 1806 1056 1852 locutus,
1096 1819 1204 1855 quam
1240 1819 1320 1842 cum
1356 1806 1468 1855 paulo
1503 1810 1590 1855 post

132 1881 173 1906 u.
192 1870 281 1917 247,
296 1871 345 1905 48
371 1868 527 1905 eundem
555 1867 649 1903 diem
677 1878 721 1902 ex
745 1878 846 1902 more
871 1866 1047 1903 fastorum
1072 1874 1212 1903 sextum
1240 1867 1286 1903 ab
1311 1867 1433 1903 Idibus
1460 1867 1589 1916 appel-

131 1931 207 1979 lat,
241 1930 295 1967 uti
330 1931 437 1968 etiam
472 1930 585 1966 multa
616 1940 698 1964 cum
724 1927 959 1977 interpretum
996 1929 1160 1965 molestia
1186 1933 1223 1975 2,
1250 1930 1337 1969 684.
1392 1929 1587 1965 Caeterum

132 2003 201 2042 per
226 2003 266 2028 se
290 1997 394 2041 patet
419 2004 500 2029 eam
530 1990 702 2039 temporis
730 1996 855 2026 notam
883 1990 1066 2038 pertinere
1092 1991 1200 2026 etiam
1228 1989 1274 2026 ad
1300 1990 1404 2027 ludos
1430 1990 1590 2040 piscato-

133 2053 204 2090 rios
233 2066 269 2089 u.
291 2055 505 2100 237-40,
532 2053 592 2102 qui
618 2051 711 2087 falso
740 2052 987 2100 superioribus
1013 2051 1158 2101 adiungi
1184 2052 1314 2088 solent.

235 2113 393 2161 Chiron,
422 2125 530 2163 quem
558 2111 706 2149 Clodius
734 2113 767 2149 V
791 2113 890 2149 Non.
916 2113 1003 2149 Mai·
1027 2114 1111 2149 oriri
1137 2113 1243 2161 dicit,
1272 2112 1426 2150 Ouidius
1451 2112 1488 2159 5,
1515 2114 1590 2152 379

132 2179 234 2213 nocte
258 2176 390 2213 mensis
418 2177 539 2211 minus
559 2179 693 2223 quarta
720 2174 960 2224 prodeuntem
989 2173 1091 2221 facit,
1118 2174 1188 2211 hoc
1214 2182 1268 2212 est
1294 2175 1423 2212 eodem
1449 2174 1523 2222 die,
1550 2179 1588 2211 et

135 2237 279 2287 uesperi
303 2235 506 2274 secundum
532 2236 782 2273 Ptolemaeum
809 2249 847 2285 p.
870 2237 917 2272 83
945 2236 990 2272 Ε.
1044 2235 1204 2273 ldelerus
1229 2237 1410 2286 ignorauit
1435 2235 1589 2273 locutio·

133 2310 217 2334 nem
251 2297 347 2333 illam
382 2299 503 2335 vitinus
529 2302 707 2347 quartus,
741 2297 777 2334 h.
806 2309 839 2334 e.
869 2298 1006 2334 tertius.
1065 2299 1118 2335 Ita
1144 2298 1252 2335 Pont.
1279 2300 1315 2343 4,
1341 2299 1379 2346 5,
1407 2299 1452 2335 7:
1488 2299 1589 2334 Luce

133 2360 253 2396 minus
277 2357 416 2397 decima
439 2359 623 2398 dominam
648 2360 801 2396 ueniens
826 2357 876 2397 ad
909 2359 1041 2396 urbem.
1094 2359 1196 2409 Virg.
1224 2372 1281 2409 ge.
1310 2362 1349 2407 4,
1371 2361 1467 2396 208:
1503 2358 1588 2408 plus

134 2423 286 2470 septima
311 2426 445 2459 aestas.
563 2442 582 2449 κ

233 2482 353 2532 Lyra,
389 2485 490 2521 cuius
517 2495 667 2520 occasus
695 2483 921 2532 uespertinus
948 2496 1020 2520 non
1049 2484 1156 2533 longe
1182 2497 1203 2520 a
1231 2485 1381 2520 ueritate
1417 2483 1468 2518 bis
1494 2480 1587 2518 indi-

140 2547 252 2591 catur,
279 2547 316 2591 1,
336 2545 410 2581 653
437 2545 488 2582 XI
508 2545 594 2582 Kal.
623 2551 660 2581 et
685 2549 723 2592 2,
745 2546 793 2581 73
819 2544 870 2581 1V
895 2545 994 2582 Non.
1027 2546 1150 2593 Febr„
1179 2545 1305 2583 eodem
1333 2546 1413 2581 loco
1440 2550 1587 2581 notatur

141 2603 236 2652 apud
261 2605 440 2645 Clodium.
491 2609 564 2647 Aut
600 2608 694 2644 enim
731 2606 764 2642 in
802 2607 913 2656 priori
940 2606 1067 2644 Ouidii
1102 2608 1182 2644 loco
1216 2608 1300 2645 hinc
1334 2606 1465 2643 uocula
1490 2605 1586 2642 refe·

142 2663 253 2702 reuda
284 2673 338 2704 est
365 2680 454 2706 noce
488 2669 641 2718 legentis
666 2667 795 2705 eodem
812 2695 825 2716 ,
861 2681 933 2718 quo
961 2681 997 2703 u.
1019 2668 1090 2704 651
1119 2672 1242 2716 Haec,
1281 2667 1326 2704 ad
1354 2667 1462 2705 XVII
1483 2664 1584 2722 Kal„

1170 2732 1200 2768 F.
1231 2735 1253 2767 2
