1685 2954
70 116 153 162 GXL
573 116 629 145 DE
659 118 841 146 AEDmvs
872 117 1014 148 SACRIS

171 215 288 254 Aedes
312 215 472 253 Matris
493 215 705 254 Matutae
731 223 768 255 et
792 217 1037 257 Fortunae
1061 223 1254 270 postquam
1280 219 1504 260 1111d.1un.

70 290 94 314 a
113 277 244 314 Seruio
265 277 388 313 Tullio
414 284 645 316 consecratae
668 285 766 327 sunt,
792 279 956 318 Matutae
981 281 1088 318 aedes
1114 282 1268 331 primum
1292 281 1428 318 refecta
1451 289 1507 321 est

70 350 166 376 anno
191 339 236 375 V.
265 339 308 374 C.
336 338 408 374 359
434 349 456 374 a
481 338 533 375 M.
554 339 667 378 Furio
694 340 861 389 Camillo,
888 342 969 380 Liu.
997 343 1036 390 5,
1058 345 1106 380 19
1126 349 1162 379 et
1179 345 1250 389 233
1279 342 1375 380 Plut.
1403 343 1505 381 Cam.

69 400 107 437 5.
159 398 316 436 Posthac
354 399 441 448 quia
474 400 615 437 uicinae
648 400 758 438 fuisse
792 403 962 440 uidentur
994 404 1031 440 in
1064 404 1145 441 soro
1183 404 1328 451 boario,
1362 403 1409 440 de
1434 416 1508 453 quo

67 463 254 510 utriusque
280 461 359 496 loco
386 473 457 496 non
492 461 592 497 lubet
617 462 787 499 Italorum
824 465 1047 500 coniecturas
1075 476 1297 514 recoquere,
1333 476 1427 514 quae
1462 475 1509 501 ne

67 533 294 570 concoquere
319 521 463 570 quidem
500 523 637 571 possis,
676 524 932 561 uicissitudines
959 524 1132 573 quasdam
1168 526 1271 562 simul
1308 527 1507 563 subierunt.

67 585 241 619 Arserunt
265 582 358 618 enim
386 593 480 618 anno
508 583 553 619 V.
576 584 619 620 C.
641 585 728 631 541,
755 585 837 622 Liu.
858 587 920 632 24,
942 587 1006 633 47,
1033 586 1079 623 de
1106 600 1178 636 quo
1204 587 1368 624 incendio
1395 585 1506 623 Ouid.

69 656 165 682 uers.
182 643 254 680 625
282 650 318 679 et
343 643 452 678 Dion.
471 644 554 680 Hal.
576 646 614 692 4,
634 647 705 692 403
731 646 794 682 sed
821 647 957 682 restitui
983 655 1181 697 coeperunt
1208 650 1371 698 proximo
1397 660 1508 695 anno,

65 704 149 742 Liu.
177 705 241 751 25,
267 705 302 740 7.
356 704 569 742 Fornicibus
594 713 750 754 utraque
781 714 910 743 ornata
943 714 998 743 est
1024 709 1191 745 annoX.
1220 709 1262 745 C.
1291 710 1386 756 558,
1422 708 1507 746 Liu.

66 768 127 810 33,
149 767 210 801 27.
255 764 338 801 Νοη
367 772 531 802 arserunt
557 778 638 801 cum
666 766 786 802 sorum
814 767 977 803 boarium
1003 769 1243 818 conflagraret
1269 782 1364 806 anno
1391 769 1439 805 V.
1461 769 1506 805 C.

66 827 163 872 560,
190 825 272 861 Liu.
299 826 362 873 35,
389 828 451 862 40.
507 826 702 863 Praeterea
730 827 774 864 de
802 828 893 865 aede
917 828 1080 865 Matutae
1108 830 1192 866 nihil
1222 830 1406 879 proditur,
1442 829 1509 865 nisi

65 886 164 936 quod
190 887 314 923 Liuius
340 890 404 935 41,
424 889 473 923 28
500 887 546 925 de
572 900 667 924 anno
693 889 738 926 V.
758 890 801 926 C.
822 890 911 936 578,
938 896 975 925 et
1000 901 1094 939 quae
1120 891 1204 927 Maii
1230 892 1385 941 interpp.
1406 891 1508 939 Virg.

65 947 114 984 ad
142 960 199 997 ge.
228 952 266 995 3,
288 952 306 984 1
335 955 506 998 corrupta
533 948 689 987 hahent:
797 977 806 987 .
834 954 1011 995 Matuta,
1045 953 1148 988 cutus
1179 952 1348 1003 templum
1371 951 1509 988 Atilius

66 1009 245 1047 Romulus
269 1011 388 1055 uouit3
422 1010 583 1059 intellige
619 1012 670 1048 M.
698 1009 844 1048 Atilium
870 1012 1051 1061 Regulum
1085 1019 1317 1062 praetorem,
1353 1013 1400 1050 de
1434 1025 1508 1063 quo

64 1070 148 1109 Liu.
167 1073 230 1119 24,
246 1071 296 1106 44
315 1078 351 1108 et
370 1072 433 1119 25,
447 1075 483 1108 3.
537 1072 722 1109 Fortunae
749 1080 868 1109 autem
895 1073 1022 1110 aedem
1048 1074 1271 1124 superfuisse
1297 1075 1419 1112 Ouidii
1444 1086 1508 1112 ae-

67 1139 144 1170 tate
169 1139 321 1170 testatur
346 1132 538 1181 Dionysius
567 1131 649 1170 Hal.
677 1133 757 1170 loco
783 1134 950 1171 indicato.
998 1135 1164 1172 Statuam
1190 1136 1340 1173 durasse
1365 1136 1412 1172 ad
1437 1136 1507 1173 Se-

65 1195 138 1231 iani
164 1196 312 1241 exitum,
339 1194 400 1243 qui
427 1206 507 1230 eam
535 1193 631 1231 dumi
657 1207 744 1232 suae
769 1195 908 1244 habuit,
935 1197 1082 1233 tradunt
1106 1197 1241 1234 Plinius
1267 1205 1340 1234 nat.
1364 1197 1445 1234 hist.
1465 1199 1505 1245 8,

64 1257 129 1303 48,
157 1258 180 1302 §
205 1257 278 1291 197
303 1261 340 1292 et
366 1255 436 1292 Dio
463 1256 564 1292 Cass.
591 1257 655 1303 58,
683 1259 719 1293 7.
773 1257 857 1300 Quo
892 1259 1004 1307 magis
1041 1259 1151 1294 miror
1185 1259 1309 1295 doctos
1344 1258 1506 1294 homines

64 1317 141 1355 eius
161 1317 348 1353 Fortunae
370 1329 570 1366 cognomen
590 1316 734 1367 aliquod
756 1318 962 1356 coniectura
983 1320 1048 1356 sibi
1072 1319 1327 1356 inueniendum
1344 1325 1504 1368 putasse,

65 1378 165 1429 quod
191 1378 221 1414 si
246 1377 450 1427 habuisset,
487 1379 546 1416 uix
580 1380 839 1428 ignoraremus.
891 1380 1031 1416 Bonam
1058 1382 1258 1417 Fortunam
1284 1380 1505 1431 appellatam

65 1441 180 1477 uoluit
206 1440 451 1488 Burmannus,
479 1441 584 1478 aliter
609 1442 685 1490 alii,
712 1441 887 1491 Neapolis
914 1450 950 1478 et
978 1443 1196 1493 topographi
1221 1444 1385 1490 Virilem,
1411 1443 1506 1479 eius-

65 1514 138 1553 que
165 1502 342 1551 opinionis
376 1509 626 1551 argumentum
661 1504 835 1552 petebant
869 1516 913 1540 ex
937 1504 1111 1541 Varronis
1144 1505 1263 1541 uerbis
1289 1503 1335 1540 de
1362 1505 1436 1540 uita
1460 1502 1504 1540 P.

65 1565 130 1611 R.,
157 1576 179 1600 a
204 1564 319 1600 Plinio
345 1563 425 1600 loco
452 1564 525 1599 ind.
554 1566 577 1610 ς
600 1566 673 1600 194
699 1564 885 1612 adhibitis,
921 1567 1072 1602 seruatis
1098 1566 1196 1616 apud
1223 1566 1382 1602 Nonium
1412 1578 1442 1602 s.
1469 1577 1504 1601 u.

68 1625 314 1672 Vndulatum,
350 1636 444 1674 quae
470 1625 516 1660 de
541 1632 660 1662 statua
689 1626 756 1662 ista
783 1627 961 1663 Seruiana
986 1635 1111 1676 agunt.
1165 1629 1219 1664 Ab
1246 1639 1289 1664 ea
1314 1638 1355 1663 re
1379 1625 1506 1662 admo·

65 1700 169 1734 neor,
198 1692 235 1722 ut
256 1697 349 1735 quae
370 1686 416 1722 de
435 1686 598 1723 Fortuna
618 1687 719 1722 Virili
740 1687 831 1724 salsa
855 1689 1171 1736 circumferuntur,
1196 1694 1378 1724 annotein.
1415 1687 1505 1724 Eius

64 1748 254 1796 templum,
281 1746 377 1795 quod
405 1759 520 1796 prope
546 1747 718 1783 Lautolas
743 1748 866 1795 suerit,
895 1749 940 1785 ab
966 1749 1099 1786 Ouidio
1124 1749 1272 1786 indicari
1299 1751 1337 1796 4,
1358 1748 1428 1784 145
1447 1761 1503 1799 sq.

66 1809 184 1848 adhuc
221 1809 391 1844 creditur.
453 1808 568 1851 Quasi
604 1820 677 1843 non
715 1808 926 1857 iampridem
953 1811 1150 1859 Fogginius
1174 1823 1211 1860 p.
1234 1813 1280 1846 41
1318 1822 1363 1846 ex
1390 1809 1507 1847 Verrii

64 1871 189 1909 Flacci
216 1870 334 1906 uerbis
358 1869 520 1906 docuerit
544 1868 590 1906 de
617 1869 752 1905 balneis
777 1870 963 1918 quibusuis
988 1878 1134 1921 poetam
1160 1871 1277 1921 loqui:
1304 1870 1402 1921 quod
1427 1877 1505 1908 tum

64 1932 222 1981 denique
255 1931 383 1967 mirum
418 1944 491 1968 non
526 1932 618 1977 erit,
653 1931 682 1967 si
717 1931 935 1981 intelligetur
967 1934 1141 1982 templum
1173 1933 1358 1969 Fortunae
1384 1933 1506 1970 Virilis

64 1993 204 2031 nullum
240 2005 397 2041 unquam
424 1992 549 2028 fuisse.
603 1992 713 2036 Quod
747 1993 792 2029 ab
820 1995 918 2029 Anco
942 1993 1075 2030 Martio
1100 1994 1316 2031 Plutarchus
1340 1993 1387 2031 de
1418 1994 1505 2033 sort.

64 2055 140 2093 Ro.
160 2067 193 2090 c.
209 2054 231 2090 5
251 2060 288 2090 et
307 2057 355 2089 10
372 2048 576 2104 Ἀνδρείας
600 2048 736 2102 Τύχης
761 2053 899 2090 factum
919 2053 1017 2102 dicit,
1043 2054 1079 2091 id
1105 2054 1272 2092 dubitare
1296 2067 1369 2100 non
1395 2067 1506 2105 opor-

65 2118 166 2154 tebat
192 2115 490 2164 Wyttenbachius
524 2116 707 2153 animadu.
734 2129 771 2166 p.
795 2117 866 2163 98,
901 2115 987 2164 quin
1021 2126 1206 2165 peraeque
1239 2122 1392 2165 utroque
1422 2116 1504 2153 loco

63 2177 334 2227 intelligendum
361 2185 455 2214 esset
481 2178 527 2214 de
546 2178 658 2214 Forte
676 2178 856 2214 Fortuna:
885 2175 981 2212 unde
1002 2177 1095 2212 enim
1114 2177 1205 2212 scire
1223 2177 1398 2226 potuisset
1415 2175 1503 2213 Plu-

64 2239 226 2286 tarchus,
254 2251 339 2275 num
358 2239 558 2275 Fortunam
582 2239 658 2276 sine
685 2239 897 2288 cognomine
921 2237 982 2274 ille
1006 2248 1070 2273 rex
1096 2249 1118 2274 a
1142 2236 1352 2275 fortitudine
1370 2237 1503 2276 dictam

62 2298 275 2351 putauerit?
322 2300 530 2347 Dionysium
564 2301 603 2348 4,
631 2302 680 2336 27
719 2300 846 2336 eodem
881 2298 989 2336 modo
1024 2310 1162 2335 errasse
1200 2297 1248 2336 de
1282 2299 1527 2337 nominatiuor

64 2374 151 2400 casu
176 2362 299 2398 Fortis
324 2362 510 2398 Fortunae
536 2362 764 2399 manifestum
800 2368 854 2398 est
887 2372 931 2397 ex
964 2360 1076 2410 ipsius
1106 2360 1176 2397 loci
1200 2372 1317 2411 prope
1341 2360 1503 2398 Tiberim

65 2423 350 2474 significatione,
386 2423 483 2472 quod
517 2423 636 2461 fraudi
670 2423 740 2460 fuit
770 2422 969 2459 Niebuhrio
1003 2421 1085 2459 hist.
1112 2422 1184 2458 Ro.
1210 2426 1248 2469 2,
1275 2434 1314 2471 p.
1331 2423 1426 2469 116,
1461 2428 1502 2459 ut

63 2486 288 2524 Bunsenium
315 2488 353 2532 3,
375 2488 411 2531 l,
437 2498 474 2534 p.
490 2487 562 2521 343
590 2492 627 2522 et
654 2486 741 2522 alios
776 2492 928 2521 taceam.
979 2483 1054 2521 Sed
1089 2483 1196 2520 modo
1230 2482 1335 2520 uideo
1360 2482 1502 2519 Bunse·

64 2549 161 2585 nium
188 2548 222 2582 in
243 2544 417 2582 addendis
433 2535 472 2594 p.
491 2547 563 2582 665
591 2546 803 2583 intellexisse
824 2557 982 2583 errorem
1001 2551 1037 2582 et
1057 2545 1135 2594 ipsa
1152 2550 1275 2582 nostra
1292 2555 1500 2594 occupasse.

64 2609 108 2647 Si
133 2608 212 2657 quis
239 2613 293 2644 est
318 2606 378 2656 qui
405 2608 561 2643 animum
589 2608 758 2653 inducat,
786 2620 842 2645 tue
868 2608 1133 2657 ingeniosorum
1159 2605 1341 2643 hominum
1367 2606 1500 2655 scripta

67 2669 292 2720 compilasse,
319 2668 439 2705 licebit
464 2669 605 2705 fruatur
630 2680 696 2706 sua
721 2669 901 2718 opinione.
