1685 2954
125 76 184 119 56
647 80 999 117 'rAsronvu

236 186 419 242 Simplex
446 185 645 241 nobilitas,
671 187 824 242 perfida
851 188 936 229 tela
963 199 1078 229 caue.

182 254 346 297 Fraude
372 255 479 307 perit
503 252 644 295 uirtus.
680 255 726 295 In
753 261 918 308 apertos
945 254 1121 307 undique
1149 266 1317 308 campos
1483 261 1563 298 225

241 322 460 363 Prosiliunt
485 321 630 363 hostes
659 327 703 362 et
729 323 836 364 latus
865 335 983 362 omne
1013 327 1164 363 tenent.

185 387 293 440 Quid
327 389 480 430 faciant
512 388 632 441 pauci
660 394 800 429 contra
827 396 889 430 tot
925 389 1032 429 milia
1058 389 1199 442 fortes,

243 455 418 509 Quidue,
446 456 554 509 quod
580 453 622 495 in
648 455 793 497 misero
823 463 1005 510 tempore
1033 463 1178 510 restet,
1206 452 1390 497 habent?

188 521 309 565 Sicut
336 536 434 577 aper
460 524 584 576 longe
607 522 723 564 siluis
750 525 1023 565 Laurentibus
1052 529 1172 565 actus

243 591 456 632 Fulmineo
484 591 642 632 celeres
671 591 844 644 dissipat
872 603 942 631 ore
972 603 1112 641 canes,
1483 594 1564 630 230

191 657 294 698 Mox
322 664 460 699 tamen
489 659 580 711 ipse
609 656 726 711 perit.
765 657 828 696 sic
855 670 936 697 non
963 655 1182 697 moriuntur
1208 656 1334 710 inulti,

246 725 506 779 Volneraque
536 726 690 765 altema
718 721 897 776 dantque
925 724 1139 777 feruntque
1166 735 1300 763 manu.

191 792 288 833 Vna
316 791 405 833 dies
432 792 585 832 Fabios
615 789 667 830 ad
694 790 844 831 bellum
872 791 1041 831 miserat
1069 793 1230 830 cinnes:

246 860 314 901 Ad
342 860 490 901 bellum
517 857 666 898 missos
695 858 869 911 perdidit
896 871 979 917 una
1005 858 1107 898 dies.

192 925 255 968 Vt
280 933 416 967 tamen
442 926 673 967 Herculeae
702 931 971 978 superessent
999 923 1156 965 semina
1185 924 1339 978 gentis,
1493 927 1572 964 235

249 993 454 1034 Credibile
482 999 549 1033 est
578 993 692 1045 ipsos
721 994 977 1034 consuluisse
1008 993 1122 1033 deos.

193 1060 302 1102 Nam
329 1072 430 1113 puer
457 1059 642 1111 impubes
671 1065 714 1099 et
742 1060 875 1101 adhuc
904 1073 982 1100 non
1011 1060 1124 1100 utilis
1153 1058 1274 1100 armis

250 1126 371 1168 Vnus
397 1125 450 1167 de
478 1126 609 1166 Fabia
636 1131 764 1180 gente
793 1125 961 1168 relictus
991 1133 1097 1167 erat:

198 1193 370 1236 Scilicet
394 1199 439 1234 ut
466 1205 617 1246 posses
644 1194 738 1233 olim
767 1199 825 1247 tu,
853 1195 1049 1247 Maxime,
1077 1193 1205 1245 nasci,

252 1259 332 1302 Cui
360 1272 429 1301 res
457 1260 686 1301 cunctando
714 1261 967 1303 restituenda
994 1262 1112 1302 foret.
1497 1262 1579 1301 240

201 1392 450 1435 Continuata
476 1394 567 1435 loco
595 1393 671 1435 tria
701 1394 848 1448 sidera,
877 1406 1024 1435 coruus
1052 1399 1097 1434 et
1123 1392 1284 1448 anguis,

255 1461 313 1502 Et
338 1460 496 1502 medius
524 1467 660 1503 crater
684 1461 788 1503 inter
815 1468 1030 1516 utrumque
1058 1462 1179 1502 iacet.

201 1527 339 1570 Idibus
366 1526 434 1569 illa
465 1529 617 1581 latent,
654 1530 830 1571 oriuntur
862 1535 986 1571 nocte
1022 1528 1222 1583 sequenti.

198 1641 287 1676 226.
323 1639 452 1677 Persii.
490 1651 522 1676 s.
633 1642 719 1676 227.
754 1639 889 1677 sacient
914 1638 951 1677 E
960 1638 1039 1678 (Db.
1088 1641 1225 1678 faciunt
1249 1637 1304 1676 A.
1350 1636 1513 1673 facerent
1536 1638 1587 1673 D.

152 1689 226 1727 fac.
252 1690 367 1727 fortes
401 1702 433 1727 c.
462 1696 488 1726 t.
516 1702 565 1726 m.
598 1691 705 1739 pauci
728 1702 764 1738 9.
813 1691 916 1727 fortis
941 1704 988 1728 m.
1102 1694 1188 1727 228.
1221 1691 1349 1726 misero
1409 1694 1530 1724 ectore
1554 1689 1591 1724 Ε

154 1751 240 1777 aar.
262 1752 333 1778 scr.
385 1747 550 1789 tempore
574 1747 734 1789 praestet
761 1744 809 1777 D.
854 1748 966 1777 restat
990 1741 1027 1777 Α
1044 1754 1118 1778 ma.
1135 1753 1190 1789 pr.
1210 1741 1328 1777 BGN
1338 1739 1370 1776 0
1433 1736 1541 1774 Tms
1565 1738 1590 1773 8

157 1792 222 1828 44.
247 1790 429 1836 tredecim3
454 1803 478 1839 q)
498 1801 581 1826 aar.
603 1801 673 1826 scr.
717 1798 827 1827 restet
852 1791 960 1827 habet
985 1804 1019 1827 m
1041 1792 1126 1836 duo;
1154 1793 1188 1827 D
1214 1802 1295 1828 nar.
1313 1801 1382 1826 scr.
1421 1794 1506 1824 rest.
1525 1787 1590 1824 ha-

155 1841 244 1877 bent
269 1843 302 1877 Z
309 1841 431 1889 ⁸ths
449 1852 524 1879 ma.
539 1852 606 1877 sec.
627 1845 661 1876 et
679 1839 859 1878 duodecim
879 1853 956 1877 cum
975 1841 1029 1878 ed.
1050 1841 1200 1879 Mediol.
1301 1841 1388 1877 229.
1417 1850 1507 1888 aper
1529 1837 1592 1874 sil-

156 1891 211 1928 uis
239 1889 349 1939 longe
378 1893 423 1928 Τ.
469 1890 578 1938 longe
604 1891 712 1926 siluas
738 1892 774 1928 A
799 1903 943 1940 mwpr.
983 1893 1088 1940 longe
1113 1892 1229 1928 saeuis
1255 1887 1301 1927 Σ.
1345 1892 1420 1933 Ita,
1447 1890 1592 1925 lauren-

156 1941 264 1985 tibus,
289 1954 326 1977 m
351 1941 459 1977 2425
470 1942 537 1987 343
562 1953 586 1988 9
611 1953 692 1977 nar.
710 1953 777 1978 sor.
824 1942 1034 1978 latrantibus
1058 1941 1098 1978 A
1124 1953 1200 1979 sex.
1248 1941 1435 1977 laterribus
1460 1938 1490 1985 f.
1538 1938 1592 1975 la-

158 1992 311 2028 tratibus
338 1991 476 2039 reliqui.
515 1991 596 2027 latr.
625 1999 751 2027 auctus
769 1989 825 2028 Π.
864 1993 944 2027 latr.
972 1999 1077 2041 aptus
1099 1990 1151 2030 Ψ.
1252 1989 1519 2027 230.JF1umin.
1534 1984 1592 2024 Π.

156 2041 365 2078 Fulmineus
384 2041 419 2078 h.
522 2045 607 2078 231.
635 2048 754 2077 tamen
780 2043 841 2078 ille
864 2039 945 2079 GE.
1047 2046 1133 2078 232.
1159 2042 1269 2078 Vuln.
1294 2040 1376 2078 libri
1392 2038 1592 2089 praeterfl-

158 2104 232 2141 que
258 2091 410 2128 alterum
430 2103 450 2129 ο·
464 2103 537 2128 ma.
553 2103 609 2139 pr.
650 2092 740 2128 dant
765 2091 957 2141 feruntque
971 2091 1002 2128 b.
1106 2095 1193 2128 233.
1220 2092 1303 2127 bell.
1322 2091 1470 2140 pertulit
1487 2099 1594 2124 unus.

159 2142 311 2191 protulit
335 2153 440 2178 unus.
539 2142 625 2178 234.
660 2143 785 2178 missos
811 2143 957 2189 abstulit
980 2146 1014 2179 D
1030 2140 1069 2179 (D
1082 2141 1116 2180 O
1136 2142 1232 2179 alius
1249 2145 1282 2177 et
1300 2154 1337 2177 m
1358 2142 1393 2177 in
1408 2150 1523 2186 marg.
1545 2136 1595 2174 ad

159 2203 257 2230 ποτε.
284 2195 371 2228 202.
483 2193 572 2227 235.
606 2201 834 2241 superessent
860 2194 1001 2241 agmina
1027 2205 1134 2230 unus.
1242 2193 1328 2227 236.
1365 2187 1593 2227 Credendum

161 2249 217 2278 est
242 2253 265 2290 9
292 2242 399 2279 alius.
511 2243 598 2278 237.
632 2243 706 2278 lam
734 2255 825 2291 puer
850 2244 1000 2292 inpubes
1026 2247 1075 2281 D.
1122 2242 1276 2292 impubis
1300 2241 1336 2278 A
1361 2238 1519 2276 mmsec.
1544 2235 1595 2275 A

161 2288 525 2338 NOPHAEbfr
548 2304 622 2328 ma.
644 2305 713 2330 sec.
735 2305 767 2329 s.
807 2293 974 2330 imberbis
1002 2298 1028 2331 t.
1069 2293 1186 2330 adhuc
1210 2292 1340 2328 inutilis
1369 2286 1480 2334 021⁰.
1517 2287 1594 2324 util.

163 2343 263 2378 aunis
296 2341 362 2381 ²Fh
390 2347 474 2380 tres.
575 2344 662 2378 239.
701 2343 741 2379 Si
766 2343 848 2380 licet
879 2345 918 2380 G.
964 2345 1075 2394 possis
1100 2344 1145 2391 fr
1170 2354 1249 2381 sex.
1292 2342 1375 2378 olim
1401 2346 1472 2375 tam
1499 2349 1594 2375 max.

168 2395 211 2429 Τ.
254 2393 338 2428 olim
365 2399 403 2429 to
429 2404 523 2429 max.
551 2405 587 2429 m
612 2405 683 2430 ma.
708 2405 763 2442 pr.
867 2395 953 2431 240.
982 2395 1073 2431 Cum
1100 2407 1156 2431 res
1182 2396 1226 2430 P.
1266 2403 1322 2427 res
1348 2388 1519 2426 certando
1550 2390 1594 2426 Τ.

164 2442 278 2480 restit.
303 2443 372 2479 suit
396 2449 522 2491 quar.
540 2454 610 2480 scr.
713 2445 799 2480 241.
826 2444 955 2481 corbus
981 2445 1015 2482 h.
1054 2456 1182 2481 cornus
1206 2455 1241 2479 m
1261 2452 1405 2488 mmpr.
1507 2439 1594 2477 242.

166 2499 286 2528 crater
310 2493 536 2542 interumque
563 2496 609 2529 D.
647 2505 719 2543 que
744 2496 851 2531 micat
877 2497 938 2532 34.
980 2507 1050 2544 que
1075 2495 1162 2531 latet
1184 2485 1598 2529 AGDEFOAMN

170 2539 306 2578 OPH
317 2540 403 2579 ΨΑ
416 2540 766 2593 ETth'flhprst
783 2546 844 2589 44,
871 2545 997 2593 reliqui
1015 2549 1157 2593 praeter
1173 2546 1197 2578 2
1218 2546 1252 2578 et
1275 2552 1413 2583 nouem,
1438 2543 1523 2576 vett.
1543 2537 1598 2575 ed.

167 2596 308 2642 praeter
334 2592 485 2630 Medtol.
516 2594 619 2639 Quod
643 2597 755 2644 recepi
784 2596 812 2632 G
835 2597 944 2633 etiam
968 2608 1034 2645 pro
1053 2606 1134 2632 uar.
1149 2605 1219 2630 scr.
1322 2593 1407 2628 243.
1435 2589 1488 2627 ld.
1515 2588 1598 2628 alba

170 2644 232 2682 lat.
262 2643 300 2681 G.
340 2643 500 2680 orientur
530 2642 581 2681 (l).
627 2651 800 2696 sequente
829 2646 874 2684 O.
