1685 2954
611 107 980 138 CONSECRATIONES
1409 106 1523 136 Cva

77 220 152 259 quo
178 207 287 246 modo
311 207 474 246 referunt
503 217 600 256 quae
625 206 672 244 de
698 218 810 255 capro
828 205 952 243 Liberi
978 206 1091 257 patris
1109 204 1239 253 hostia,
1266 217 1303 241 u.
1321 204 1407 252 359,
1433 205 1522 244 Ser-

76 270 156 307 uius
183 269 293 307 habet
316 269 361 306 ad
389 280 446 318 ge.
475 271 513 316 2,
534 269 629 304 384:
654 272 755 305 utres
779 279 865 304 ‘uero
891 266 1025 314 fiebant
1049 267 1098 305 ad
1123 267 1390 305 insultationem
1413 271 1523 306 etiam

75 337 299 370 mortuorum
325 342 539 380 caprorum,
565 341 610 366 ne
635 328 720 378 quid
745 340 792 366 ex
817 328 876 365 his
905 333 1008 373 esset,
1037 328 1133 377 quod
1158 340 1230 365 non
1256 331 1401 366 sentiret
1421 331 1524 366 iniu-

76 395 196 431 riam:
230 404 382 443 quorum
408 397 492 428 exta
517 391 553 427 in
579 392 740 428 uerubus
767 390 924 427 columis
933 416 945 434 ,
981 389 1081 439 quod
1109 401 1226 439 aeque
1253 390 1383 428 uitibus
1407 391 1524 428 inimi-

77 467 143 493 cae
169 454 280 492 coruli
305 458 438 500 essent,
468 453 716 501 torrebantur,
742 452 788 489 ad
817 464 873 501 ge.
901 454 938 497 2,
958 452 1045 487 396.
1097 450 1266 488 Proxima
1293 451 1339 489 de
1364 453 1525 490 Aristaeo

74 523 113 555 et
139 515 240 552 bouis
264 514 437 551 sacrificio
465 520 636 564 excerpta
661 520 745 550 sunt
772 526 816 550 ex
843 513 981 563 Virgilii
1007 525 1134 562 georg.
1160 513 1254 550 libro
1279 519 1431 563 quarto,
1458 514 1525 551 nisi

75 576 172 628 quod
198 583 323 612 taurus
349 574 448 625 apud
472 574 646 612 Ouidium
674 575 803 612 tellure
829 575 1005 612 obruitur.
1050 575 1167 612 Versu
1185 578 1256 612 381
1285 575 1371 624 quid
1397 588 1526 613 secun-

74 638 159 674 dum
177 637 288 674 libros
309 650 380 673 non
408 636 645 686 interpolatos
672 637 864 683 ediderim,
891 637 1006 686 uides,
1033 649 1103 674 nec
1118 637 1165 673 de
1191 635 1446 673 commoditate
1470 636 1526 676 lo-

72 700 228 736 cutionis
256 699 448 735 dubitabis.
493 700 709 736 Consentius
733 712 770 748 p.
792 700 892 735 2054
918 711 1000 735 cum
1025 700 1203 749 praecipit
1227 710 1375 748 pascere
1398 699 1527 735 iuuen-

73 774 151 799 cam
179 767 216 799 et
239 763 345 811 pasci
370 773 486 810 aeque
513 767 627 809 recte,
654 767 801 810 praeter
828 759 923 796 hunc
951 758 1072 797 Ouidii
1099 761 1216 797 locum
1243 760 1354 796 Ennii
1381 771 1525 797 uersum

72 823 171 874 apud
189 823 343 860 Paulum
361 823 563 859 Diaconum
589 835 625 872 p.
644 823 707 869 59,
728 822 752 859 5
775 828 811 858 et
830 821 1005 859 Martialis
1021 824 1059 870 9,
1077 825 1140 870 80,
1154 825 1176 857 2
1204 821 1322 871 potuit
1347 827 1525 871 spectare.

73 885 300 935 Temporum
328 885 538 934 imparilitas
574 884 610 920 in
642 885 762 933 pascit
787 887 824 919 et
849 885 986 933 carpsit
1012 884 1123 920 nolim
1153 882 1354 932 displiceat.
1405 882 1460 919 Ad
1487 895 1525 919 u.

71 948 147 983 386
180 946 327 995 ascripsi
361 946 481 982 locum
514 945 658 982 Leontii
684 957 721 994 p.
740 946 815 980 228
836 943 888 981 M.
918 945 978 980 ubi
1015 944 1082 981 dea
1119 943 1291 981 celeritas
1317 943 1416 982 Solis
1446 942 1528 990 filia

71 1007 216 1045 dicitur.
269 1007 397 1045 Genus
422 1006 511 1043 illud
541 1005 704 1043 sacrificii
731 1011 834 1042 certe
861 1006 944 1042 exul
969 1013 1080 1056 poeta
1107 1006 1314 1042 memoriter
1339 1017 1384 1042 ex
1401 1005 1527 1042 Xeno-

70 1067 217 1118 phontis
234 1068 341 1105 anab.
360 1069 398 1114 4,
408 1069 443 1113 5,
456 1067 503 1105 35
524 1066 712 1117 repetiuit:
740 1065 902 1103 doctiora
929 1066 1040 1105 habet
1057 1068 1187 1105 Festus
1205 1080 1242 1117 p.
1256 1070 1342 1115 181,
1359 1067 1427 1104 sin.
1441 1067 1524 1104 coll.

70 1129 202 1166 Seruio
218 1129 264 1165 ad
283 1141 340 1178 ge.
358 1134 394 1178 1,
414 1134 472 1166 12.
512 1129 570 1166 De
596 1140 686 1164 cane
711 1128 898 1166 immolato
926 1142 962 1166 u.
983 1131 1059 1166 389
1084 1135 1231 1178 praeter
1256 1130 1529 1166 annotationem

70 1189 246 1240 Neapolis
272 1192 408 1241 poteris
434 1190 535 1228 adire
560 1197 720 1227 nostram
749 1190 794 1227 ad
826 1191 919 1227 trist.
949 1195 986 1239 1,
1004 1193 1040 1237 9,
1061 1193 1122 1238 19,
1159 1198 1235 1227 tum
1264 1191 1461 1227 Arnobium
1486 1191 1526 1238 4,

70 1251 121 1289 25
148 1253 297 1302 eiusque
323 1253 554 1303 interpretes.
606 1252 750 1289 Fabula
779 1252 905 1302 Priapi
933 1258 997 1288 aut
1017 1252 1261 1289 Alexandrina
1286 1258 1357 1300 est,
1381 1251 1428 1289 de
1453 1264 1527 1301 quo

71 1326 207 1364 genere
233 1314 327 1351 infra
354 1315 483 1351 alicubi
510 1314 766 1363 annotabitur,
802 1314 1047 1364 proditurque
1071 1313 1235 1351 fortassis
1262 1326 1306 1351 ea
1332 1314 1431 1363 origo
1457 1312 1527 1349 ad-

70 1377 202 1413 iectiuo
237 1375 463 1423 cori'mbifer,
491 1389 528 1412 u.
549 1377 647 1424 393,
674 1375 773 1425 quod
800 1376 902 1426 apud-
926 1377 1100 1414 Nonnum
1127 1375 1339 1413 Callimachi
1365 1376 1528 1412 imitato-

70 1451 148 1475 rem
176 1444 276 1475 extat
300 1439 451 1487 Dionys.
478 1439 539 1486 14,
568 1440 656 1485 310,
685 1444 769 1486 aut,
799 1438 897 1488 quod
923 1439 1008 1475 item
1038 1439 1206 1488 exemplo
1234 1451 1308 1475 non
1335 1442 1454 1484 caret,
1478 1436 1527 1473 ab

70 1500 205 1538 Ouidio
232 1507 287 1536 est
313 1501 516 1549 excogitata
538 1505 574 1535 et
592 1500 693 1548 quasi
722 1505 861 1536 attexta
888 1501 1005 1537 ueteri
1031 1500 1081 1536 illi
1108 1499 1154 1537 de
1174 1500 1309 1549 Priapo
1327 1505 1363 1536 et
1377 1497 1526 1545 Lotide,

71 1561 118 1598 de
144 1574 217 1612 qua
241 1562 313 1598 uid.
342 1568 427 1598 met.
456 1563 494 1609 9,
514 1562 602 1610 347,
637 1561 744 1599 Seru.
773 1561 819 1598 ad
846 1573 903 1611 ge.
930 1565 969 1609 2,
988 1562 1049 1598 84.
1102 1561 1243 1597 Eadem
1279 1560 1325 1597 de
1351 1560 1463 1597 Vesta
1489 1564 1527 1596 et

71 1623 206 1673 Priapo
234 1630 403 1660 narratur
427 1623 520 1660 libro
547 1629 662 1660 sexto.
717 1623 919 1671 Vtramque
946 1623 1090 1660 nouisse
1118 1623 1262 1660 uidetur
1288 1621 1469 1658 Arnobius
1489 1623 1526 1664 3,

74 1688 124 1721 10
150 1691 186 1722 et
209 1686 421 1734 praesertim
445 1685 484 1732 5,
505 1687 542 1721 9.
594 1685 755 1721 Dubium
784 1685 845 1721 uix
872 1691 949 1732 est,
981 1685 1067 1734 quin
1096 1685 1210 1721 altero
1246 1690 1331 1721 utro
1365 1684 1445 1720 loco
1478 1682 1526 1718 il·-

71 1747 145 1783 lam
171 1747 404 1783 subtraxisset
422 1746 592 1793 Ouidius,
617 1747 646 1782 si
667 1758 811 1782 carmen
836 1745 1069 1782 absoluisset:
1095 1745 1206 1782 credo
1225 1744 1433 1795 posteriori,
1459 1741 1526 1779 sed

72 1821 145 1846 non
173 1808 279 1856 ideo,
311 1808 395 1857 quia
428 1814 491 1842 aut
525 1818 582 1843 res
615 1813 678 1842 aut
713 1808 830 1843 oratio
866 1807 938 1842 illic
972 1806 1183 1856 displiceat,
1219 1804 1525 1855 quemadmodum

71 1870 239 1907 Heinsius
270 1869 447 1905 immerito
473 1869 511 1915 6,
537 1868 612 1904 340
636 1867 807 1916 culpabat
842 1880 945 1903 usum
986 1868 1084 1904 uocis
1114 1872 1223 1917 apta,
1257 1879 1352 1916 quae
1386 1879 1457 1903 uox
1488 1866 1525 1902 in

71 1932 182 1969 sacris
207 1938 244 1968 et
269 1930 499 1979 religionibus
521 1929 668 1978 propria
695 1935 763 1976 est,
791 1928 864 1965 uid.
887 1931 981 1966 Acro
1005 1929 1053 1966 ad
1073 1930 1161 1965 Hor.
1189 1941 1298 1965 carm.
1326 1932 1365 1977 3,
1385 1931 1428 1965 8:
1456 1940 1524 1965 su-

69 1996 166 2044 peris
190 1997 269 2031 erat
293 1993 412 2042 aptior
442 1990 528 2028 alba
553 1991 724 2038 uictima,
740 1990 868 2033 7Seru.
896 1990 942 2026 ad
970 2003 1027 2039 ge.
1055 1995 1091 2036 2,
1113 1991 1204 2026 395:
1241 1995 1326 2027 tunc
1351 1991 1446 2026 enim
1470 1993 1525 2025 est

23 2074 30 2081 ,
69 2063 195 2105 aptum
222 2052 458 2101 sacrificium,
490 2052 556 2088 cfr.
585 2051 633 2088 ad
658 2064 717 2101 ge.
738 2056 776 2099 l,
794 2053 884 2099 350,
910 2052 1075 2089 Macrob.
1102 2057 1170 2088 sat.
1201 2055 1238 2099 1,
1256 2053 1323 2087 17:
1352 2056 1439 2099 apta
1463 2061 1524 2086 re-

70 2117 200 2165 liyioue
226 2115 412 2153 celebrare.
457 2114 638 2151 Videntur
663 2113 749 2149 mihi
777 2113 866 2150 haec
892 2126 936 2150 ex
964 2114 1149 2150 uetustiori
1178 2126 1242 2149 usu
1268 2113 1392 2149 relicta
1412 2117 1449 2148 et
1474 2111 1522 2148 ad

68 2179 189 2229 ipsum
215 2191 251 2215 u.
270 2182 307 2226 1,
324 2179 397 2214 392
417 2183 454 2214 et
472 2180 509 2223 2,
528 2177 604 2213 514
622 2175 757 2212 facere.
810 2176 877 2211 Est
904 2187 947 2212 ca
975 2189 1044 2212 uox
1070 2187 1113 2211 ex
1139 2175 1195 2222 iis,
1221 2186 1375 2224 quorum
1395 2178 1523 2209 tenues

68 2241 176 2290 parui
202 2239 412 2276 discriminis
436 2238 583 2274 umbras
604 2237 881 2287 lexicographos
908 2237 1074 2273 omittere
1100 2242 1223 2272 monet
1246 2235 1448 2271 Huschkius
1476 2233 1523 2270 ad

70 2302 161 2338 Tib.
180 2306 216 2350 1,
235 2303 270 2346 6,
288 2305 322 2337 1.
362 2300 470 2345 Vide,
500 2299 586 2349 quid
613 2304 740 2348 aptum
766 2300 908 2335 dicatur
934 2297 1031 2348 apud
1050 2298 1135 2333 Tib.
1157 2301 1193 2344 1,
1211 2298 1249 2344 4,
1266 2297 1329 2343 54,
1354 2296 1465 2345 Prop.
1483 2295 1523 2342 5,

69 2366 110 2412 9,
126 2364 190 2413 50,
218 2362 295 2400 Ou.
320 2362 406 2399 fast.
435 2366 470 2406 l,
485 2350 580 2408 6953
606 2361 643 2405 5,
662 2362 749 2410 104,
781 2373 852 2397 am,
880 2364 919 2407 2,
936 2363 972 2407 1,
990 2361 1058 2406 363
1085 2362 1123 2405 3,
1143 2361 1180 2406 4,
1201 2362 1260 2395 12.
1314 2358 1431 2394 Versu
1448 2357 1521 2394 395

72 2426 170 2475 quod
210 2425 308 2462 edidi
345 2436 418 2460 non
462 2429 546 2471 eget
583 2423 884 2472 interpretatione
921 2420 1108 2469 multoque
1145 2421 1261 2456 minus
1299 2418 1522 2456 defensio-ne.

74 2489 170 2523 Deos
203 2487 341 2533 Lycaei
373 2496 442 2521 nec
478 2483 705 2521 Schraderus
739 2483 965 2532 intelligebat
999 2482 1060 2530 qui
1092 2489 1212 2518 essent
1244 2487 1394 2530 praeter
1425 2482 1522 2530 ipsos

73 2545 194 2585 Panas
213 2561 250 2585 u.
269 2550 355 2584 397.
400 2546 469 2582 Hic
494 2546 550 2581 ui‘r
575 2547 753 2595 superiori
775 2545 895 2582 uersui
921 2543 968 2580 de
990 2542 1178 2579 trietericis
1200 2543 1414 2592 ascripserat
1439 2553 1522 2578 uer·-

75 2619 152 2644 sum
177 2609 314 2658 Virgilii
340 2609 430 2644 Aen.
457 2609 493 2653 4,
513 2610 587 2643 303
613 2608 664 2643 ita
696 2620 718 2644 a
743 2619 783 2644 se
808 2611 1005 2644 tentatum:
1039 2609 1304 2653 nocturnusque
1331 2605 1417 2640 boat
1443 2601 1522 2638 cla-

78 2679 178 2706 more
209 2670 417 2709 OEthaeren.
478 2670 599 2707 Versu
629 2670 705 2707 404
738 2681 812 2706 non
845 2679 1002 2717 agnosco
1038 2667 1286 2705 necessitatem
1323 2661 1521 2702 scribendi:
