1685 2954
104 96 234 128 chw
625 127 629 133 ,
642 81 1012 135 coNsncna'rmNES

106 197 186 235 Alio
211 193 319 234 modo
338 195 570 232 consecratur
588 190 787 231 Mamurius
805 197 845 243 3,
863 192 953 242 390,
980 204 1088 244 quem
1114 192 1234 230 locum
1256 202 1302 229 ex
1318 191 1440 231 Ouidii
1464 205 1548 232 sen-

106 259 220 296 tentia
250 255 445 294 rectissime
471 251 581 290 credo
607 255 814 304 exposuisse
839 256 1008 292 Vossium
1035 255 1081 292 de
1107 254 1230 291 idolol.
1260 258 1294 298 1,
1322 266 1359 304 p.
1379 255 1447 292 50:
1478 256 1550 293 alio

106 319 206 358 Galli
231 317 357 354 Matris
383 315 555 364 Magnae,
582 313 655 352 uid.
683 315 789 354 Seru.
812 316 860 354 ad
876 318 966 354 Aen.
994 318 1034 364 4,
1053 317 1139 354 558.
1194 316 1462 353 consecrantur
1487 317 1554 354 de-

106 381 216 430 nique
241 390 298 414 res
325 382 418 414 teste
438 376 540 412 Aelio
560 375 669 412 Gallo
696 377 794 427 apud
819 378 918 414 Fest.
947 391 984 426 p.
999 380 1086 422 321,
1104 381 1127 414 3
1144 378 1210 414 εἰη.
1237 379 1314 414 siue
1339 376 1451 422 aedis,
1477 379 1554 414 sinc

108 454 193 488 ura,
217 441 295 477 siue
319 440 476 487 signum,
504 438 581 474 siue
604 436 716 486 locus,
742 441 819 476 siue
843 441 1009 489 pecunia,
1036 440 1113 476 siue
1139 438 1225 487 quid
1251 437 1366 476 aliud.
1409 438 1467 476 De
1492 449 1556 475 ae-

108 503 212 539 dibus
234 500 380 538 memini
403 499 579 535 disserere
598 497 773 537 Vaassen.
795 501 902 537 anim.
924 512 960 549 p.
982 502 1211 537 loo—107:
1240 500 1428 549 pecuniam
1457 512 1557 535 com-

107 567 285 601 memorat
311 560 385 599 Ou.
411 560 451 607 5,
469 561 558 596 291.
607 557 794 596 Pertinent
819 559 892 596 huc
917 572 1156 610 quaecunque
1182 561 1228 597 ad
1255 560 1428 597 sacrificia
1454 560 1557 596 adhi-

109 627 255 673 bentur,
279 624 375 660 mola
400 621 493 658 salsa
520 632 600 656 cum
629 621 800 670 uulgaris,
827 620 900 658 uid.
928 621 1028 661 Fest.
1055 634 1092 671 p.
1109 623 1197 670 141,
1213 626 1275 670 31,
1302 622 1438 658 Arnob.
1469 621 1506 666 5,
1521 624 1557 666 2,

109 687 218 725 Seru.
247 685 292 723 ad
320 686 410 721 Aen.
437 686 476 729 2,
499 684 584 727 133,
623 687 699 718 tum
726 682 842 718 altera
865 682 939 726 illa,
965 682 1012 719 de
1037 683 1244 732 qua'Seru.
1272 682 1318 719 ad
1347 684 1414 721 ecl.
1440 685 1478 730 8,
1495 686 1559 727 82,

109 748 218 785 fabae
237 745 481 783 Lemuralium
505 749 541 780 et
559 742 822 790 Parentalium,
845 741 892 779 de
910 743 1042 792 quibus
1055 743 1172 779 Varro
1189 743 1286 792 apud
1303 744 1401 781 Non.
1418 757 1456 793 p.
1471 745 1559 791 335,

112 811 176 857 16,
202 807 307 845 Paul.
334 819 371 855 p.
386 807 449 852 87,
467 806 529 851 13,
554 802 668 839 Laur.
695 802 820 850 Lydus
846 815 912 840 suo
938 804 1042 851 loco,
1070 803 1206 840 hedera
1230 804 1386 849 Bacchi,
1422 811 1561 853 myrtus

112 871 277 915 Veneris,
303 868 444 905 infinita
471 865 554 902 alia.
608 864 774 914 Inprimis
801 876 888 901 uero
914 866 1097 914 pertinent
1123 877 1361 915 quaecunque
1389 866 1425 901 in
1451 865 1562 901 sacris

111 930 375 976 incenduntur,
402 927 653 974 immolantur,
681 926 933 976 pollucentur,
961 931 1002 962 ut
1030 926 1080 962 ait
1106 926 1378 974 Tertullianus,
1406 938 1562 975 quorum

112 1004 241 1030 causas
271 995 310 1027 et
335 989 526 1025 discrimen
554 993 654 1025 recte
679 987 789 1024 tradit
815 987 966 1024 Seruius
992 987 1038 1024 ad
1066 999 1123 1037 ge.
1146 991 1183 1035 2,
1200 990 1289 1035 380,
1315 990 1403 1025 Aen.
1431 990 1470 1035 3,
1489 990 1564 1024 118

113 1051 380 1091 similitudinem
416 1057 478 1087 aut
510 1048 846 1086 dissimilitudinem.
896 1049 1061 1099 Vtraque
1087 1056 1177 1099 quot
1211 1049 1470 1086 uicissitudines
1497 1048 1564 1086 ad-

113 1115 252 1159 mittat,
279 1117 492 1161 argumento
519 1116 604 1148 sunt
631 1110 730 1160 apud
758 1110 929 1147 Ouidium
958 1115 996 1158 2,
1013 1111 1088 1147 576
1120 1124 1251 1149 maevia
1277 1111 1383 1147 diuae
1408 1112 1565 1147 Maniae

114 1171 184 1212 διὰ
216 1169 289 1222 τὴν
323 1172 394 1210 τοῦ
427 1166 632 1220 ὀνόματος
658 1167 883 1220 οἴκειότητα
918 1179 1153 1220 consecrata,
1194 1185 1301 1223 quem
1335 1171 1382 1209 ad
1416 1171 1564 1209 modum

114 1232 254 1287 τρίγλη
289 1236 451 1271 Hecatae
484 1228 720 1285 τριμόρφῳ,
758 1240 834 1270 turn
867 1233 975 1269 rutila
1010 1235 1107 1271 canis
1139 1234 1375 1284 Robigalibus
1408 1234 1448 1281 4,
1474 1234 1562 1269 941.

114 1298 248 1335 Nescio
274 1308 321 1333 an
347 1297 444 1332 illam
471 1296 648 1332 rationem
676 1295 823 1332 Verrius
851 1296 1087 1343 spectauerit,
1114 1307 1158 1332 ex
1186 1296 1286 1331 cuius
1313 1305 1425 1343 opere
1451 1293 1564 1343 origi-

114 1372 198 1398 nem
225 1358 361 1394 ducunt
383 1357 522 1393 Placidi
549 1355 689 1405 glossae
713 1369 752 1406 p.
773 1357 848 1392 436
876 1355 945 1403 M.,
974 1356 1035 1391 ubi
1062 1357 1155 1392 inter
1180 1356 1328 1404 agonias
1356 1354 1494 1392 hostiae
1517 1355 1565 1391 ab

115 1418 306 1458 hostiendo
325 1430 462 1468 aequae
482 1418 663 1465 dicuntur,
690 1418 761 1454 alio
781 1416 927 1467 quidem
948 1416 1072 1464 modo,
1099 1423 1209 1466 atque
1230 1416 1326 1466 apud
1347 1416 1454 1453 Seru.
1473 1417 1564 1454 Aen.

116 1487 156 1530 2,
178 1482 263 1520 156.
316 1481 452 1516 Totum
481 1491 564 1515 eum
590 1479 709 1515 locum
742 1478 789 1515 de
816 1479 953 1526 agoniis
988 1478 1072 1514 iuris
1098 1478 1270 1527 pontificii
1305 1478 1452 1515 salebris
1479 1477 1566 1515 data

116 1555 231 1594 opera
263 1541 395 1579 relictis
428 1541 639 1589 complexus
676 1545 729 1576 est
755 1547 865 1589 poeta
893 1543 929 1587 1,
949 1540 1175 1577 321-458.
1228 1540 1285 1577 De
1321 1539 1446 1576 ordine
1483 1552 1565 1576 uer·-

116 1617 221 1644 suum
247 1605 459 1641 323-331
487 1600 709 1652 proferenda
736 1608 791 1638 est
816 1601 870 1640 Io.
886 1600 1083 1638 Schraderi
1112 1602 1303 1638 acutissimi
1330 1602 1396 1637 uiri
1422 1607 1567 1638 senten-

117 1668 191 1715 tia,
228 1678 337 1716 quam
370 1664 415 1700 ab
452 1664 528 1700 eius
564 1674 629 1699 ore
662 1674 683 1699 a
711 1663 832 1700 nescio
859 1675 931 1712 quo
957 1668 1148 1712 exceptam
1175 1663 1297 1699 inueni
1324 1663 1358 1698 in
1386 1663 1568 1701 uolumine

118 1727 278 1779 quodam
303 1725 540 1762 bibliothecae
561 1724 758 1761 Gothanae
784 1723 936 1771 ducalis,
963 1730 1039 1760 tum
1066 1725 1103 1759 in
1129 1723 1268 1760 schedis
1295 1724 1371 1761 eius
1397 1732 1569 1774 autogra-

117 1789 201 1841 phis
218 1786 529 1825 Berolinensibus.
571 1785 764 1834 Duplicem
793 1785 840 1821 ob
869 1797 1030 1833 causam,
1057 1785 1139 1834 quia
1165 1785 1199 1821 in
1223 1785 1416 1822 Heinsiana
1442 1797 1570 1823 recen-

118 1851 219 1888 sione
246 1862 307 1886 uu.
327 1849 418 1895 329,
439 1850 513 1882 330
541 1846 653 1882 uerbo
680 1846 782 1882 finito
813 1852 953 1893 carent,
980 1853 1057 1883 tum
1084 1846 1169 1895 quia
1196 1859 1321 1884 uersus
1347 1850 1418 1884 331
1446 1848 1570 1897 inepte

119 1912 290 1961 iungatur
315 1911 481 1960 proximo
507 1907 697 1957 superiori,
724 1919 792 1944 nec
810 1908 896 1944 satis
919 1907 956 1943 id
978 1908 1158 1952 enunciet,
1185 1920 1257 1957 quo
1281 1921 1372 1958 opus
1398 1909 1457 1956 sit,
1486 1920 1569 1945 uer-

119 1985 182 2010 sus
206 1972 296 2019 325,
315 1973 388 2007 326
412 1967 703 2019 transponendos
730 1969 901 2005 censebat
927 1976 1011 2019 post
1038 1983 1073 2006 u.
1096 1972 1187 2005 3302
1215 1971 1335 2007 omnia
1358 1976 1446 2007 tunc
1471 1976 1570 2007 recte

119 2034 213 2071 fore.
266 2032 371 2070 Prius
402 2029 670 2068 incommodum
697 2029 820 2079 defugi
847 2042 919 2067 una
953 2044 1034 2067 cum
1062 2030 1224 2067 codicum
1254 2044 1325 2067 non
1352 2032 1569 2081 optimorum

120 2095 357 2142 auctoritate,
383 2092 537 2129 alterum
565 2097 817 2140 argumentum
845 2103 912 2141 per
938 2099 992 2129 est
1017 2093 1162 2140 subtile,
1191 2092 1254 2129 sed
1281 2099 1380 2129 caret
1406 2104 1449 2129 eo
1475 2104 1568 2141 pon·

121 2156 230 2202 dere,
262 2154 362 2206 quod
388 2154 448 2191 ille
475 2151 651 2190 accedere
683 2152 903 2202 opinabatur
933 2165 978 2190 ex
1004 2154 1197 2190 multorum
1231 2152 1392 2189 codicum
1427 2153 1462 2189 in
1489 2154 1568 2202 ipso

123 2229 293 2254 uersuum
321 2215 448 2253 ordine
474 2213 728 2251 inconstantia.
766 2212 933 2249 Proxima
958 2214 1006 2250 ab
1033 2214 1109 2250 aliis
1135 2221 1218 2250 sunt
1244 2215 1433 2264 explicata.
1472 2214 1568 2253 Ver·

123 2290 183 2315 sus
210 2277 299 2325 345,
317 2277 391 2313 346
417 2276 464 2313 ob
502 2276 627 2312 oculos
661 2274 831 2311 habuisse
863 2274 1006 2311 uidetur
1032 2275 1190 2312 Tertull.
1217 2276 1301 2312 adu.
1327 2275 1501 2312 Marcion.
1528 2272 1568 2323 1,

123 2350 163 2389 p.
183 2340 256 2375 137
274 2337 333 2375 ed.
352 2337 457 2375 Pan:
484 2349 580 2374 emus
604 2336 647 2374 de
670 2335 815 2386 sepibus
835 2334 1016 2383 flosculus,
1042 2348 1114 2374 ποη
1139 2335 1218 2374 dico
1245 2336 1286 2373 de
1309 2338 1439 2385 pratis.
1475 2336 1570 2373 Ver·

122 2412 203 2436 sum
221 2400 307 2443 349,
335 2411 554 2449 quamquam
574 2398 620 2434 ab
640 2398 717 2434 aliis
740 2403 902 2434 notatum
928 2403 995 2442 est,
1022 2410 1152 2434 moneo
1178 2397 1382 2447 profectum
1408 2397 1520 2435 uideri
1546 2408 1570 2434 a

122 2460 297 2498 Varronis
323 2460 369 2497 de
395 2471 441 2502 re,
462 2465 550 2496 rust.
571 2463 610 2507 2,
630 2461 655 2495 4
678 2459 773 2496 med.
795 2458 936 2496 uerbis:
965 2457 1009 2495 ab
1035 2458 1142 2496 suillo
1168 2461 1260 2496 enim
1286 2461 1422 2509 pecoris
1444 2470 1570 2508 genere

123 2521 333 2561 ἰηιπιοῑαηᾶῐ
368 2522 512 2558 initium
546 2521 703 2570 primum
737 2525 920 2569 sumptum
951 2519 1115 2568 uidetur,
1149 2523 1250 2558 cuins
1274 2523 1431 2569 uestigia
1458 2527 1568 2569 caet„

123 2584 209 2634 quia
233 2595 279 2621 ea
305 2583 350 2620 ab
378 2583 610 2630 octogenario
636 2582 802 2620 Varrone
836 2581 951 2632 repeti
983 2588 1179 2632 potuerunt
1204 2595 1249 2620 ex
1275 2583 1345 2620 hoc
1371 2583 1570 2632 antiquita-

124 2650 217 2693 tum,
242 2642 280 2680 in
311 2654 385 2692 quo
431 2654 628 2691 iersamur,
664 2644 768 2680 libro.
822 2643 987 2681 Eandem
1015 2643 1185 2681 Varronis
1211 2644 1420 2681 industriam
1447 2644 1568 2682 nescio
