1685 2954
567 95 668 125 me.
699 91 984 122 secvnnvs
1442 73 1494 116 91

111 198 337 242 Interimam
366 197 569 250 famulum,
598 208 692 238 cum
720 207 805 248 quo
834 193 1037 247 deprensa
1065 189 1220 232 fereris.

169 268 396 309 Succubuit
422 265 556 306 famae
584 263 696 305 uicta
724 263 859 316 puella
886 267 1010 302 metu.

114 335 235 388 Quid,
262 335 404 385 uictor,
435 328 628 385 gaudes?
657 331 763 371 haec
792 334 836 368 te
865 329 1035 368 uictoria
1064 326 1221 379 perdet.

166 403 259 442 Heu
287 406 437 454 quanto
464 399 604 453 regnis
632 411 714 439 nox
741 395 859 437 stetit
887 409 969 436 una
997 396 1096 435 tuis!
1417 397 1497 433 810

113 470 277 522 Iamque
304 474 393 508 erat
421 473 508 507 orta
537 466 637 506 dies.
677 463 816 518 passis
845 463 966 505 sedet
994 462 1063 504 illa
1091 460 1263 516 capillis,

171 536 231 575 Vt
256 537 364 576 solet
392 535 444 575 ad
472 533 558 575 nati
583 531 844 574 materitura
871 544 1027 587 rogum.

117 600 488 657 Grandaeuumque
516 608 674 656 patrem
705 600 785 641 fido
817 613 908 641 cum
939 597 1117 651 coniuge
1149 597 1298 638 castris

169 670 344 712 Euocat.
382 676 426 711 et
454 672 590 724 posita
618 669 733 709 uenit
760 674 933 722 uterque
962 680 1085 708 mora.

116 735 257 790 thue
286 738 426 778 uident
452 738 645 788 habitum,
675 749 782 789 quae
809 737 947 776 luctus
976 746 1116 786 causa,
1144 730 1363 787 requirunt,
1420 732 1500 770 315

173 803 252 846 Cui
281 813 397 858 paret
425 804 638 859 exequias,
668 816 802 856 quoue
831 804 885 844 sit
915 804 997 843 icta
1026 803 1141 843 malo.

117 871 189 911 llla
218 872 285 913 diu
314 875 460 914 reticet
487 871 802 926 pudibundaque
831 871 940 911 celat
968 871 1121 910 amictu

173 937 268 980 Ora.
307 940 437 981 fluunt
463 939 656 982 lacrimae
685 951 798 979 more
825 935 1018 990 perennis
1045 947 1189 988 aquae.

118 1006 227 1047 Hinc
256 1013 385 1061 pater,
414 1008 510 1048 hinc
538 1007 713 1047 coniunx
740 995 930 1046 lacrin‘ias
958 1003 1140 1044 solantur
1165 1007 1208 1043 et
1235 1007 1363 1055 orant,

179 1075 348 1127 indicet,
380 1081 423 1115 et
449 1087 576 1115 caeco
606 1073 788 1126 flentque
815 1077 1050 1126 pauentque
1077 1076 1202 1112 metu.
1427 1074 1507 1110 820

119 1143 200 1182 Ter
229 1148 379 1183 conata
413 1142 521 1195 loqui
557 1147 620 1181 ter
649 1140 821 1181 destitit.
867 1153 1051 1194 ausaque
1088 1145 1231 1193 quarto

175 1211 269 1250 Non
299 1210 441 1250 oculos
469 1208 562 1249 ideo
591 1209 757 1249 sustulit
785 1208 854 1248 illa
881 1220 992 1248 suos.

118 1277 213 1318 Hoc
241 1290 403 1332 quoque
433 1277 651 1331 Tarquinio
680 1272 952 1317 debebimus?
980 1275 1160 1329 eloquar,
1183 1274 1325 1329 inquit,

115 1406 203 1442 807.
235 1403 323 1441 sam.
350 1416 422 1454 quo
448 1415 529 1440 cum
558 1407 618 1439 12.
671 1402 844 1453 depressa
879 1400 930 1439 Ψ.
979 1401 1083 1453 depr.
1109 1403 1256 1452 iacebis,
1282 1403 1406 1440 fateris
1431 1403 1513 1440 sin-

63 1454 153 1503 yuli.
266 1457 353 1492 808.
388 1455 424 1490 sa
451 1453 592 1491 litterae
616 1454 654 1490 in
679 1466 756 1491 ras.
783 1466 832 1492 m.
875 1453 997 1490 famae
1021 1454 1156 1490 femina
1182 1455 1278 1491 uicta
1302 1466 1410 1491 mm&

115 1506 204 1542 809.
239 1505 376 1555 gaudet
410 1507 453 1541 Τ.
501 1504 632 1541 suades
657 1502 710 1542 A.
760 1503 921 1553 gaudens
945 1516 978 1541 r.
1028 1505 1112 1541 uict.
1140 1505 1271 1555 perdes
1303 1517 1411 1542 unus.

114 1558 202 1593 810.
240 1562 415 1606 quantum
441 1552 533 1592 DH
546 1552 634 1592 ΨΣ
640 1554 659 1591 b
669 1567 744 1592 ma.
754 1567 823 1592 sec.
838 1554 861 1602 f
864 1554 887 1591 h
896 1556 944 1591 41
972 1559 1005 1591 et
1024 1567 1152 1592 nouem
1169 1561 1234 1593 aut
1253 1555 1514 1604 duodeuiyinti3

69 1606 200 1643 Euar.
221 1619 290 1643 scr.
338 1607 463 1655 quanti
498 1606 585 1643 Αἶά.
615 1606 726 1643 1502.
778 1612 903 1655 quant.
932 1605 1071 1642 damnis
1104 1619 1176 1643 nox
1206 1610 1250 1644 Τ.
1299 1620 1372 1643 nox
1406 1613 1514 1643 nocet

68 1654 192 1702 Ilfeld.
219 1669 294 1693 ma.
321 1661 401 1693 tert.
428 1658 467 1692 in
492 1669 570 1694 ras.
597 1658 659 1697 40.
706 1669 778 1693 nox
804 1656 887 1693 tulit
912 1653 962 1692 H
974 1658 1020 1692 41
1048 1661 1134 1694 tres.
1183 1669 1256 1694 nox
1292 1657 1392 1695 dedit
1418 1654 1456 1693 Σ
1463 1657 1516 1694 hs

70 1718 212 1755 ona-pr.
239 1708 402 1755 quinque.
442 1719 513 1742 nox
541 1707 675 1743 obstitit
699 1706 724 1754 f
738 1707 849 1744 alius.
888 1713 970 1745 stet.
990 1707 1114 1755 (ded.)
1140 1708 1200 1744 illa
1221 1705 1260 1744 Σ
1268 1707 1299 1745 b.
1339 1714 1421 1745 stet.
1448 1709 1517 1744 ista

71 1758 294 1795 Nunnsor.
404 1758 491 1791 811.
528 1756 697 1805 Namque
726 1758 764 1793 G.
815 1757 963 1806 lamque
996 1757 1071 1793 dies
1106 1765 1185 1794 orta
1216 1759 1348 1807 sparsis
1380 1759 1457 1794 sed.
1486 1756 1518 1804 f.

71 1813 151 1844 erat
178 1819 249 1843 una
277 1806 353 1843 dies
378 1805 411 1842 b.
459 1805 535 1842 dies
561 1820 576 1842 s
607 1818 692 1842 assw
716 1818 737 1843 r
754 1818 829 1843 nia.
847 1819 903 1856 pr.
955 1807 1031 1843 dies
1065 1809 1197 1860 sparsis
1222 1808 1522 1854 flfeldAEGDE
1592 1835 1598 1839 -

71 1855 175 1897 AN
185 1855 347 1895 OPma.
359 1868 428 1893 sec.
448 1852 498 1891 H
510 1854 553 1894 Ψ
609 1855 649 1892 Τ
661 1856 682 1892 b
699 1869 773 1893 ma.
790 1868 859 1894 sec.
874 1857 898 1894 h
911 1869 947 1893 m
962 1869 983 1894 r
997 1870 1072 1895 nia.
1090 1860 1193 1896 sec'is
1216 1859 1461 1909 septemdecim
1485 1863 1520 1895 et

71 1912 159 1946 nett-
185 1907 259 1955 eti-5
289 1905 329 1943 Φ
345 1918 428 1944 ‘uar-
446 1918 516 1944 scr.
560 1907 693 1957 sparsis
718 1906 818 1943 dedit
839 1907 943 1944 sedet
968 1908 1029 1944 illa
1054 1911 1105 1945 D.
1218 1912 1306 1950 812.
1343 1911 1392 1947 Vt
1417 1909 1522 1946 sedet

71 1960 133 1998 M.
236 1961 322 1995 813.
350 1969 422 2007 que
442 1969 566 1994 senem
583 1969 690 1994 unus.
717 1965 824 2007 patr.
848 1971 928 1994 cum
947 1957 1020 1994 fido
1045 1961 1081 1995 D
1096 1959 1204 1997 alins.
1304 1962 1392 1998 814.
1421 1961 1521 1998 Con-

74 2015 185 2046 uocat
213 2012 273 2046 12.
375 2009 463 2044 815.
492 2020 587 2058 quae
612 2009 729 2044 cultus
756 2020 863 2044 causa
889 2006 940 2046 Γ.
1043 2012 1130 2046 816.
1157 2022 1278 2060 exseq.
1305 2023 1352 2048 ex
1375 2013 1464 2048 meis
1488 2013 1525 2048 E

73 2057 184 2109 (ὓῖ).
226 2071 299 2109 quo
327 2059 372 2095 sit
397 2060 471 2095 Er.
515 2061 594 2106 Ita,
621 2070 757 2108 quoue,
781 2057 904 2105 Ilfeld.
924 2057 1099 2097 BGGH
1109 2059 1258 2111 Thmp
1277 2064 1301 2098 8
1323 2062 1522 2110 quindecim

73 2115 108 2148 et
132 2115 219 2150 neu.
245 2109 299 2147 ed.
341 2121 487 2159 quoque
510 2109 650 2158 reliqui.
691 2109 736 2145 sit
762 2116 844 2145 acta
869 2109 889 2146 b
908 2112 1025 2147 1426.
1066 2112 1137 2148 icta
1163 2114 1280 2158 (acta)
1307 2112 1416 2148 modo
1442 2113 1522 2150 AD

72 2158 298 2199 EFGOEA
306 2158 412 2198 MN
422 2157 516 2196 HA
530 2159 595 2196 Tb
604 2158 683 2207 fhr
700 2161 750 2195 26
775 2159 998 2209 undeuiginti
1023 2167 1057 2198 et
1081 2167 1168 2199 ποτε.
1196 2162 1271 2208 ed.;
1301 2164 1332 2200 0
1351 2175 1433 2200 uar-
1451 2174 1523 2200 scr.

122 2214 209 2249 817.
238 2211 300 2248 diu
326 2211 458 2248 retinet
481 2211 517 2249 A
536 2212 598 2247 43.
641 2222 713 2260 que
739 2223 809 2247 om.
833 2214 881 2248 D.
923 2224 995 2261 que
1021 2213 1137 2249 caelat
1153 2212 1220 2259 Ilf.
1261 2226 1332 2261 que
1361 2214 1457 2251 uelat
1472 2210 1522 2251 Γ.

73 2263 243 2300 amictum
270 2261 300 2309 f.
413 2264 500 2298 818.
532 2273 633 2297 more
664 2260 806 2298 fluentis
837 2259 877 2297 Φ
901 2262 983 2299 duo.
1039 2263 1236 2313 perhennis
1260 2261 1345 2301 ΕΓ
1355 2263 1374 2301 b
1389 2276 1421 2302 r.

121 2315 210 2350 819.
239 2313 370 2349 coniux
397 2309 464 2348 (1Γέ
503 2310 656 2349 lacrimis
688 2308 774 2348 ΨΑ
792 2324 934 2362 niwpr.
977 2313 1115 2350 solatur
1140 2317 1333 2364 Ema.pr.
1435 2316 1524 2352 820.

74 2375 146 2413 que
171 2363 372 2412 fauentque
405 2367 490 2400 tres.
602 2365 690 2399 821.
728 2363 826 2411 loqui
862 2370 915 2399 est
951 2369 1006 2399 ter
1033 2367 1082 2401 D.
1137 2371 1194 2401 ter
1219 2366 1348 2402 restitit
1372 2367 1419 2404 Ε.
1467 2372 1526 2402 ter

74 2413 195 2450 deficit
219 2426 241 2464 9
267 2418 353 2451 tres.
465 2415 552 2450 822.
591 2413 714 2449 oculos
741 2414 833 2450 adeo
865 2411 926 2450 G?
946 2417 995 2450 M
1008 2426 1080 2451 ma.
1096 2427 1152 2464 pr.
1174 2418 1198 2452 8
1222 2428 1298 2453 sex.
1353 2416 1446 2453 ocul.
1475 2415 1525 2452 ad

75 2474 138 2511 eos
162 2471 250 2501 sust.
271 2463 394 2510 Ilfeld.
415 2460 631 2501 GDEFA
646 2461 766 2500 Oma.
780 2476 837 2512 pr.
851 2461 890 2499 Σ
894 2463 934 2499 Ζ
940 2477 977 2500 m
996 2470 1141 2514 septem.
1179 2465 1264 2503 Non
1290 2465 1337 2503 ad
1357 2479 1419 2504 eos
1437 2479 1524 2502 ocu-

73 2510 132 2550 los
162 2522 251 2551 sust.
277 2516 377 2557 722.
427 2515 552 2551 oculos
583 2513 678 2550 idem
705 2525 812 2550 unus.
863 2514 966 2561 Quod
997 2527 1044 2551 ex
1068 2516 1104 2552 A
1130 2521 1164 2552 et
1187 2521 1240 2554 tot
1272 2517 1358 2555 aliis
1382 2529 1468 2565 rec„
1497 2516 1528 2554 G

77 2573 245 2603 ‹tar-scr.
285 2565 348 2601 illa
373 2565 446 2603 suis
469 2565 516 2601 G.
620 2566 709 2603 823.
737 2565 838 2601 Haec
865 2565 1027 2602 DEsub
1044 2578 1122 2603 ras,
1142 2569 1206 2616 Tp
1221 2579 1300 2606 sex.
1336 2574 1431 2619 tarq.
1459 2566 1524 2605 de-

79 2612 204 2651 bemus
228 2627 274 2654 an
302 2616 455 2668 eloquar
484 2616 531 2653 G.
573 2613 704 2652 debeb.
732 2616 897 2667 alloquar
921 2628 974 2662 9125
1003 2617 1128 2656 Guar.
1145 2629 1217 2657 sor.
