1685 2954
598 90 816 122 ANNAva
845 92 1002 123 LECTIO
1336 108 1350 122 -.
1390 93 1527 126 Lxxxl

74 199 195 231 utrum
221 191 390 237 indidem,
415 203 462 228 an
488 201 534 228 ex
552 189 718 228 Varrone
743 193 952 248 sumpserit,
980 204 1077 244 quae
1105 199 1253 243 praeter
1277 193 1358 231 illos
1376 193 1531 233 Ouidius

73 268 111 292 u.
128 256 179 292 49
205 254 251 293 de
276 254 494 292 Sabinorum
522 257 560 289 et
585 252 813 289 Faliscorum
840 253 979 292 lunone
1006 256 1137 303 Curiti,
1167 255 1239 292 uid.
1264 255 1416 305 Dionys.
1444 256 1529 295 Hal.

72 319 114 364 2,
140 317 191 353 50
217 323 254 354 et
280 314 435 352 Tertull.
464 313 549 351 adu.
577 320 703 363 gentes
730 326 762 350 c.
781 317 846 362 23,
875 328 912 351 u.
929 317 979 352 60
1005 316 1052 353 de
1077 317 1217 354 Iunone
1242 317 1529 365 Lanuuinorum,

72 377 120 415 de
146 391 220 428 qua
244 376 318 414 uid.
349 375 515 413 laudatos
542 387 564 412 a
589 374 798 412 Weicherto
826 382 942 425 poett.
969 377 1049 413 rell.
1076 391 1114 427 p.
1131 381 1230 427 206,
1260 393 1295 416 ιι.
1315 381 1362 416 61
1390 379 1437 417 de
1463 381 1531 417 Ti-

71 440 297 477 burtinorum
325 438 463 474 Iunone
489 437 640 484 Curuli,
679 435 726 473 de
754 449 825 486 qua
852 437 960 474 Seru.
990 438 1037 474 ad
1065 441 1157 478 Aen.
1188 444 1224 487 l,
1253 443 1322 488 17,
1352 453 1388 477 u.
1407 443 1458 478 60
1483 441 1532 478 de

71 502 211 538 lunone
236 499 540 536 Laurentium-um
576 505 848 535 commemorat.
912 499 1095 537 Potuisset
1129 500 1270 538 addere
1303 503 1530 548 Perusinam,

70 563 141 601 Dio
167 563 269 599 Cass.
292 563 357 608 48,
376 562 439 608 14,
467 560 662 604 Gabinam,
689 560 797 597 Seru.
827 560 875 597 ad
904 562 991 598 Aen.
1014 563 1053 609 7,
1074 563 1164 610 682,
1192 563 1434 600 Veientinam.
1471 563 1531 601 De

69 624 193 662 samia
216 623 379 670 Iunone,
408 636 442 660 u.
462 623 535 669 48,
563 621 682 658 Varro
706 621 903 672 aliquando
931 630 1079 672 egerat,
1109 623 1192 660 uide
1218 623 1387 661 Lactant.
1417 628 1452 669 1,
1481 627 1529 662 17

69 691 108 722 et
132 685 321 734 Angustia.
350 683 397 721 de
423 697 455 721 c.
482 684 519 720 d.
545 685 584 731 6,
610 685 648 720 7.
701 683 786 720 Non
814 685 998 733 grauabor
1023 685 1092 721 hoc
1118 685 1199 720 loco
1228 683 1355 721 Ouidii
1381 697 1443 721 uu.
1464 685 1530 734 45,

68 748 120 783 46
146 746 327 796 explicare
353 752 390 782 et
416 757 437 782 a
463 746 710 793 correctione,
738 746 839 782 cuius
865 747 970 782 alicui
997 747 1033 783 in
1060 752 1218 783 mentem
1248 746 1374 782 uenire
1402 747 1530 795 possit,

68 807 273 845 uindicare:
301 808 485 857 praesenti
512 814 677 857 tempore
705 809 831 855 utitur,
859 808 944 857 quia
971 820 1067 845 anno
1091 808 1140 845 V.
1160 808 1204 844 C.
1226 809 1302 843 710
1329 819 1372 844 ac
1397 807 1530 845 deinde

69 882 106 909 a.
131 872 206 907 726
232 870 395 907 coloniae
420 869 541 906 denuo
565 869 825 918 Carthaginem
853 869 1033 907 deductae
1058 875 1157 916 sunt,
1183 869 1330 906 Iunonis
1356 869 1433 906 sine
1461 868 1530 906 du-

69 933 130 968 bio
156 932 344 982 auspiciis,
383 931 454 969 uid.
480 931 589 968 Dion.
617 932 721 969 Cass.
749 931 812 977 43,
833 931 906 978 503
939 933 1005 978 52,
1027 933 1089 969 43.
1142 931 1264 967 Altera
1291 931 1381 967 lunii
1414 931 1532 967 nomi-

69 994 125 1032 nis
151 994 342 1043 originatio
366 994 485 1029 Fuluii
512 992 594 1040 suit,
619 991 734 1027 Macr.
764 1003 801 1040 p.
817 992 906 1038 244,
923 993 1014 1040 245,
1042 1005 1136 1042 quae
1164 992 1261 1042 apud
1283 992 1457 1030 Ouidium
1479 1000 1534 1030 est

70 1057 302 1093 mss—88.
350 1055 458 1098 Quae
486 1051 714 1103 praecedunt
740 1051 825 1088 inde
854 1065 875 1088 a
903 1066 1008 1090 uersu
1038 1055 1104 1102 65,
1131 1061 1216 1090 sunt
1238 1053 1378 1092 Ouidii.
1432 1055 1533 1091 Ter-

69 1118 120 1154 tio
145 1117 227 1153 loco
253 1115 352 1165 quod
383 1115 621 1165 ueriloquium
649 1125 694 1149 ex
719 1125 784 1149 ore
812 1113 1040 1151 Concordiae
1068 1115 1253 1165 profertur
1292 1129 1328 1154 u.
1349 1118 1531 1165 91-96,

69 1178 263 1224 nescimus,
293 1177 388 1214 uude
415 1178 476 1213 sit:
506 1182 626 1226 potest
652 1175 761 1224 igitur
790 1182 826 1211 et
853 1174 921 1211 hoc
946 1175 1025 1224 ipse
1051 1183 1276 1214 commentus
1299 1189 1379 1214 esse
1404 1184 1531 1228 poeta,

68 1240 117 1277 ab
143 1239 312 1276 historico
341 1239 462 1288 aliquo
489 1238 718 1282 admonitus,
754 1236 1061 1286 quemadmodum
1087 1237 1315 1275 Tuditanum
1341 1239 1377 1275 in
1404 1239 1534 1277 eadem

69 1313 110 1339 re
136 1307 395 1338 commemorat
421 1300 628 1336 Macrobius
656 1303 693 1346 l,
718 1301 778 1347 16,
810 1312 848 1348 p.
867 1301 954 1336 268.

170 1363 371 1399 Plurimum
411 1363 505 1398 enim
544 1362 580 1397 in
618 1361 778 1397 carmine
814 1359 1025 1397 exornando
1061 1361 1107 1398 ab
1144 1360 1320 1398 historicis
1349 1362 1533 1399 ueteribus

70 1424 228 1477 profecit
249 1423 416 1469 Ouidius,
444 1424 545 1460 cuius
571 1423 625 1459 rei
651 1423 833 1472 exempla,
860 1422 1017 1459 eundem
1040 1423 1201 1460 ordinem
1228 1430 1432 1471 secuturus,
1459 1436 1533 1473 quo

74 1498 188 1537 supra
214 1497 259 1523 ex
287 1484 489 1532 chronicis,
517 1484 717 1532 historicis,
745 1484 1019 1531 astronomicis,
1055 1485 1310 1522 sacrificalibus
1337 1485 1533 1522 conflatum

69 1548 237 1586 carminis
273 1553 527 1596 argumentum
561 1546 657 1593 dixi,
693 1547 765 1582 hoc
800 1546 881 1583 loco
914 1546 1086 1583 enotabo.
1141 1546 1442 1597 'temperandum
1478 1551 1534 1583 est

69 1609 141 1647 hac
159 1615 267 1660 parte
285 1610 331 1646 ab
351 1609 546 1659 ineleganti
568 1615 604 1645 et
629 1608 873 1658 speculatoria
891 1619 1012 1644 rerum
1036 1609 1240 1658 uulgarium
1267 1608 1534 1659 dispunctione.

70 1671 247 1721 Vulgaria
286 1672 381 1708 enim
408 1677 515 1720 sunt,
552 1683 647 1720 quae
674 1669 829 1707 Ouidius
866 1673 903 1716 3,
926 1669 1113 1717 11—543
1152 1675 1190 1719 2,
1214 1671 1458 1718 381—4183
1497 1673 1535 1718 3,

70 1733 261 1780 59—723
288 1733 328 1780 4,
346 1733 589 1780 elo-8533
617 1731 655 1779 5,
677 1731 908 1776 149—1523
936 1735 974 1778 2,
994 1732 1233 1779 479—5083
1262 1736 1300 1780 2,
1320 1731 1537 1768 687—850

72 1793 121 1831 de
155 1793 254 1830 urbis
293 1799 331 1830 et
369 1793 588 1843 reipublicae
623 1793 815 1829 Romanae
852 1793 1079 1829 incunabulis
1116 1800 1290 1830 executus
1324 1799 1399 1830 est:
1436 1793 1537 1842 piget

71 1855 166 1892 haec
192 1855 239 1891 ad
267 1855 481 1903 Dionysium
509 1860 546 1890 et
571 1853 719 1890 Liuium
746 1854 912 1902 exigere,
949 1854 1049 1901 piget
1087 1866 1198 1889 unum
1226 1855 1284 1890 uel
1311 1854 1464 1891 alterum
1493 1866 1537 1891 ex

73 1917 260 1953 annalium
294 1916 528 1966 scriptoribus
557 1915 676 1952 locum
712 1926 923 1964 apponere,
958 1926 1050 1963 quos
1084 1915 1246 1951 inuenire
1273 1916 1409 1965 poteris
1436 1915 1537 1965 apud

73 1977 236 2015 Nonium
262 1991 293 2014 s.
322 1990 358 2013 u.
386 1980 605 2021 Picumnus,
645 1976 713 2013 cfr.
743 1979 781 2022 3,
803 1977 873 2012 37:
900 1976 1014 2012 Macr.
1044 1980 1079 2020 1,
1096 1978 1165 2024 10,
1201 1976 1268 2016 cfr.
1296 1980 1333 2024 3,
1350 1977 1419 2013 55:
1447 1977 1537 2014 Dio-

72 2039 215 2079 medem
245 2043 283 2087 1,
311 2052 349 2089 p.
371 2040 447 2075 379
473 2038 535 2086 Ρ.,
574 2038 640 2074 csr.
667 2041 706 2084 3,
726 2039 795 2073 61:
824 2036 993 2073 Seruium
1020 2037 1065 2073 ad
1094 2042 1183 2073 Aen.
1213 2037 1251 2084 5,
1275 2037 1365 2085 755,
1402 2037 1468 2075 cfr.
1497 2039 1536 2086 4,

71 2100 169 2137 825:
196 2101 346 2148 Dionys.
375 2100 459 2137 Hal.
487 2104 528 2146 2,
556 2103 628 2147 13,
666 2099 733 2135 cfr.
761 2100 800 2146 4,
827 2100 924 2135 837:
953 2101 1104 2148 August.
1132 2098 1178 2134 de
1205 2111 1237 2135 c.
1267 2098 1304 2135 d.
1334 2102 1373 2147 3,
1395 2101 1443 2147 63
1472 2099 1536 2148 15,

72 2161 140 2198 cfr.
167 2162 206 2209 4,
227 2163 317 2209 843,
337 2163 433 2198 493:
473 2161 589 2198 Macr.
617 2164 656 2207 2,
682 2162 752 2207 16,
792 2159 858 2196 csr.
886 2164 926 2208 2,
947 2161 1035 2196 715.
1097 2160 1260 2196 Tantum
1297 2172 1370 2196 non
1409 2172 1536 2197 omnes

72 2223 248 2260 euoluere
273 2222 451 2273 potuisset
476 2228 610 2272 poeta,
649 2228 685 2258 et
711 2228 904 2272 praeterea
930 2222 1132 2258 Varronem
1169 2223 1204 2258 in
1242 2234 1283 2259 eo
1317 2220 1431 2269 libro,
1467 2232 1537 2270 quo

71 2285 182 2322 initia
206 2283 306 2322 urbis
332 2287 476 2321 Romae
501 2284 687 2320 enarrauit
714 2290 811 2320 teste
835 2284 988 2327 Quintil.
1019 2285 1102 2320 inst.
1133 2286 1170 2329 l,
1197 2283 1236 2330 6,
1265 2286 1325 2318 12.
1379 2283 1535 2319 Istarum

72 2343 282 2383 recularum
310 2353 410 2383 certe
436 2345 544 2383 ualde
571 2345 750 2382 euiluerat
775 2356 947 2392 annona3
975 2357 1070 2394 quae
1095 2343 1230 2398 habere
1256 2343 1392 2393 aliquid
1417 2343 1534 2393 digni-

74 2408 157 2444 tatis
182 2408 314 2452 solent,
339 2407 458 2444 donec
483 2406 671 2445 hominum
701 2407 846 2456 ingenia
868 2418 962 2455 qnae
988 2407 1117 2442 uolunt
1143 2412 1180 2442 et
1206 2406 1335 2455 quibus
1362 2417 1534 2442 assueue·

75 2474 161 2505 runt
185 2467 380 2513 honorant,
408 2481 479 2505 non
508 2480 603 2517 quae
630 2469 810 2504 iubentur.
857 2467 979 2505 Paene
1005 2468 1233 2517 exploratum
1261 2473 1315 2503 est
1342 2467 1536 2516 plerasque

79 2527 157 2565 illas
181 2528 325 2566 fabulas
351 2530 397 2566 ab
423 2531 544 2567 Ennio
572 2535 746 2566 tractatas
781 2528 890 2565 fuisse
900 2555 912 2572 ,
955 2527 1039 2564 uide
1071 2529 1147 2564 eius
1181 2528 1387 2577 fragmenta
1414 2529 1460 2564 ab
1487 2528 1534 2564 E.

78 2587 376 2640 Spengeubergio
403 2591 577 2641 disposita
604 2591 664 2627 lib.
684 2595 720 2638 1,
748 2603 783 2627 u.
800 2591 992 2636 40-123,
1015 2588 1228 2637 156-181,
1249 2592 1288 2636 3,
1311 2602 1346 2626 u.
1368 2590 1532 2625 22—29.

80 2648 150 2686 Cui
174 2662 392 2702 quamquam
419 2645 581 2701 uersum,
608 2664 716 2702 quem
743 2651 864 2702 posuit
890 2653 930 2698 2,
953 2652 1042 2698 487,
1069 2651 1242 2700 surripuit
1268 2649 1439 2700 Ouidius,
1466 2650 1533 2685 mi-

129 2720 188 2754 Ou.
206 2722 298 2755 Fasti.
316 2724 437 2764 Proleg.
1184 2710 1214 2746 F
1466 2720 1470 2722 ’
