1685 2954
657 105 664 121 ‘
701 99 854 130 canus
1391 92 1511 124 ccvu

63 209 236 246 Romae
262 202 448 242 duabus
475 197 820 244 oar-nantibus,
851 207 1047 246 quarum
1071 195 1227 234 altero
1251 195 1510 232 Postuerta

64 269 404 316 cognominata
427 266 520 306 eet,
546 264 727 299 Prorsa
751 258 925 304 attera,
949 260 1060 296 recti
1083 257 1372 308 pernersique
1397 268 1511 306 par-

66 333 139 366 tus
164 333 203 366 et
228 328 455 379 potestate
479 328 523 360 et
548 324 756 360 nomine.

165 393 202 428 7.
253 382 415 436 Interpp.
448 385 535 422 Maii
571 384 618 422 ad
648 386 738 423 Aen.
765 383 803 431 5,
832 385 929 421 2412
971 385 1181 426 Portunus,
1215 385 1256 418 ut
1285 383 1406 419 Varro
1442 383 1511 429 ait,

64 454 250 500 pov-thium
273 447 546 499 portahumque
572 459 733 497 praeses.
786 446 910 491 Quare
934 444 1043 481 huius
1075 442 1150 480 dies
1181 442 1299 490 festus
1324 446 1514 481 Portuna-

65 513 133 561 lia,
160 525 234 562 qua
251 514 341 561 aput
364 514 500 547 ueteres
525 509 649 547 claues
673 511 713 546 in
738 507 862 556 forum
883 504 1092 556 αᾱᾱῂισιαε]
1118 516 1221 542 mare
1247 505 1289 550 [l.
1306 507 1425 556 piare]
1453 508 1515 543 in-

64 577 243 612 stitutum.

123 637 143 658 ¹*
167 638 204 671 8.
255 634 397 673 Charis.
427 633 489 671 lib.
510 637 529 669 1
557 645 595 683 p.
613 633 683 668 119
700 631 751 670 P:
784 633 903 669 Varro
932 631 1195 679 antiquitatum
1218 627 1429 664 diuinarum
1454 627 1518 665 de-

65 698 156 735 cimo
182 698 326 746 quinto:
356 695 529 744 Volgus
554 705 794 732 rumorem.

167 761 203 796 9.
257 759 366 796 Seru.
399 758 445 794 ad
473 758 565 794 Aen.
593 758 632 804 8,
651 757 745 793 564:
775 756 895 801 Quam
921 755 1041 792 Varro
1068 750 1276 790 libertorum
1300 749 1407 788 deam
1431 751 1518 790 dicit

65 823 269 866 Feroniam,
298 822 405 869 quasi
430 819 635 857 Fidoniam.

169 886 230 921 10.
284 882 392 919 Seru.
420 881 467 917 ad
495 883 586 917 Aen.
615 881 655 927 9,
681 880 729 916 4:
766 876 975 914 Pilumnum
1010 878 1045 912 et
1076 876 1292 912 Picummtm
1316 895 1367 902 —-
1395 875 1519 912 Varro

66 944 272 993 coniugales
300 943 384 980 deos
418 944 640 991 suspicatur.
693 939 772 977 Csr.
798 940 953 986 August.
980 949 1014 973 c.
1042 935 1079 973 d.
1107 938 1144 979 6,
1170 937 1214 973 9:
1249 936 1520 975 Intercidonam

66 1026 116 1032 —-
141 1005 351 1042 Pilumnum
375 1026 426 1032 -—
451 1006 666 1040 Douerram.
718 999 837 1036 Possit
872 998 982 1035 etiam
1019 996 1148 1033 referri
1181 997 1227 1034 ad
1263 996 1393 1035 librum
1419 1001 1520 1048 prio-

65 1080 164 1113 rem,
201 1074 264 1103 aut
290 1066 372 1102 coll.
400 1065 507 1101 Seru.
535 1064 583 1100 ad
609 1065 699 1100 Aen.
729 1065 793 1109 10,
820 1061 870 1097 76
897 1067 935 1097 et
960 1059 1060 1097 Non.
1087 1072 1125 1110 p.
1140 1059 1230 1107 528,
1250 1063 1294 1096 ll
1325 1059 1375 1098 ad
1400 1061 1462 1099 lib.
1486 1061 1521 1098 11

65 1129 113 1167 de
138 1130 214 1165 uita
240 1127 367 1178 populi
389 1126 559 1162 Romani.

167 1194 228 1228 11.
286 1189 396 1226 Seru.
435 1187 483 1224 ad
519 1188 610 1224 Aen.
645 1186 690 1234 9,
715 1184 812 1223 584:
872 1183 1022 1222 Palicos
1060 1184 1229 1220 nauticos
1272 1182 1359 1222 deos
1398 1186 1522 1224 Vwrro

65 1251 238 1302 appellat.

168 1316 229 1348 12.
285 1311 421 1349 Arnob.
449 1312 489 1359 4,
517 1314 559 1348 3:
597 1308 704 1357 Quod
732 1309 882 1348 abiectis
914 1307 1124 1355 infantibus
1152 1309 1310 1359 pepercit
1339 1307 1430 1358 lupa
1453 1320 1523 1347 non

64 1374 175 1419 mitis,
200 1375 382 1423 Luperca,
408 1375 537 1423 inquit,
564 1372 632 1409 dea
656 1377 710 1410 est
733 1376 883 1409 attctore
908 1371 1099 1422 appellata
1128 1374 1305 1409 Varrone.

167 1436 237 1473 Dei
265 1437 355 1473 certi
386 1448 467 1472 cum
495 1435 518 1471 ii
542 1434 703 1483 fuerint,
737 1446 892 1485 quorum
924 1441 1078 1483 propter
1102 1434 1255 1470 nominis
1281 1434 1523 1484 perspicuita-

67 1504 141 1536 tem
177 1505 242 1535 aut
273 1498 421 1535 fabulae
461 1497 728 1546 simplicitatem
770 1503 808 1533 et
843 1496 1108 1545 proprietatem
1144 1496 1379 1533 dubitationis
1411 1506 1522 1534 causa

67 1560 168 1597 nulla
193 1567 294 1608 erat,
328 1559 457 1596 incerti
482 1559 594 1608 igitur
621 1564 749 1606 erunt,
782 1558 818 1595 in
851 1558 982 1608 quibus
1016 1565 1080 1595 aut
1110 1569 1240 1608 parum
1276 1564 1341 1595 aut
1374 1558 1523 1596 nimium

69 1627 216 1670 praesto
251 1629 306 1658 est
339 1621 386 1658 ad
418 1620 627 1657 faciendum
664 1619 849 1657 iudicium.
910 1620 1034 1670 Supra
1067 1620 1263 1670 aliquando
1291 1632 1330 1670 p.
1351 1631 1415 1656 Lu
1448 1620 1521 1657 iam

70 1682 194 1718 monui
222 1682 320 1732 quod
347 1695 392 1719 ex
417 1683 586 1719 Varrone
614 1683 835 1732 Augustinus
860 1693 894 1720 c.
921 1681 958 1720 d.
985 1685 1025 1730 7,
1052 1685 1075 1718 3
1103 1682 1315 1727 confirmat,
1341 1682 1413 1719 diis
1438 1684 1522 1732 qui-

70 1741 222 1779 busdam
255 1743 423 1793 patribus
454 1748 488 1780 et
522 1743 658 1781 deabus
690 1743 869 1780 matribus
901 1746 995 1781 sicut
1026 1743 1230 1781 homi-nibus
1260 1744 1523 1792 iynobtlitatem

71 1803 258 1840 accidisse.
309 1804 453 1841 Deinde
479 1816 567 1841 uero
592 1806 622 1840 si
655 1812 755 1841 recte
779 1806 917 1842 conieci
943 1807 1035 1842 libro
1062 1812 1192 1854 quarto
1219 1805 1359 1842 decimo
1384 1806 1524 1842 Varro—

71 1877 155 1902 nem
182 1878 257 1902 non
283 1866 400 1902 solum
426 1878 514 1902 suae
540 1866 711 1903 scientiae
737 1871 774 1902 et
800 1867 972 1914 rationis,
1008 1866 1073 1903 sed
1101 1867 1211 1903 etiam
1237 1867 1418 1916 religionis
1443 1868 1523 1904 Ro-

71 1938 263 1963 manorum
290 1928 470 1965 elementa
496 1927 701 1975 tradidisse,
729 1927 819 1964 haec
841 1928 1022 1965 elementa
1045 1935 1210 1965 naturam
1237 1928 1391 1966 subinde
1417 1941 1522 1967 suam

71 1994 281 2036 mutarunt,
318 1991 472 2026 maxime
505 1978 572 2039 per
605 2001 818 2038 graecarum
853 1988 1059 2027 fabularum
1086 1999 1123 2028 et
1149 1990 1426 2028 cerimoniarum
1452 1991 1524 2028 ad-

71 2048 294 2098 ditamenta,
334 2051 382 2088 de
418 2063 491 2101 qua
524 2063 565 2088 re
598 2052 906 2102 librumsscripsit
931 2053 1157 2090 Clausenius.
1208 2052 1263 2088 Ea
1287 2054 1438 2090 mutatio
1461 2054 1524 2091 ubi

27 2147 34 2155 ,
71 2110 228 2148 feliciter
254 2114 360 2149 cessit
397 2113 681 2150 coalescentibus
714 2121 815 2150 arcte
847 2114 1046 2164 peregrinis
1082 2120 1119 2151 et
1155 2116 1380 2163 uernaculis,
1414 2122 1526 2166 atque

75 2172 223 2222 publica
257 2175 475 2211 auctoritate
510 2175 647 2211 sancita
682 2182 720 2212 et
754 2176 910 2212 stabilita
943 2182 1022 2222 est,
1057 2176 1132 2212 nati
1163 2183 1249 2212 sunt
1283 2176 1343 2213 dei
1376 2177 1524 2215 selecti:

73 2232 208 2271 affecta
233 2247 302 2272 nec
327 2237 492 2285 perculta
515 2248 559 2273 eo
586 2236 694 2273 modo
713 2237 894 2274 elementa
911 2238 1061 2287 pristina
1082 2238 1255 2274 maiorem
1273 2245 1416 2288 partem
1436 2238 1526 2276 deo-

75 2306 154 2332 rum
179 2297 398 2334 incertorum
425 2298 600 2336 efficiunt.

172 2357 273 2395 Deos
298 2360 459 2409 aliquot,
496 2372 651 2409 quorum
678 2361 732 2397 uis
758 2367 796 2398 et
824 2367 954 2398 natura
981 2361 1058 2410 ipso
1085 2361 1231 2398 nomine
1258 2363 1525 2413 continebatur,

76 2417 140 2455 sed
163 2419 283 2469 ipsum
310 2433 442 2458 nomen
469 2419 618 2471 intelligi
643 2422 820 2472 desierat,
847 2423 918 2460 hoc
943 2424 1035 2460 libro
1062 2435 1084 2459 a
1111 2422 1278 2461 Varrone
1303 2436 1385 2462 esse
1408 2427 1529 2476 expli-

79 2485 178 2518 catos
202 2482 312 2519 fidem
337 2482 425 2520 facit
451 2483 583 2533 fragm.
599 2487 624 2520 2
651 2483 698 2521 de
723 2483 793 2521 dea
818 2485 956 2530 Vitula,
984 2485 1057 2522 uid.
1078 2485 1242 2522 Macrob.
1270 2487 1294 2524 1.
1321 2487 1396 2524 ind.
1436 2488 1528 2525 Per-

79 2539 168 2578 tinet
193 2542 263 2580 huc
293 2544 449 2581 fortasse
475 2545 638 2591 Salacia,
672 2545 747 2583 uid.
775 2547 928 2596 August.
956 2559 988 2584 c.
1017 2547 1053 2584 d.
1080 2549 1119 2594 4,
1147 2550 1210 2595 lo,
1238 2551 1307 2596 113
1343 2549 1528 2599 pertinent

79 2599 145 2638 frr.
163 2603 203 2650 7,
220 2606 259 2652 8,
279 2609 339 2651 10,
390 2607 466 2644 Sed
494 2608 601 2645 uenio
628 2607 674 2644 ad
703 2607 891 2654 Ouidium,
918 2610 1019 2645 cuius
1047 2609 1093 2646 de
1119 2609 1372 2646 Summano
1400 2622 1526 2647 uersus

79 2663 117 2705 6»
145 2664 219 2701 725
242 2677 298 2716 sq.
326 2670 446 2706 nescio
473 2681 519 2706 an
544 2670 704 2721 probent
728 2670 776 2708 fr.
805 2675 827 2707 3
854 2672 962 2721 plura
988 2671 1175 2709 continere
1199 2672 1388 2722 Varronis,
1415 2684 1526 2723 quam
