1685 2954
113 98 169 141 38
682 109 1002 139 rAs'ronvm

174 211 298 254 Nunc
326 210 432 251 bene
461 210 689 264 prospicies
715 209 868 263 latiam,
899 209 1142 263 Concordia,
1171 209 1346 251 turbam:

229 279 352 319 Nunc
381 283 424 318 te
452 283 639 318 sacratae
669 279 920 318 constituere
949 290 1106 318 manus.
1481 279 1561 317 640

172 346 322 387 Furius
353 346 561 399 antiquam
589 346 726 399 populi
754 351 968 399 superator
995 345 1161 385 Etrusci

230 413 429 465 Vouerat,
459 418 502 452 et
530 412 616 452 uoti
645 413 824 453 soluerat
852 413 919 452 ille
948 411 1082 452 fidem.

176 481 332 533 Causa,
361 479 469 533 quod
498 492 522 520 a
550 480 732 532 patribus
760 480 933 533 sumptis
961 486 1200 520 secesserat
1228 481 1350 521 armis

231 548 408 603 Volgus,
438 552 481 587 et
508 547 599 600 ipsa
627 560 725 589 suas
754 549 886 588 Roma
913 547 1085 588 timebat
1114 560 1228 600 opes.

177 615 321 658 Causa
346 626 495 656 recens
521 616 671 657 melior.
713 627 864 669 passos
893 612 1117 654 Germania
1139 617 1279 656 crines
1487 615 1566 654 645

234 682 416 736 Corrigit
443 683 652 735 auspiciis,
683 682 768 722 dux
795 680 1043 734 uenerande,
1074 683 1168 723 tuis.

177 750 278 793 Inde
306 749 577 802 triumphatae
606 747 742 790 libasti
771 760 937 788 munera
966 749 1118 801 gentis,

235 818 489 871 Templaque
516 817 655 860 fecisti
683 829 802 870 quam
831 815 933 856 colis
961 816 1064 868 ipse,
1097 816 1212 856 deae.

181 887 301 928 Haec
331 891 403 925 tua
432 883 646 926 constitu-it
674 883 853 937 genitrix
882 888 925 922 et
953 883 1075 923 rebus
1106 888 1150 922 et
1178 894 1261 934 ara,

236 953 338 995 Sola
367 957 454 993 toro
484 952 624 1006 magni
654 951 778 1006 digna
806 956 969 1004 reperta
996 947 1119 991 Iouis.
1493 952 1575 989 650

185 1085 305 1128 Haec
332 1084 401 1126 ubi
428 1082 675 1136 transierint,
705 1082 953 1137 capricorno,
981 1084 1163 1137 Phoebe,
1191 1082 1334 1124 relicto

239 1153 320 1195 Per
346 1153 506 1195 iuuenis
536 1164 677 1192 curres
705 1151 827 1205 sigua
856 1152 1039 1205 gerentis
1068 1164 1225 1205 aquam.

188 1363 277 1398 639.
303 1360 388 1397 Non
416 1363 451 1397 E
474 1372 548 1396 ma.
565 1372 621 1408 pr.
669 1360 762 1396 Hinc
792 1358 860 1398 (Dr
887 1361 995 1398 alius.
1038 1361 1260 1410 prospiciens
1285 1360 1366 1397 AB
1383 1357 1464 1397 ΟΨ
1486 1372 1581 1409 φια-

135 1418 230 1450 tuor.
272 1412 468 1461 prospicias
484 1408 529 1446 N
538 1411 609 1459 Ay
627 1416 799 1460 quatuor-3
827 1414 876 1449 M
892 1424 975 1449 var.
992 1423 1061 1448 scr.
1103 1411 1229 1461 laciam
1249 1413 1294 1447 Ε.
1398 1413 1484 1447 640.
1517 1412 1583 1447 Hic

134 1470 172 1500 te
198 1467 354 1511 quatuor
378 1474 447 1499 sec.
475 1466 598 1498 annot.
626 1463 730 1510 impr.
770 1475 862 1499 sacr.
892 1462 1083 1499 restituere
1110 1464 1187 1498 Zm
1205 1464 1228 1497 8
1246 1465 1289 1496 13
1313 1472 1389 1497 sex.
1492 1463 1580 1501 641.

136 1512 287 1551 Fuluius
307 1517 366 1549 12.
395 1512 534 1556 Surius,
564 1513 694 1548 Curius
718 1512 830 1561 yloss.
845 1511 905 1550 A.
945 1514 1129 1561 antiquum
1151 1511 1235 1555 duo,
1262 1510 1350 1557 fort.
1371 1523 1407 1547 m
1423 1510 1488 1547 sub
1503 1523 1580 1548 ras.

137 1569 172 1601 ct
196 1566 313 1600 nescio
341 1565 401 1612 qui
420 1567 524 1599 uetus
544 1565 650 1612 impr.
690 1564 839 1612 antiqua
867 1562 906 1599 A
923 1563 1004 1599 duo.
1049 1562 1184 1610 antiqui
1213 1561 1405 1598 DKOTb
1424 1574 1497 1598 ma.
1512 1574 1581 1598 sec.

138 1614 227 1663 sym
241 1626 316 1650 ma.
331 1625 398 1649 sec.
420 1625 470 1661 ps
493 1611 661 1661 9Ιοεε.Λ
675 1616 698 1650 8
718 1613 810 1659 Cios.
829 1617 874 1649 33
888 1616 936 1648 34
947 1615 1006 1649 35.
1037 1611 1301 1659 duodetriginta
1321 1616 1354 1647 et
1372 1616 1459 1647 uctt.
1478 1614 1584 1661 impr.

141 1665 290 1714 antiquo
311 1666 345 1700 P
360 1662 468 1700 alitis.
511 1664 678 1712 antiquus
707 1661 808 1700 NH
818 1662 885 1701 ²Pb
909 1676 982 1700 ma.
1001 1675 1056 1712 pr.
1078 1675 1098 1699 r
1122 1665 1228 1697 4041
1257 1667 1401 1710 septem.
1442 1663 1585 1711 antiqus

146 1713 198 1751 Φ.
236 1726 358 1763 super.
386 1714 506 1749 enursi
538 1715 566 1751 G
589 1726 756 1751 umuscr.
796 1715 887 1750 hetr.
915 1718 1000 1749 vett.
1017 1713 1071 1749 cd.
1175 1714 1261 1747 642.
1300 1713 1374 1748 uoti
1399 1711 1536 1749 fecerat
1562 1712 1587 1749 lt

141 1769 202 1802 12.
244 1765 337 1801 solu.
365 1764 441 1813 ipse
468 1765 503 1800 6.
554 1764 651 1810 inde,
678 1765 759 1811 iste,
787 1765 868 1811 ista,
895 1765 952 1800 illa
980 1763 1127 1810 sinynli.
1176 1763 1268 1799 solu.
1297 1771 1381 1799 ante
1408 1765 1484 1799 Zm
1504 1765 1586 1799 813

141 1819 189 1852 22
202 1818 249 1851 23
262 1816 386 1851 2429.
489 1815 574 1852 643.
603 1821 735 1863 sumpt.
764 1815 967 1851 decesserat
996 1812 1179 1859 BCme
1197 1818 1365 1861 quatuor.
1404 1825 1587 1850 successe-

140 1872 198 1902 rat
224 1864 265 1901 A
287 1877 360 1901 ma.
375 1876 432 1914 pr.
545 1866 630 1901 644.
669 1865 807 1913 Vulgus
833 1865 915 1902 libri
941 1869 1082 1913 practer
1107 1864 1155 1900 A.
1269 1865 1354 1900 645.
1392 1876 1527 1914 pansos
1551 1864 1588 1900 A

143 1917 296 1965 (pansus
321 1928 390 1952 sec.
413 1916 545 1959 Gron.)
571 1919 604 1951 et
629 1920 714 1952 tres.
762 1928 912 1965 panssos
939 1918 984 1952 E.
1025 1927 1132 1964 pasos
1158 1917 1192 1950 P
1217 1914 1325 1950 nlius.
1375 1927 1500 1964 parsos
1524 1916 1587 1952 43.

142 1978 289 2016 sparsos
323 1963 834 2015 BGDANOHEbey
848 1966 953 2003 hmr
976 1965 1059 2016 plus
1084 1967 1214 2013 uiginti
1239 1969 1272 2001 et
1296 1969 1383 2013 τιθῇ.
1410 1964 1482 2011 ed.;
1519 1962 1589 2014 (Dp

143 2028 226 2054 aar.
243 2028 314 2053 scr.
358 2028 501 2065 pressos
533 2013 577 2052 Ψ
598 2021 728 2065 septem
737 2030 748 2062 ς
780 2017 809 2054 G
831 2029 913 2053 ναν.
928 2027 997 2053 scr.
1047 2028 1160 2064 germ.
1187 2027 1312 2051 cernes
1339 2018 1390 2053 K.
1501 2017 1587 2052 646.

141 2067 299 2115 Pori-igit
324 2064 502 2103 ΒΕΦΟ
519 2064 706 2115 ’P'Zbym
726 2070 749 2104 8
776 2072 810 2103 et
836 2066 1031 2116 quindecim
1063 2065 1150 2112 fere.
1197 2066 1344 2114 Colligit
1374 2069 1410 2103 P
1433 2076 1586 2104 masec,

144 2120 251 2164 3413
285 2114 372 2154 ²I¹Z
386 2128 552 2154 uar.scr.
583 2118 796 2166 Comprimit
807 2130 918 2163 unus5
943 2129 966 2166 9
986 2129 1069 2154 itur.
1085 2129 1155 2154 scr.
1185 2116 1352 2165 corrigat
1364 2129 1471 2153 uitus.
1498 2115 1589 2152 Cor-

145 2169 231 2217 ripit
248 2170 306 2204 17.
339 2167 515 2205 Gloss.r:
543 2168 713 2216 Corrigit]
743 2169 900 2205 desecat.
1003 2169 1088 2204 648.
1117 2167 1250 2204 fecistis
1268 2179 1315 2204 m.
1355 2167 1469 2203 fecisti
1494 2176 1589 2214 quae

146 2220 225 2255 DE
248 2217 337 2264 fort.
364 2217 429 2255 sub
448 2230 524 2255 ras.
555 2216 821 2268 OKPET95
862 2217 927 2256 ‘Pb
947 2230 1028 2254 nar.
1051 2230 1120 2255 scr.
1174 2229 1269 2267 quae
1302 2217 1385 2254 colit
1411 2218 1456 2253 Ζ.
1504 2215 1589 2251 colis

145 2281 225 2306 esse
246 2268 278 2313 f.
329 2271 407 2318 ipsa
434 2271 516 2305 Zm
538 2273 609 2305 tres
635 2270 721 2314 (sec.
745 2282 831 2306 ann.
852 2272 979 2319 impr.)
1017 2269 1094 2318 ipse
1121 2267 1179 2304 die
1209 2266 1262 2305 Φ.
1364 2267 1449 2302 649.
1487 2267 1588 2302 Vers.

147 2330 226 2355 cum
244 2331 317 2368 seq.
338 2321 377 2357 in
401 2331 517 2368 mary.
548 2320 598 2356 αἶ.
623 2332 696 2356 ma.
723 2319 755 2367 f.
796 2321 900 2356 Hanc
926 2322 1003 2356 Bm
1025 2319 1108 2356 duo.
1148 2318 1227 2355 Nec
1248 2320 1299 2355 Κ.
1342 2317 1469 2364 genitr.
1497 2327 1592 2365 quae

149 2370 226 2405 reb.
255 2374 344 2415 tres3
375 2382 398 2417 9
423 2382 592 2407 monscr.
632 2371 758 2418 genitr.
789 2383 882 2420 quae
909 2378 944 2407 et
971 2370 1047 2406 reb.
1075 2381 1180 2406 tinus.
1227 2375 1262 2404 et
1288 2367 1371 2413 aris,
1399 2377 1487 2402 auro
1513 2367 1593 2402 sin-

143 2418 232 2467 guli.
336 2422 422 2456 650.
451 2429 596 2471 reperta
623 2421 680 2456 dei
702 2423 725 2457 8
746 2433 913 2459 mansor.
952 2420 1057 2456 thoro
1077 2422 1178 2457 DEr
1196 2418 1272 2454 atti.
1374 2418 1461 2453 651.
1491 2417 1594 2452 Hanc

151 2470 210 2504 ubi
244 2482 280 2506 ‘m
308 2470 414 2507 atius.
463 2473 682 2508 transierunt
710 2470 750 2508 A
776 2476 861 2508 tres.
908 2471 1087 2508 transierit
1120 2469 1201 2506 duo.
1250 2467 1430 2503 transieris
1465 2466 1535 2503 duo
1561 2470 1595 2503 et

147 2523 234 2556 uett.
263 2519 316 2555 ed.
357 2521 572 2571 kapricorno
591 2523 639 2559 A.
682 2522 802 2572 phebe
827 2525 917 2560 DE.
1022 2522 1109 2557 652.
1136 2518 1330 2555 Peruenies
1357 2530 1465 2553 curru
1492 2517 1595 2566 signa

147 2581 197 2605 m.
247 2570 360 2605 curris
390 2572 427 2607 G.
477 2585 600 2608 curras
627 2575 687 2610 M.
734 2573 836 2621 signa
864 2572 1020 2609 tenentis
1046 2583 1084 2620 p.
1131 2568 1287 2617 regentis
1313 2567 1440 2616 reliqui
1465 2579 1536 2604 sor.
1562 2571 1596 2604 et

146 2618 202 2656 ed.
245 2621 406 2679 gerentis
434 2624 524 2658 coni.
544 2625 671 2661 Heius.
723 2624 881 2672 regentis
906 2623 974 2659 iter
1005 2623 1037 2669 t.
1082 2620 1238 2669 regentis
1264 2630 1377 2669 aquas
1405 2617 1597 2658 Fortu

145 2681 267 2719 pauci.
