1685 2954
582 108 641 140 DB
669 109 767 141 oms
794 109 946 141 onnus
1308 108 1488 142 CLXXXV

49 211 98 251 ad
125 211 215 250 Aen.
244 215 279 258 1,
305 212 392 248 282.
442 207 502 246 De
532 219 566 247 a.
592 207 631 247 d.
657 208 760 247 XVII
784 208 847 246 ΚΡ
873 208 940 247 Iul.
973 207 1113 246 uidebis
1139 208 1247 247 Varr.
1273 207 1321 246 de
1345 207 1370 247 1.
1397 209 1423 247 1.
1450 211 1488 257 6,

49 278 114 322 32,
139 274 239 312 Fest.
265 274 406 324 p.258‚
433 272 482 307 26
507 271 590 315 sin„
615 283 654 320 p.
671 271 760 319 344,
781 273 827 306 13
847 271 959 316 dext„
987 283 1008 308 a
1034 283 1107 321 quo
1133 277 1254 308 tamen
1280 270 1422 319 leuiter,
1450 278 1490 310 ut

47 334 83 372 in
111 347 154 372 ea
180 348 220 373 re
246 334 396 375 decebat
420 338 580 382 poetam,
607 331 772 369 dissentit
798 330 965 370 Ouidius.
1017 332 1075 370 De
1103 332 1291 370 Summani
1314 333 1488 370 sacrificio

47 409 84 434 u.
101 399 175 435 725
202 408 274 434 non
297 394 449 431 multum
476 400 531 431 est
556 393 653 444 quod
681 393 811 430 Festus
837 405 874 443 p.
896 396 984 442 348,
1005 395 1027 430 5
1047 393 1145 432 dext.
1177 394 1299 432 tradit.
1346 395 1488 445 Supre-

46 470 144 494 muxn
175 456 270 508 quod
304 456 351 493 de
391 468 576 493 sacrorum
607 455 834 507 publicorum
870 455 996 493 ritibus
1023 453 1178 494 Ouidius
1215 455 1395 507 prodidit,
1429 463 1486 494 est

47 532 83 557 u.
111 520 184 557 775
209 524 246 556 et
270 520 356 556 777.

417 663 570 706 LIBER
596 663 836 712 QVARTVS
862 665 1097 705 DECIMVS.

143 767 207 806 Fr.
238 770 273 805 1.
315 767 422 805 Seru.
451 768 497 805 ad
523 768 614 805 Aen.
642 771 680 815 8,
701 768 796 806 275:
828 770 947 806 Varro
973 766 1059 805 dicit
1085 766 1169 805 deos
1194 766 1288 804 alios
1312 778 1401 813 esse,
1428 767 1490 816 qui

46 827 93 867 ab
117 831 220 867 initio
247 832 333 868 certi
359 834 392 867 et
417 833 623 880 sempiterni
646 835 752 876 sunt,
780 829 893 877 alios,
926 831 987 878 qui
1012 828 1234 867 immortales
1260 839 1307 865 ex
1331 828 1490 866 honiini-

45 890 111 928 bus
135 891 228 938 facti
252 897 357 929 suntx
389 897 423 929 et
449 893 491 929 de
517 893 574 930 his
598 895 689 942 ipsis
714 892 808 929 alios
832 903 909 929 esse
934 894 1118 941 priuatos,
1152 889 1247 928 altos
1272 901 1492 927 communes.-

43 955 222 1003 priuutos,
250 966 338 1004 quos
364 967 599 1004 unaquaeque
623 967 709 1003 gens
733 953 828 997 colit,
853 957 896 988 ut
921 964 989 989 nos
1006 955 1185 997 Faunum,
1215 950 1375 989 Thebani
1395 951 1491 988 Am-

43 1013 252 1063 phiaraum,
271 1016 551 1053 Lacedaemonii
566 1015 795 1062 Tyndoermzm
813 1014 989 1061 (Ten-tun.
1004 1013 1051 1050 ad
1067 1020 1141 1050 nat.
1157 1017 1194 1060 2,
1206 1015 1252 1050 7:
1278 1016 1319 1049 ut
1332 1016 1493 1063 Mopsus

45 1074 249 1121 Africanus
274 1082 308 1113 et
335 1080 492 1116 Boeotus
516 1076 768 1126 Amphiaraus
794 1087 839 1112 ex
865 1075 1010 1112 emend.
1037 1074 1249 1121 Gothosr.)=
1276 1087 1490 1121 communes,

44 1148 134 1187 quos
157 1140 332 1186 uniuersi,
358 1144 398 1176 ut
429 1140 624 1183 Castorem,
650 1138 845 1185 Pollucem,
872 1137 1055 1182 Liberum,
1083 1137 1285 1176 Herculem.

143 1201 182 1235 2.
225 1198 383 1241 Tertull.
413 1200 458 1237 ad
487 1207 562 1237 nat.
590 1205 628 1248 2,
648 1202 694 1236 9:
720 1202 802 1237 Nos
825 1212 911 1236 uero
936 1199 1110 1246 bifariam
1131 1202 1382 1236 Romanorum
1409 1198 1494 1236 deos

41 1262 355 1307 recognoscimus]
363 1288 375 1306 ‚
406 1274 609 1299 communes
640 1266 674 1299 et
706 1263 893 1311 proprios,
928 1260 966 1297 id
991 1265 1065 1308 est,
1102 1273 1192 1310 quos
1219 1273 1299 1297 cum
1325 1260 1491 1298 omnibus

41 1320 172 1359 habent
195 1327 228 1359 et
255 1335 344 1371 quos
369 1325 465 1374 [ipsi]
493 1329 578 1361 sunt
603 1325 802 1361 commenti.
829 1343 880 1350 —-
917 1323 1038 1368 Quare
1061 1324 1176 1368 [cum]
1206 1335 1409 1360 communes
1433 1322 1490 1360 dei

41 1394 150 1433 quam
174 1384 320 1434 physico
346 1398 456 1435 qitam
480 1388 518 1423 in
542 1386 696 1433 mythico
722 1384 1103 1435 compre[hendan]tur
1127 1405 1192 1424 —-.

142 1449 180 1482 3.
223 1447 331 1484 Seru.
360 1448 405 1484 ad
433 1449 522 1485 Aen.
550 1453 589 1495 2,
612 1450 704 1484 1413
732 1449 878 1485 conscia
902 1448 1052 1484 numina
1078 1446 1184 1495 ueri.]
1215 1449 1312 1484 Bene
1335 1445 1490 1484 medium

40 1510 175 1545 tenuit:
201 1521 291 1546 nam
315 1522 360 1547 ea
384 1513 536 1548 nicniina
560 1512 747 1554 inuocans,
772 1522 864 1559 quae
887 1513 973 1547 suut
998 1509 1143 1546 conscia
1171 1510 1323 1545 munina
1346 1510 1490 1545 uerita-

41 1572 109 1606 tis:
134 1573 221 1620 quia
244 1576 278 1608 et
301 1571 486 1622 pontifices
512 1572 635 1610 dicunt
660 1572 814 1620 sinyitlis
840 1570 979 1614 actibus
998 1571 1167 1619 proprios
1199 1569 1283 1608 deos
1306 1582 1490 1620 praeessu

43 1629 109 1669 hos
137 1634 257 1670 Varro
282 1639 397 1671 certos
422 1636 489 1682 (ita
515 1635 573 1672 ed.
600 1635 746 1680 Burm.)
772 1633 855 1671 deos
881 1632 1056 1682 appellat.

143 1695 180 1730 4.
233 1694 340 1733 Seru.
369 1696 415 1733 ad
442 1709 499 1746 ge.
528 1701 564 1743 1,
592 1700 662 1733 21:
698 1695 858 1732 studium
893 1694 1020 1743 quibus
1055 1706 1153 1731 arua
1178 1695 1305 1741 tuerit]
1339 1696 1490 1732 nominoe

43 1752 130 1791 haec
153 1757 341 1793 nummum
364 1759 404 1794 in
428 1758 711 1807 indigitamentis
734 1759 986 1802 inueniuntur,
1013 1755 1051 1792 id
1077 1760 1148 1800 est,
1172 1758 1210 1793 in
1237 1755 1338 1793 libris
1366 1757 1492 1805 ponti-

43 1813 230 1864 ficalibus,
258 1820 319 1866 qui
344 1823 377 1854 et
402 1822 548 1855 nomina
574 1819 719 1856 deorum
745 1823 778 1854 et
800 1821 978 1854 rationem
1004 1820 1165 1866 ipsorum
1190 1819 1375 1855 nominum
1400 1828 1490 1855 con-

45 1879 180 1915 tinent:
212 1891 305 1928 quae
329 1882 439 1917 etiam
466 1883 585 1918 Varro
609 1879 715 1927 dicit,
742 1891 829 1915 num
853 1882 894 1914 ut
919 1889 1033 1927 supra
1059 1877 1220 1915 discimus
1243 1879 1392 1916 nomina
1417 1889 1489 1915 nu-

42 1938 199 1976 minibus
223 1952 270 1977 ex
295 1939 427 1987 officiis
453 1946 594 1978 constat
617 1943 803 1991 imposita.

144 2003 182 2039 5.
221 2004 371 2052 August.
398 2002 445 2039 de
471 2015 501 2039 c.
531 2003 568 2040 d.
596 2005 632 2050 6,
650 2005 694 2039 9:
723 2004 885 2051 Denique
909 2005 943 2038 et
968 2002 1042 2050 ipse
1072 2003 1191 2040 Varro
1216 2011 1492 2040 commemorare

43 2067 78 2099 et
103 2075 310 2101 enumerare
334 2064 418 2101 deos
442 2067 555 2115 coepit
571 2078 597 2102 α
614 2067 837 2113 conceptione
862 2063 1028 2108 hominis,
1054 2075 1205 2111 «morum
1229 2075 1397 2100 numeros
1421 2073 1492 2098 ex-

22 2135 151 2161 ‘orsus
175 2129 229 2161 est
256 2136 281 2162 a
304 2128 416 2163 Iano
443 2127 620 2172 (Tertull.
649 2127 695 2163 ad
722 2133 800 2164 nat.
828 2129 866 2173 2,
894 2128 963 2162 11:
993 2125 1078 2162 (leus
1109 2127 1305 2163 Consentius
1329 2123 1491 2173 quidam,

41 2186 104 2235 qui
136 2186 404 2224 consationibus
425 2187 706 2227 concubitalibus
731 2189 881 2238 praesit·
914 2189 1006 2237 Aug.
1033 2189 1072 2234 7,
1102 2190 1148 2222 22
1182 2185 1239 2224 Ibi
1264 2190 1318 2224 est
1342 2190 1376 2222 et
1399 2186 1490 2222 Sa-

41 2251 204 2285 turnus
229 2254 376 2298 propter
393 2251 512 2298 ipsum
531 2251 681 2295 semen.)
707 2261 854 2298 euinque
874 2251 999 2286 seriem
1018 2248 1188 2298 perduxit
1212 2260 1325 2297 usque
1349 2246 1398 2284 ad
1425 2246 1489 2284 de-

41 2310 166 2358 crepiti
189 2309 347 2347 hominis
379 2315 529 2349 mortem
553 2315 587 2348 et
613 2311 696 2348 deos
722 2310 772 2348 ad
798 2312 916 2360 ipsum
941 2310 1117 2348 hominem
1142 2312 1359 2360 pertinentes
1383 2307 1490 2345 claun.-

38 2373 89 2408 sit
114 2370 164 2408 ad
189 2372 375 2409 Naeuium
400 2373 505 2410 deam
529 2374 684 2419 §At-nob.
702 2374 739 2420 4,
756 2375 794 2420 7,
820 2373 919 2409 Fest.
948 2385 986 2422 p.
1009 2374 1095 2417 161,
1123 2375 1171 2408 33
1190 2370 1309 2419 dext.)
1336 2382 1427 2420 quae
1451 2371 1491 2406 in

39 2431 227 2478 fimeribus
251 2445 377 2471 senum
402 2439 586 2472 cantatur.
607 2456 657 2465 --
682 2433 736 2471 ld.
763 2435 811 2472 ib.
839 2436 879 2482 4,
907 2438 974 2470 112
1000 2435 1139 2483 praesit
1164 2434 1307 2471 nomine
1332 2430 1491 2469 Liberi

43 2495 207 2531 uirorum
230 2494 423 2533 seminibus
447 2496 515 2543 (id.
536 2498 576 2544 7,
590 2499 634 2533 2:
663 2497 724 2545 qui
741 2508 878 2534 marem
903 2495 1019 2544 effuso
1040 2495 1173 2532 semine
1196 2492 1340 2539 liberat)
1366 2497 1400 2530 et
1425 2503 1491 2529 no-

42 2556 138 2591 mine
162 2555 319 2595 Liberae
343 2556 565 2604 seminarum
592 2558 647 2603 (7,
673 2562 718 2595 22
746 2562 787 2594 ut
812 2559 921 2595 etiam
946 2559 1030 2607 ipsa
1055 2557 1183 2593 emisso
1208 2556 1341 2595 semine
1365 2553 1490 2591 libere-

44 2620 124 2661 tur3
149 2619 184 2662 7,
202 2620 245 2656 3:
272 2617 420 2663 Libera,
446 2610 539 2670 quae
560 2621 663 2657 Ceres
678 2631 742 2657 seu
764 2623 885 2657 Venus
902 2623 955 2656 est
973 2618 1156 2665 sentium:
1182 2617 1341 2665 (Gellius
1360 2619 1398 2664 3,
1423 2617 1489 2651 16:

53 2678 175 2718 Varro
200 2697 248 2710 -
273 2682 450 2727 Parca,
476 2683 605 2733 inquit,
630 2683 870 2720 immutata
895 2681 1060 2720 littero
1083 2691 1172 2719 una
1198 2691 1223 2718 a
1248 2682 1382 2730 partu
1409 2688 1490 2714 uos-
