1685 2954
785 94 828 134 v,
856 93 888 121 Β
1344 92 1550 126 cCLxxvn

98 190 182 228 illae
209 191 244 228 in
270 190 370 229 libris
394 189 637 241 superioribus
656 201 855 240 eorumque
873 191 1006 241 triplici
1027 191 1165 241 origine
1185 192 1376 243 expeditae
1392 193 1540 234 ruerint.

99 253 203 296 Quas
228 253 312 302 quia
338 258 574 301 exaggeratas
600 264 622 288 a
649 265 708 289 me
733 264 813 289 esse
839 252 983 290 minime
1008 254 1192 298 existimo,
1228 267 1301 292 non
1336 258 1543 305 putauerim

98 314 228 351 librum
254 307 603 351 Mallersdorfianum
640 314 686 350 ab
721 314 800 363 ipso
831 315 1013 351 communi
1046 315 1204 351 omnium
1232 317 1409 366 principio
1433 329 1540 367 repe-

97 376 269 413 tendum:
305 375 442 425 poterit
477 375 554 412 aliis
588 374 702 411 modis
734 374 906 423 intelligi,
941 386 1005 411 cur
1037 376 1180 424 saepius
1214 377 1288 415 ullo
1321 379 1391 416 alio
1416 377 1540 418 codice

96 437 239 487 optimis
265 435 455 473 Petauiani
481 443 518 474 et
545 436 742 474 llfeldensis
770 436 954 485 scripturis
983 436 1159 485 accedat,
1186 450 1250 474 cur
1274 439 1367 476 illins
1393 440 1538 490 potissi-

95 511 192 536 mum
218 509 364 534 assensu
390 497 487 534 fidae
513 498 746 535 Arundeliani
767 505 804 535 et
825 498 992 534 Vossiani
1018 498 1218 547 scripturae
1244 501 1538 550 comprobentur,

95 560 196 597 uelut
220 563 258 606 2,
275 561 368 606 327;
395 559 490 607 53ος
517 560 612 608 5903
640 562 714 596 606
727 574 744 609 3⁷
766 563 801 604 3,
821 560 914 606 4153
942 559 1035 607 5763
1063 561 1152 608 844,
1182 574 1246 597 cur
1271 568 1461 611 praeterea
1482 563 1538 600 lo-

92 621 142 657 cis
168 621 363 657 innumeris
388 620 486 657 solus
513 627 577 658 aut
601 634 719 672 prope
744 622 842 659 solus
869 622 1094 670 probabilem
1121 622 1334 671 scripturam
1357 622 1538 668 exhibeat,

90 688 131 718 ut
149 686 188 730 2,
203 684 273 730 633
302 683 393 729 1953
421 682 517 730 6453
545 684 639 731 6723
666 685 760 731 6763
787 687 825 731 3,
843 682 934 730 1153
964 684 1056 730 1853
1083 684 1179 730 6363
1204 684 1298 729 7393
1323 682 1418 730 815;
1443 685 1536 723 8592

90 755 135 780 eo
162 745 256 781 enim
283 757 356 794 quo
383 744 418 781 in
446 744 543 781 hisce
569 744 677 781 modo
703 745 775 781 leui
802 756 1000 795 paucarum
1026 745 1225 781 litterarum
1251 743 1452 781 discrimine
1475 757 1534 781 so-

89 802 165 842 lent
199 806 235 841 in
271 805 340 842 hoc
370 806 463 843 libro
491 807 635 843 ueriora
670 807 836 844 inueniri.
889 806 983 843 Cum
1010 805 1135 843 codice
1161 805 1352 844 Moretano
1376 805 1534 843 secundo

89 868 295 904 consentire
321 880 432 917 saepe
459 869 617 905 memini.

191 932 227 967 6.
281 927 409 966 Codex
444 928 712 966 Bauaricus
750 929 929 966 secundus
965 935 1113 967 notatur
1150 932 1196 967 E.
1253 928 1419 966 Eundem
1457 931 1534 969 eius
1595 945 1603 967 a

90 1003 193 1027 usum
220 990 432 1039 impetraui‚
468 1002 575 1039 quem
603 990 744 1039 prioris.
798 991 999 1028 indicatum
1025 992 1170 1040 accepi:
1204 989 1280 1028 cod.
1308 990 1535 1030 bibliothecae

88 1051 174 1088 olim
203 1051 406 1088 electoralis
430 1053 667 1088 Monacensis
693 1064 728 1088 π.
757 1053 832 1090 594
866 1052 1041 1100 foliorum
1065 1054 1268 1100 nonayinta
1297 1064 1363 1089 sex
1397 1055 1432 1090 ῐη
1461 1059 1531 1091 oct.

85 1125 182 1150 saec.
198 1115 292 1150 XII.
332 1112 489 1148 Formae
515 1118 570 1148 est
595 1113 790 1163 oblongae,
816 1115 971 1164 scriptus
997 1116 1134 1151 minuta
1153 1125 1262 1150 mauu
1283 1113 1411 1151 additis
1434 1116 1531 1163 glos·

84 1173 229 1210 sematis
264 1180 302 1210 et
337 1174 444 1210 uariis
480 1174 666 1223 scripturis
692 1186 715 1210 a
743 1175 852 1224 longe
887 1176 1156 1225 posterioribus.
1210 1175 1463 1226 Diphthongus
1487 1190 1531 1215 ae

84 1247 270 1284 nunquam
296 1236 400 1272 aliter
425 1248 534 1285 quam
561 1236 715 1285 simplici
740 1249 758 1272 e
785 1242 908 1284 extat,
945 1248 965 1272 s
998 1237 1215 1286 plerumque
1246 1236 1310 1274 sed
1339 1250 1409 1274 non
1435 1250 1530 1275 sem-

82 1307 152 1345 per
176 1309 368 1346 procerum
396 1304 463 1334 est.
507 1297 665 1334 Litteras
691 1298 928 1348 paragogicas
954 1296 1094 1335 formae
1120 1298 1282 1347 capitalis
1308 1298 1355 1335 ad
1381 1301 1530 1349 explen-

83 1357 167 1394 dam
194 1359 325 1396 lineam
353 1359 581 1396 dextrorsum
613 1360 712 1397 haud
741 1360 885 1396 memini
918 1371 977 1396 me
1007 1360 1092 1395 alibi
1121 1365 1230 1409 atque
1265 1360 1301 1396 in
1336 1360 1406 1397 hoc
1438 1362 1528 1399 libro

82 1419 256 1458 inuenire.
308 1421 542 1471 Bibliopegus
577 1434 641 1459 sex
674 1421 761 1459 folia
788 1433 883 1471 quae
909 1421 1082 1471 ponenda
1106 1420 1254 1457 fuerunt
1280 1428 1362 1470 post
1387 1421 1452 1459 fol.
1480 1425 1528 1460 18

83 1481 234 1518 inseruit
258 1489 344 1532 post
370 1483 434 1519 sol.
453 1485 504 1519 26
541 1490 578 1520 et
615 1490 698 1533 post
733 1483 797 1521 fol.
817 1485 868 1519 40
903 1494 1096 1532 perperam
1121 1481 1187 1519 fol.
1209 1483 1382 1520 41-49.
1435 1485 1529 1521 Ante

83 1555 142 1580 me
167 1545 398 1581 contulerunt
423 1546 479 1582 uir
504 1545 631 1582 doctus
658 1545 831 1589 Batauus,
858 1544 1013 1581 sortasse
1039 1544 1253 1580 Franciseus
1280 1544 1524 1594 Burmannus,

85 1604 122 1639 in
147 1603 207 1641 ed.
233 1605 357 1643 Heius.
387 1608 505 1652 1652,
539 1606 603 1643 sed
631 1607 881 1655 negligenter,
920 1613 956 1642 et
983 1606 1118 1642 Xauer.
1146 1605 1334 1642 Werserus
1361 1607 1417 1642 uir
1442 1607 1527 1643 olim

84 1665 387 1714 ingeniosissimus
411 1669 492 1717 qui,
527 1667 626 1718 quod
660 1679 705 1704 ex
740 1668 815 1703 eius
842 1667 1111 1704 collectionibus
1138 1680 1159 1704 a
1188 1669 1264 1704 uiro
1292 1668 1526 1705 illustrissimo

85 1725 187 1763 Frid.
209 1727 244 1761 T
248 1726 422 1764 hierschio
447 1728 532 1764 mihi
559 1729 739 1778 permissis
764 1728 935 1773 intellexi,
963 1727 1090 1777 insigni
1115 1728 1233 1765 studio
1253 1728 1375 1766 Ouidii
1397 1729 1526 1766 editio-

84 1800 169 1824 nem
196 1796 393 1836 parauerat
418 1789 562 1838 qualem
588 1788 697 1825 hodie
727 1787 846 1825 decet.
899 1789 967 1824 Hic
992 1794 1143 1825 testatus
1169 1795 1224 1826 est
1253 1790 1385 1826 librum
1411 1790 1526 1827 uideri

83 1849 220 1885 saeculi
245 1848 449 1886 duodecimi
484 1856 547 1886 aut
574 1851 680 1886 etiam
710 1849 887 1886 undecimi
913 1855 950 1885 et
975 1849 1110 1887 habere
1135 1850 1330 1899 singularia
1354 1857 1392 1887 et
1416 1863 1524 1900 prae-

81 1910 214 1947 stantia
239 1911 364 1948 multa.
406 1911 505 1948 Nihil
532 1911 675 1948 decedit
703 1910 786 1946 huic
811 1909 910 1947 laudi
935 1911 1029 1947 inter
1055 1911 1218 1948 codicum
1244 1924 1406 1949 meorum
1431 1912 1524 1948 mul-

82 1971 286 2009 titudinem.
331 1972 406 2009 Sed
433 1980 554 2011 tamen
582 1973 705 2022 incipit
729 1973 778 2024 ab
804 1972 875 2008 hoe
901 1971 990 2009 ordo
1017 1973 1190 2009 librorum
1216 1973 1524 2022 secundariorum,

82 2033 145 2083 qui
171 2045 289 2083 neque
316 2035 488 2083 originem
516 2035 760 2084 peculiarem,
794 2046 914 2084 neque
948 2040 1011 2070 aut
1045 2035 1080 2071 in
1115 2035 1373 2085 orthographia
1399 2041 1463 2071 aut
1487 2035 1524 2072 in

80 2096 266 2144 scripturis
302 2103 438 2132 tantam
467 2108 590 2132 curam
618 2095 848 2146 praeferunt,
887 2102 927 2131 ut
961 2103 1140 2146 perpetuo
1173 2098 1209 2134 in
1244 2097 1432 2134 discrimen
1458 2108 1523 2133 ue-

81 2156 202 2193 niant:
239 2157 431 2194 mittuntur
457 2158 491 2195 in
516 2157 727 2207 suffragium
754 2158 814 2193 ubi
841 2158 1048 2207 superiores
1074 2171 1149 2195 rem
1175 2158 1397 2205 destituunt,
1423 2157 1525 2194 uelut

79 2220 120 2266 3,
146 2220 234 2255 206.
288 2219 484 2256 Caeterum
511 2220 628 2256 sciens
654 2220 789 2256 nullam
817 2219 876 2256 uel
902 2219 1117 2256 lenissimam
1144 2221 1357 2270 scripturam
1383 2218 1523 2267 reticui,

81 2280 133 2316 uti
158 2291 227 2316 nec
253 2280 289 2317 in
316 2281 429 2317 multo
450 2282 654 2331 peioribus:
681 2282 817 2330 poteris
844 2282 921 2331 ipse
947 2281 1126 2328 arbitrari,
1153 2293 1239 2317 num
1265 2288 1363 2318 recte
1387 2279 1521 2316 iudica-

82 2341 195 2378 uerim
222 2341 382 2378 codicem
410 2343 569 2379 eiusdein
597 2343 740 2391 originis
767 2354 845 2380 esse
872 2355 952 2379 cum
972 2342 1171 2379 Petauiano
1200 2342 1329 2391 primo,
1355 2340 1419 2378 sed
1445 2353 1523 2378 ma-

82 2401 135 2450 gis
159 2411 370 2453 corruptum
396 2404 443 2440 ab
476 2402 628 2440 indoctis
653 2404 828 2452 librariis,
864 2405 928 2454 qui
957 2403 1118 2454 inprimis
1153 2402 1449 2452 orthographiam
1474 2401 1523 2439 ad

82 2473 183 2499 suam
207 2464 423 2502 ineruditam
449 2463 748 2502 consuetudinem
778 2465 1019 2503 deflexerunt.
1070 2465 1138 2501 Hic
1164 2471 1240 2515 est,
1276 2466 1336 2514 qui
1362 2465 1523 2515 plerum-

83 2534 155 2570 que
179 2525 352 2576 scriptum
377 2525 511 2566 habeat
529 2525 753 2577 dampnum,
778 2539 972 2577 sompnii-3,
994 2527 1158 2576 hyemps,
1185 2527 1415 2570 ammonitus,
1438 2536 1526 2574 per-

85 2580 222 2630 hennis,
247 2585 379 2636 honus,
406 2587 593 2633 tollerar65
621 2589 800 2626 rarissime
825 2592 890 2637 ita,
918 2594 958 2625 ut
983 2590 1020 2633 6,
1048 2591 1119 2624 172
1146 2587 1194 2624 ad
1217 2590 1311 2625 iusto
1337 2586 1523 2623 subtiliora

84 2644 267 2685 ascendit:
298 2648 408 2688 habet
433 2661 521 2687 sanc
547 2656 584 2688 et
609 2661 699 2688 uera
725 2650 862 2700 multa,
888 2656 928 2688 ut
954 2651 1139 2699 quotiens,
1165 2648 1391 2694 bimenstris,
1416 2645 1524 2691 mille,
