1630 2921
53 159 132 188 vm
584 161 695 190 =LVD1
725 160 954 192 BONORARH

53 257 243 297 Liberalia
268 258 442 297 dicebant.
496 259 722 298 Nouissimus
756 261 873 300 editor
908 262 1016 300 docet
1050 263 1086 300 id
1114 264 1164 301 ita
1190 275 1269 301 esse
1293 264 1499 317 intelligen-
1524 311 1529 314 ἢ

53 319 155 369 dum,
181 321 286 358 ludos
312 321 524 359 honorarius
542 322 767 360 Liberalibus
787 325 1010 373 potissimum
1036 324 1095 362 edi
1121 327 1360 363 consueuisse.
1402 329 1498 366 Gra-

54 388 132 419 tum
157 383 254 419 soret
281 388 355 418 tam
382 390 481 421 certa
506 384 579 421 fide
606 398 717 421 unum
743 386 869 422 saltem
897 386 943 423 de
969 386 1114 434 triginta
1146 386 1220 422 istis
1245 387 1370 424 diebus
1395 389 1499 427 inno-

53 449 208 491 tescere,
235 443 299 480 sed
327 450 463 492 metuo,
491 458 537 482 ne
564 446 659 482 aliud
687 446 774 495 quid
800 446 932 483 Festus
959 447 1100 484 dixerit.
1153 447 1290 484 Notum
1317 461 1395 486 esse
1421 451 1499 500 opi·-

53 516 122 541 nor
149 505 416 541 Tertullianum
443 507 637 555 plurimum
663 507 774 544 Festo
803 520 904 543 usum
935 520 1035 556 esse,
1071 517 1107 546 et
1142 516 1417 558 expectaueram
1452 510 1500 548 ad

52 564 150 602 istud
176 564 281 602 Pauli
306 566 438 603 lemma
471 576 511 604 ut
537 575 812 618 apponerentur
837 569 896 605 illa
925 571 1001 607 eius
1027 570 1074 607 de
1099 579 1259 621 spectac.
1285 585 1319 609 c.
1337 576 1378 609 1:
1414 585 1502 610 nam

53 629 88 662 et
111 637 190 662 cum
215 629 414 676 promiscue
439 628 515 665 ludi
541 629 730 666 Liberalia
758 636 991 676 uocarentur,
1029 633 1086 669 uel
1114 645 1145 668 c.
1164 634 1208 669 6:
1235 645 1322 670 nam
1347 638 1382 670 et
1408 635 1502 672 alios

52 685 160 724 ludos
184 689 341 725 scenicos
362 688 550 726 Liberalia
575 690 754 727 uocabant
779 697 1029 741 praeterquam
1047 693 1180 731 Libero
1207 694 1366 732 deuotus.
1408 697 1501 732 Hinc

52 747 124 785 tria
150 747 376 793 efficiuntur,
404 750 554 788 Festum
584 752 645 788 uel
670 752 836 789 Verrium
864 754 948 789 nihil
977 754 1063 790 noui
1089 755 1253 791 docuisse
1278 757 1325 794 de
1351 757 1500 794 Libera-

52 808 160 857 libus,
188 822 282 860 quae
309 817 412 847 erant
437 811 523 849 XVI
549 813 613 849 ΚΓ
640 815 743 862 Apr.,
770 813 833 850 sed
859 815 946 851 illud
974 828 1104 852 nomen
1126 818 1247 866 aliquo
1273 824 1501 866 argumento,

53 870 114 907 uel
140 870 305 922 exemplo
333 873 505 921 generale
532 875 766 921 existimasse,
793 874 948 924 denique
974 876 1186 913 honorarios
1206 878 1304 913 Festi
1327 879 1385 915 uel
1406 879 1502 917 Ver-

52 932 96 969 rii
122 939 243 970 aetate
269 934 472 983 appellatos
493 947 572 972 esse
592 936 696 972 ludos
719 936 777 972 uel
796 948 934 984 omnes,
963 937 1020 975 uel
1046 939 1206 974 scenicos
1225 951 1361 977 omnes.
1401 940 1503 978 Haec

52 994 265 1044 seponenda
284 1003 368 1032 sunt
390 997 579 1047 tantisper,
606 997 692 1033 dum
711 996 856 1034 aliunde
882 999 999 1036 lucem
1025 1000 1189 1049 accipere
1208 1006 1393 1049 poterunt.
1430 1001 1502 1038 Ca-

52 1055 237 1093 saubonus
271 1056 436 1094 Suetonii
471 1059 583 1095 uerba
621 1059 785 1109 intelligit
819 1059 866 1096 de
899 1061 1015 1108 ludis,
1044 1074 1135 1110 quos
1161 1062 1247 1097 noui
1273 1063 1504 1110 magistratus

52 1124 185 1169 sponte
216 1131 285 1155 sua
310 1118 357 1155 ad
382 1119 642 1157 demerendum
678 1121 853 1170 populum
880 1130 916 1158 et
943 1122 1146 1159 ambitionis
1176 1135 1285 1159 causa
1311 1123 1504 1172 ediderint,

53 1192 146 1229 quos
180 1180 284 1217 ludos
321 1181 526 1231 spectacula
559 1184 708 1232 priuata
741 1181 869 1219 dixerit
901 1183 1004 1221 Suet.
1041 1185 1131 1221 Ner.
1159 1188 1206 1221 21
1244 1190 1281 1221 et
1314 1184 1503 1235 Lamprid.

51 1240 161 1291 Elag.
184 1245 245 1278 23.
296 1242 463 1279 Eandem
490 1245 729 1291 sententiam,
768 1245 898 1281 omissa
931 1252 1050 1282 tamen
1085 1246 1252 1283 ludorum
1278 1247 1504 1296 priuatorum

51 1303 260 1351 mentione,
294 1305 355 1354 qui
381 1318 459 1341 mos
485 1306 552 1343 sub
580 1307 742 1354 Augusto
768 1306 941 1355 inualuit,
979 1308 1050 1344 Dio
1078 1309 1138 1353 56,
1165 1309 1238 1355 27,
1276 1308 1341 1344 sed
1367 1308 1505 1345 alienus

52 1371 109 1401 est
135 1365 181 1401 ab
207 1364 276 1402 bac
301 1378 356 1414 re,
382 1368 619 1417 perscriptam
646 1368 790 1404 inuenio
819 1381 840 1404 a
867 1369 1033 1406 Viuaudo
1061 1369 1188 1418 Pigbio
1218 1370 1251 1405 iu
1281 1377 1504 1408 commenta-

51 1425 107 1462 rio
133 1424 182 1462 de
207 1425 309 1464 fastis
334 1429 444 1464 sacris
470 1429 605 1466 inedito
633 1429 686 1466 bis
713 1430 851 1466 uerbis:
888 1433 1005 1467 Prout
1029 1432 1122 1467 enim
1143 1432 1290 1479 quisque
1306 1444 1401 1469 nouo
1421 1444 1505 1470 ma-

52 1488 211 1536 gistratu
229 1489 287 1526 nel
304 1489 438 1527 bonore
462 1496 541 1528 erat
564 1493 771 1540 insignitus,
798 1491 903 1529 ludos
929 1504 975 1529 ea:
999 1504 1068 1528 sna
1094 1490 1361 1540 magnificentia
1386 1506 1506 1543 popu-

54 1548 148 1587 laris
173 1563 288 1589 aurae
303 1552 506 1602 captandae
528 1556 650 1602 gratia
677 1567 740 1603 per
766 1553 904 1603 aliquot
931 1553 1130 1591 instruebat
1147 1554 1233 1590 dies.
1277 1556 1395 1600 Quam
1416 1569 1506 1593 cau-

52 1623 135 1650 sam
153 1624 229 1650 esse
246 1618 431 1662 putamus,
456 1620 498 1652 at
522 1620 555 1652 et
575 1615 762 1653 Liberalia
789 1615 862 1652 alio
888 1618 1028 1653 nomine
1048 1619 1153 1654 Festo
1176 1621 1322 1653 anctore
1348 1617 1508 1654 diceren-

52 1677 128 1721 tur,
155 1675 250 1724 qnod
274 1679 360 1714 noni
386 1677 533 1714 lionoris
564 1679 667 1715 initio
693 1690 739 1715 ex
765 1677 877 1714 libera
909 1690 972 1714 seu
1006 1689 1105 1714 mera
1138 1680 1260 1727 potins
1292 1677 1509 1716 liberalitate

53 1734 315 1775 exhiberentur.
377 1739 583 1776 Fatendum
621 1746 675 1777 est
708 1747 792 1790 post
818 1741 969 1789 Augusti
1006 1746 1158 1775 mortem
1194 1738 1284 1774 tales
1321 1738 1425 1775 ludos
1460 1741 1506 1776 ab

52 1797 220 1836 omnibus
253 1799 334 1837 sere
369 1802 636 1849 magistratibus
670 1801 786 1837 factos
821 1809 859 1837 et
893 1799 1087 1850 aliquando
1121 1800 1334 1849 quotannis:
1373 1807 1508 1839 statum

53 1864 197 1909 tempus
224 1861 393 1898 ludorum
420 1863 661 1898 consularium
689 1873 710 1897 a
736 1862 956 1909 Symmacho
982 1874 1070 1911 epp.
1095 1862 1135 1905 7,
1157 1862 1182 1896 4
1207 1872 1230 1897 a
1249 1860 1334 1897 Kal.
1357 1861 1432 1898 Ian.
1460 1862 1507 1900 ad

52 1919 153 1958 Non.
180 1922 290 1959 Febr.
319 1923 434 1968 tradi,
469 1923 567 1974 quod
595 1936 676 1959 cum
713 1930 800 1959 tunc
826 1936 897 1959 non
926 1924 1071 1971 triginta
1097 1920 1174 1956 dies
1200 1920 1313 1957 fastos
1338 1922 1507 1961 habuisse

54 1988 218 2031 constet,
253 1983 342 2020 nihil
375 1997 464 2022 sane
498 1986 671 2035 impedit,
708 1985 899 2034 quominus
935 1983 1010 2020 aliis
1036 1982 1302 2030 magistratibus
1336 1983 1396 2020 alii
1429 1984 1507 2023 dies

54 2045 216 2081 concessi
240 2044 388 2083 suerint.
442 2048 537 2083 Ante
563 2049 763 2095 Augustum
793 2059 879 2082 uero
916 2045 1014 2082 nullo
1041 2044 1149 2093 plane
1175 2043 1379 2081 testimonio
1405 2047 1509 2083 euin-

53 2105 148 2142 citur
183 2093 288 2143 ludos
322 2108 505 2157 impetrati
541 2107 686 2145 honoris
721 2119 829 2143 causa
865 2113 928 2143 aut
963 2106 1008 2141 ab
1036 2106 1201 2141 omuibus
1227 2106 1506 2155 magistratibus,

54 2173 119 2205 aut
144 2168 190 2204 ab
219 2169 298 2205 ullis
323 2170 538 2219 quotannis,
574 2176 718 2206 statoue
754 2176 944 2218 tempore,
981 2174 1043 2203 aut
1079 2166 1206 2203 diebus
1239 2175 1392 2218 propter
1426 2181 1508 2208 eam

53 2241 201 2266 causam
227 2231 311 2267 olim
338 2230 486 2268 nefastis
513 2231 688 2268 exhibitos
715 2230 846 2266 fuisse:
874 2230 997 2278 immo,
1026 2230 1152 2265 diebus
1173 2230 1229 2276 iis,
1257 2231 1385 2279 quibus
1400 2231 1508 2269 Pom-

52 2291 126 2344 peii
158 2292 288 2328 iterum
325 2293 481 2330 consulis
517 2293 592 2330 ludi
623 2292 775 2340 fiebant,
804 2292 934 2329 Cicero
970 2291 1016 2327 ad
1049 2291 1136 2327 sam.
1164 2293 1203 2338 7,
1231 2295 1251 2327 1
1289 2304 1434 2330 causam
1468 2305 1510 2332 se

54 2353 170 2402 egisse
198 2360 334 2390 narrat.
362 2355 490 2406 Itaque
516 2355 705 2391 Ernestius
731 2366 753 2390 a
778 2354 956 2391 Suetonio
983 2360 1096 2389 statos
1125 2359 1161 2388 et
1187 2353 1367 2391 solemnes
1401 2350 1509 2392 ludos

54 2414 236 2464 designari
268 2415 473 2464 intelligens
506 2417 660 2453 coniecit
693 2415 906 2452 honorarios
942 2414 1047 2451 ludos
1082 2427 1144 2450 eos
1177 2414 1311 2463 fuisse,
1347 2416 1510 2466 quinon

55 2476 212 2525 antiquis
242 2473 384 2525 legibus
412 2479 597 2515 constituti
623 2477 790 2525 fuissent,
817 2475 882 2513 sed
908 2477 1170 2512 recentioribus
1195 2479 1417 2526 temporibus
1445 2490 1511 2514 ac-

54 2537 227 2574 cesserint
253 2537 576 2577 ad'lionoraudam
613 2540 824 2576 memoriam
862 2539 1019 2575 uirorum
1048 2539 1140 2574 bene
1166 2539 1390 2576 meritorum.
1444 2540 1512 2575 Hic

54 2598 191 2649 aliquid
227 2598 315 2635 uidit
341 2599 387 2636 de
414 2599 616 2638 discrimine
643 2600 836 2649 ludorum,
878 2600 939 2650 qui
966 2600 1129 2637 in·sastis
1157 2600 1274 2636 notari
1308 2612 1511 2637 consueue-

56 2665 165 2706 runt;
193 2659 257 2697 sed
284 2659 411 2697 salsam
439 2664 693 2713 etymologiam
721 2662 939 2714 aucupando
966 2674 1042 2700 rem
1068 2662 1244 2711 peruertit
1264 2674 1345 2699 meo
1366 2661 1511 2699 iudicio.

56 2720 205 2761 Videbis
230 2735 303 2774 quo
326 2735 402 2763 rem
424 2723 618 2774 deducam,
643 2723 741 2763 malo
762 2726 856 2763 enim
878 2724 1123 2776 probabiliora
1141 2723 1380 2776 proferendo,
1403 2735 1512 2777 quam
