1685 2954
127 105 261 136 cxxvl
635 107 693 136 DE
721 109 902 138 Assmssvs
934 111 1077 141 sacms

121 209 197 256 les,
222 206 396 245 Varronis
422 204 470 243 de
493 206 519 246 1.
545 204 570 244 Ι.
596 205 635 255 5,
665 206 758 246 156ε
796 210 1017 249 Senaculum
1046 223 1163 262 supra
1194 214 1475 261 yraecostasim,
1506 215 1569 255 ubi

122 269 225 308 aedis
254 267 471 308 Concordiae
501 272 536 305 et
560 268 713 307 basilica
741 272 907 322 Opimia.-
945 274 1152 311 senaculum
1177 279 1350 312 uocatum
1371 275 1435 313 sabi
1457 289 1566 316 sena-

120 337 196 380 tus,
216 336 280 369 aut
301 329 363 367 ubi
383 332 539 368 seniores
558 333 802 380 consisterent,
829 333 929 371 Festi
948 347 985 384 p.
1001 336 1071 372 153
1086 337 1183 373 Vrs.:
1211 337 1395 374 senacula
1413 340 1489 376 bria
1503 362 1566 387 -,

118 406 232 433 unum
255 391 316 429 ubi
339 404 435 429 nttnc
462 397 516 430 est
549 393 650 430 aedis
679 394 898 432 Concordiae
929 397 1022 433 inter
1052 398 1268 448 Capitolium
1293 404 1327 436 et
1353 399 1498 448 forum,
1527 403 1567 440 in

117 469 188 507 quo
212 454 376 493 solebant
399 456 638 502 mayistratus
665 468 745 493 cum
769 456 968 494 senioribus
995 457 1206 508 deliberare,
1233 460 1331 497 Liuii
1351 463 1415 508 41,
1435 463 1507 499 27:
1533 467 1569 500 et

115 518 293 568 porticwm
318 514 363 552 ab
388 515 474 552 aede
499 517 655 554 Saturni
684 518 724 554 in
751 517 971 568 Capitolium
1002 519 1052 556 ad
1076 521 1286 559 senaculum
1316 528 1350 559 et
1382 535 1499 572 supra
1529 523 1568 561 id

116 579 270 625 curiam,
299 576 490 625 Augustini
516 575 562 613 de
588 590 620 617 c.
645 578 682 616 d.
711 582 747 624 3,
765 579 835 616 25:
874 579 1046 628 Eleganti
1070 594 1159 618 sane
1183 585 1498 623 senatusconsulto
1526 597 1567 623 eo

113 643 194 692 ipso
219 639 308 684 loco,
335 638 396 675 ubi
420 638 591 686 funereus
615 640 793 677 tumultus
812 640 873 677 ille
894 644 1103 679 commissus
1122 648 1188 691 est,
1215 644 1279 682 ubi
1303 649 1357 683 tot
1382 648 1478 683 ciues
1502 658 1567 683 or-

114 703 211 741 dinis
236 703 405 749 cuiusque
428 700 650 750 ceciderunt,
684 700 789 738 aedes
817 702 1034 740 Concordiae
1058 704 1167 755 facta
1200 711 1266 742 est.
1318 707 1438 744 Locus
1465 708 1567 746 Festi

115 765 146 802 si
173 764 221 801 de
246 763 374 800 eodem
403 764 574 800 senaculo
601 763 812 812 intelligitur
837 775 880 799 ac
902 764 1160 814 Varronianus,
1188 779 1284 816 quae
1304 768 1472 806 Muelleri
1497 771 1566 809 uiri

114 827 166 864 ill.
187 825 365 863 sententia
391 831 447 861 est
472 825 507 860 in
535 825 714 862 annotatis
742 824 789 861 ad
816 825 965 862 Festum
992 838 1030 875 p.
1048 828 1136 874 346,
1165 839 1312 865 necesse
1339 836 1394 866 est
1421 831 1566 868 basilica

113 887 263 939 Opimia
283 893 320 924 et
341 887 576 936 graecostasis
606 893 644 923 et
669 886 767 923 curia
786 887 939 923 Hostilia
967 888 1013 923 ab
1041 899 1085 924 eo
1113 888 1209 934 loco,
1236 901 1310 938 quo
1335 891 1453 939 posita
1479 897 1565 928 sunt

114 949 151 987 in
186 949 344 998 eleganti
380 949 505 986 tabula
531 947 766 1005 Bunseniana
801 949 1038 998 commigrent
1070 949 1137 986 sub
1172 950 1290 999 ipsum
1327 951 1564 1001 Capitolium,

112 1017 225 1062 prout
242 1010 399 1046 Vulcani
425 1023 547 1047 aream
574 1009 728 1046 collocat
747 1009 855 1046 Dion.
882 1008 962 1046 Hal.
982 1015 1021 1058 2,
1034 1011 1096 1048 50.
1136 1011 1270 1048 Nescio
1291 1023 1337 1048 an
1364 1013 1472 1049 etiam
1497 1014 1565 1050 ba-

110 1073 209 1110 silica
235 1072 368 1109 Porcia
393 1072 512 1109 locum
541 1073 586 1108 sit
612 1077 818 1118 mutatura,
855 1071 1033 1121 siquidem
1065 1084 1109 1110 ea
1134 1073 1170 1110 in
1200 1074 1381 1111 lautumiis
1407 1080 1444 1111 et
1469 1075 1563 1112 atrio

109 1133 256 1171 Maenio
283 1139 447 1171 extructa
472 1134 555 1180 fuit,
583 1133 666 1170 Liu.
688 1135 751 1181 39,
771 1134 835 1181 44,
862 1133 1051 1171 lautomias
1079 1147 1167 1172 uero
1193 1135 1311 1172 Varro
1338 1136 1376 1183 5,
1397 1136 1466 1172 151
1494 1137 1563 1173 sub

109 1195 304 1246 Capitolio,
330 1203 471 1246 partem
497 1195 625 1232 domus
643 1194 857 1231 Maeuianae
882 1195 960 1244 ipse
989 1196 1044 1231 uir
1068 1197 1118 1232 ill.
1139 1209 1175 1246 p.
1188 1200 1264 1232 232
1288 1197 1421 1234 ibidem
1441 1198 1560 1247 ponit.

107 1257 300 1305 Concidet,
329 1258 395 1294 nisi
420 1257 548 1304 fallor,
576 1256 731 1293 maxima
757 1268 842 1306 pars
870 1257 1055 1306 utriusque
1080 1258 1151 1294 fori
1177 1259 1333 1295 Romani
1359 1265 1397 1296 et
1423 1259 1561 1297 Caesa·

106 1321 156 1357 ris
184 1332 206 1357 a
234 1320 311 1356 uiro
337 1320 531 1369 perillustri
558 1319 734 1355 exornati.
783 1317 839 1353 Ea
865 1318 967 1354 ruina
994 1319 1044 1354 ita
1070 1326 1347 1367 auerruncatur,
1374 1321 1403 1356 si
1422 1320 1560 1357 Varro·

105 1383 161 1419 nis
188 1382 301 1418 uerba
328 1381 531 1418 redduntur
556 1382 609 1417 uti
634 1380 720 1417 fecit
747 1393 784 1430 p.
801 1382 896 1416 236:
930 1380 992 1416 An.
1018 1380 1144 1417 (lessus
1170 1380 1212 1417 de
1237 1380 1277 1418 la
1300 1383 1506 1429 9recostase
1531 1381 1560 1418 tl

102 1456 127 1490 y
151 1455 177 1480 a
201 1442 235 1479 le
264 1443 471 1480 senaculum
503 1446 549 1480 οἰι
579 1455 617 1480 se
647 1447 771 1480 trouve
804 1442 835 1478 le
868 1441 995 1490 temple
1028 1442 1070 1478 de
1103 1443 1142 1480 la
1173 1442 1353 1480 Concorde
1382 1442 1459 1489 fait
1489 1454 1560 1492 pau·

105 1506 271 1555 Opimius
296 1509 331 1541 et
357 1504 395 1542 la
420 1505 593 1556 basilique
617 1506 776 1555 Opimia,
805 1503 936 1539 deinde
962 1503 990 1539 si
1016 1504 1161 1553 Festus,
1187 1505 1246 1542 uel
1273 1505 1382 1541 etiam
1408 1504 1559 1541 Verrius

102 1567 235 1605 erroris
262 1566 308 1603 de
335 1566 427 1603 aede
454 1567 660 1616 Capitolina
687 1573 724 1604 et
752 1565 946 1615 Opimiana
973 1566 1223 1614 insimulatur,
1257 1566 1351 1602 Liuii
1387 1577 1475 1603 uero
1502 1566 1558 1602 lo-

103 1641 167 1666 cus
193 1626 263 1665 alio
290 1628 399 1664 modo
426 1628 597 1669 eluditur.
658 1629 699 1666 ln
734 1634 835 1664 tanto
873 1626 1075 1663 discrimine
1112 1640 1183 1664 non
1220 1628 1333 1664 ausim
1372 1627 1558 1665 affirmare

102 1690 294 1740 Augustini
328 1691 536 1740 opinionem
571 1703 617 1727 ex
650 1690 823 1727 Varronis
865 1701 986 1725 rerum
1022 1688 1223 1725 diuinarum
1263 1689 1361 1725 libris
1396 1688 1556 1726 fluxisse.

101 1752 206 1796 Quos
227 1753 393 1801 quamuis
419 1765 492 1788 non
513 1752 673 1801 segniter
698 1750 924 1800 peruoluisse
946 1749 1126 1798 uideatur,
1153 1756 1192 1786 et
1211 1750 1377 1800 quamuis
1401 1762 1443 1787 re
1468 1761 1558 1788 uera

99 1813 229 1852 seditio
257 1813 475 1850 Gracchana
500 1815 537 1849 in
564 1813 747 1862 Capitolio
771 1811 958 1857 exarserit,
987 1811 1061 1847 uid.
1081 1812 1178 1861 App.
1201 1815 1238 1858 1,
1260 1813 1323 1860 26,
1351 1817 1472 1862 potest
1497 1817 1557 1849 ta-

98 1887 183 1913 men
209 1880 246 1911 et
271 1875 350 1924 ipse
376 1873 610 1924 Opimianam
636 1879 673 1911 et
699 1873 935 1910 Tiberianam
963 1872 1093 1909 aedem
1123 1872 1342 1910 confudisse.

201 1937 446 1973 Castorum
474 1935 695 1985 templum
722 1937 758 1972 in
778 1934 975 1984 Regillensi
1001 1945 1124 1984 pugna
1151 1935 1198 1971 ab
1220 1937 1262 1971 A.
1279 1934 1465 1972 Postumio
1486 1948 1555 1973 uo·

98 2005 199 2048 tum,
244 1998 390 2035 biennio
427 2002 511 2046 post
544 1996 750 2034 dedicatum
784 2002 908 2033 narrat
940 1996 1022 2034 Liu.
1057 2001 1096 2044 2,
1122 1997 1185 2033 42.
1247 1997 1481 2046 Superfuisse
1514 1997 1554 2036 id

97 2062 274 2112 templum
301 2072 397 2097 anno
425 2059 470 2095 V.
491 2058 535 2095 C.
558 2060 634 2095 747
658 2059 852 2107 Dionysius
880 2058 995 2095 Halic.
1022 2059 1060 2103 6,
1084 2061 1131 2094 13
1158 2058 1303 2095 uidetur
1328 2059 1465 2104 testari,
1491 2069 1552 2096 re-

97 2123 234 2161 fectum
261 2127 383 2159 tamen
410 2119 606 2170 aliquando
632 2119 702 2156 fuit
728 2132 750 2157 a
775 2120 818 2157 L.
838 2120 1000 2164 Metello,
1027 2119 1104 2155 Cic.
1131 2131 1200 2168 pro
1226 2115 1367 2156 Scauro
1393 2121 1417 2166 §
1436 2121 1487 2156 46
1512 2124 1552 2156 et

94 2184 209 2221 schol.
236 2196 275 2235 p.
291 2186 354 2231 28,
377 2184 402 2219 4
429 2181 569 2230 Orell.;
603 2181 676 2218 uid.
706 2182 828 2231 Nibby
855 2182 914 2218 del
938 2181 1019 2218 soro
1045 2181 1154 2218 Rom.
1181 2193 1220 2231 Ρ.
1235 2182 1299 2228 70,
1324 2179 1478 2218 Nardin.
1505 2183 1548 2229 2,

93 2257 133 2295 p.
158 2248 242 2282 168.
298 2245 410 2281 Aliter
445 2244 613 2294 opinatur
650 2243 778 2281 Sachs.
817 2248 853 2292 1,
880 2256 918 2294 p.
945 2243 1033 2279 550.
1093 2241 1192 2279 Istud
1229 2248 1350 2279 tamen
1387 2242 1424 2278 in
1462 2240 1547 2279 foro

92 2306 267 2356 templum
286 2307 431 2354 mirum,
459 2307 526 2343 nisi
545 2305 673 2343 eodem
700 2305 761 2342 illo
783 2317 894 2354 anno,
922 2318 995 2356 quo
1013 2305 1208 2353 Dionysius
1236 2303 1421 2340 historiam
1441 2315 1546 2349 suam

92 2366 225 2414 edidit,
261 2381 333 2417 quo
359 2368 430 2406 Dio
456 2369 520 2417 55,
540 2370 564 2405 8
603 2363 735 2404 πολλοὶ
767 2367 846 2404 τῶν
884 2364 925 2405 ἐν
960 2366 1010 2419 τῇ
1043 2361 1172 2420 ἀγορᾷ
1207 2358 1545 2413 οἰκοδομημάτων

91 2428 318 2465 κεκαῦσθαι
344 2437 535 2478 memorat,
564 2429 794 2479 absumptum
822 2436 889 2467 est.
935 2429 1031 2466 Nam
1059 2441 1155 2465 anno
1181 2428 1256 2464 ’759
1283 2426 1403 2463 denuo
1429 2438 1451 2463 a
1474 2427 1545 2463 Ti-

91 2490 192 2528 berio
220 2490 427 2540 dedicatum
455 2492 609 2528 traditur
635 2503 657 2528 a
682 2492 802 2528 Dione
827 2492 891 2540 55,
915 2493 976 2536 27,
1012 2491 1082 2527 alio
1118 2489 1177 2526 die
1203 2495 1312 2538 atque
1338 2489 1542 2538 pristinum,

90 2552 143 2588 uti
167 2564 212 2589 ex
239 2551 373 2589 Ouidio
401 2560 438 2590 et
463 2553 706 2590 Praenestinis
733 2553 835 2590 fastis
869 2553 1119 2604 cognoscitur3
1158 2562 1240 2588 nam
1268 2550 1542 2586 Postumianum

88 2612 263 2662 Dionysio
290 2621 327 2650 et
355 2613 540 2664 aliquanto
567 2615 733 2652 disertius
760 2615 863 2651 Liuio
890 2621 1060 2652 narrante
1085 2613 1139 2651 Id.
1168 2612 1320 2657 Quintil.
1349 2622 1542 2650 consecra-

87 2680 163 2711 tum
189 2681 256 2713 est.
308 2675 406 2713 Num
433 2676 504 2713 alio
530 2677 638 2714 etiam
665 2677 766 2726 loco,
803 2689 920 2727 prope
953 2678 1070 2714 lacum
1096 2676 1269 2712 Iuturnae
1295 2679 1441 2722 tamen,
1473 2683 1541 2710 ex-

1664 708 1683 828 d‘h-„*
1663 677 1675 687 '

1664 1366 1674 1374 ι
1684 1332 1685 1339 ᾼ
1665 1279 1685 1320 ms
1684 1264 1685 1267 „
1659 1224 1679 1254 ⁴⁸>
1661 1007 1681 1214 *ozam*
