1685 2954
99 55 258 91 001⁴le
616 81 621 87 .
716 57 939 89 FAsronvu

99 159 180 197 iwm
212 157 352 209 quidem
385 167 506 195 auro
539 155 750 195 occultatus.
801 157 941 197 Eodem
974 158 1053 198 sere
1086 165 1251 210 tempore
1276 159 1427 198 insertos
1454 160 1536 199 huic

100 220 193 260 libro
217 223 364 272 oportet
389 230 449 255 uu.
468 217 543 256 285
564 230 643 268 sq.:

300 282 389 318 Pax
413 283 495 317 erat
517 283 564 324 et,
588 279 711 326 νωθῆ,
741 281 963 326 Germanice,
991 293 1103 321 causa
1127 283 1314 338 triumphi,

359 338 579 379 Tradiderat
603 339 769 388 famulas
792 343 867 378 iam
893 342 959 380 tibi
984 343 1135 382 Rhenus
1161 358 1290 395 aquas.

101 404 173 443 Hic
195 402 399 454 triumphus
423 401 552 439 ductus
577 408 633 439 est
659 403 726 440 vn
750 403 812 440 ΚΡ
839 404 917 441 lun.
945 405 1031 441 anni
1057 406 1102 443 V.
1124 407 1168 444 C.
1189 409 1266 444 770
1292 411 1385 444 teste
1408 406 1541 444 Tacito

103 478 189 505 ann.
215 469 256 515 2,
271 466 342 503 41:
368 462 534 501 decretus
558 469 613 500 est
638 464 781 501 biennio
806 470 913 512 ante,
953 465 1003 502 id.
1029 467 1079 504 ib.
1108 472 1144 515 1,
1163 469 1236 515 553
1262 471 1302 516 2,
1320 469 1388 505 26:
1423 472 1542 506 westm-

104 527 236 564 dicitur
260 526 396 577 quippe
420 535 478 562 res
503 523 610 561 ductu
639 526 849 562 Germanici
879 527 1053 574 auspiciis
1083 528 1216 566 Tiberii
1239 535 1363 578 gestae
1387 529 1542 579 perscri-

103 587 284 627 bebantur
314 588 350 624 in
375 597 461 623 arcu
487 591 639 636 propter
670 585 800 622 aedem
825 585 988 624 Saturni.
1041 587 1139 625 Nihil
1175 589 1324 627 interest
1349 603 1424 640 quo
1450 597 1543 628 tem·

103 659 198 700 pore
221 649 269 687 de
293 661 339 686 eo
364 646 546 697 triumpho
571 647 754 697 scripsisse
779 652 926 696 poetam
946 648 1125 686 existimes
1134 662 1148 698 ς
1173 649 1220 687 de
1244 662 1336 700 pace
1361 651 1422 689 illa
1441 657 1544 702 post-

103 710 176 749 hac
201 711 314 760 leges.

206 772 384 818 Quaestio
410 770 457 808 de
482 769 588 807 huius
612 770 694 808 libri
719 770 976 808 retractatione
995 783 1067 808 non
1087 777 1210 822 potest
1233 773 1428 810 subsistere
1452 771 1546 810 infra

105 845 240 873 annum
264 836 351 872 768.
401 833 497 870 Data
524 838 579 869 est
604 844 718 882 opera
743 845 764 870 a
790 839 918 883 poeta,
947 844 992 869 ne
1026 833 1112 882 quid
1139 833 1221 870 huic
1246 833 1421 884 tempori,
1455 846 1547 884 quos

106 908 194 934 suos
218 907 336 933 annos
359 894 520 945 appellat
547 907 581 931 u.
602 893 691 942 537,
712 905 789 931 non
823 894 1048 931 conueniret.
1100 894 1227 944 Itaque
1260 895 1361 932 nulla
1391 902 1446 932 est
1473 897 1547 932 Au-

107 957 204 1007 gusti
237 957 394 993 uiuentis
431 966 552 1005 neque
588 955 734 992 omnino
769 956 841 992 ulla
879 955 947 992 nisi
980 957 1182 992 necessaria
1216 962 1254 994 et
1288 957 1549 1006 infrequentior

108 1030 220 1068 quam
241 1017 380 1054 Tiberii
398 1016 546 1052 mentio.
586 1014 660 1052 Vu.
679 1016 768 1064 529,
787 1017 862 1053 530
889 1018 1071 1066 Augustus
1094 1029 1148 1054 est
1166 1017 1432 1068 intelligendus,
1460 1030 1548 1067 non,

107 1084 150 1116 ut
175 1078 320 1116 memini
343 1077 438 1115 uelle
464 1076 661 1127 quosdam,
687 1077 731 1114 C.
760 1077 895 1115 Caesar
921 1078 1021 1124 dict„
1047 1079 1112 1116 sed
1138 1080 1289 1129 proximi
1315 1087 1472 1130 quatuor
1501 1079 1548 1117 de

109 1140 289 1188 Tiberio,
316 1142 402 1189 qu'a
428 1137 510 1176 inde
533 1137 711 1189 particula
736 1150 810 1176 non
836 1141 1009 1190 temporis
1033 1141 1318 1188 successionem,
1343 1140 1409 1178 sed
1435 1141 1550 1190 origi-

108 1214 192 1240 nem
220 1213 265 1239 ex
293 1201 401 1238 domo
427 1200 592 1249 Augusta
616 1199 770 1247 indicat,
806 1207 845 1238 ut
878 1201 955 1239 her.
984 1206 1020 1247 2,
1040 1203 1102 1247 54,
1131 1207 1218 1239 met.
1247 1205 1284 1248 1,
1302 1204 1376 1239 626
1402 1208 1440 1239 et
1465 1214 1551 1240 cen·

109 1264 177 1302 ties
204 1263 262 1300 fit.
287 1262 335 1300 V.
353 1263 429 1299 599
457 1261 631 1299 creditum
658 1268 713 1298 est
739 1263 937 1312 Augustum
966 1264 1090 1300 uiuum
1116 1263 1295 1312 designari
1320 1263 1366 1299 ab
1391 1264 1456 1312 iis,
1488 1264 1552 1314 qui

109 1326 322 1376 ignorarunt
354 1335 615 1374 saepenumero
647 1322 744 1373 apud
781 1331 910 1374 poetas
937 1336 982 1362 eo
1017 1324 1126 1361 modo
1151 1325 1417 1361 coniunctiuum
1443 1336 1553 1375 prae-

113 1387 225 1424 sentis
251 1386 424 1436 temporis
450 1385 595 1422 modum
616 1396 685 1434 pro
706 1385 918 1433 imperfecto
943 1390 1006 1422 aut
1031 1386 1112 1434 plus
1129 1398 1237 1435 quam
1264 1385 1426 1436 perfecto
1452 1387 1551 1436 poni.

112 1449 203 1486 Her.
223 1450 262 1496 9,
279 1449 340 1492 69,
361 1450 407 1485 71
437 1448 702 1496 coniunguntur
726 1448 769 1483 Si
794 1446 963 1494 uidisset,
990 1446 1180 1492 detrahat,
1212 1448 1260 1485 ib.
1290 1451 1349 1492 12,
1373 1448 1460 1495 119,
1481 1451 1552 1485 121

110 1509 302 1548 subeamus
321 1515 357 1546 et
375 1510 566 1557 elisissent,
591 1508 677 1544 fast.
693 1510 731 1556 6,
745 1508 833 1555 365,
848 1510 933 1556 366,
958 1508 1129 1558 Propert.
1150 1511 1188 1556 3,
1205 1512 1265 1556 10,
1279 1510 1317 1556 5,
1332 1511 1368 1545 6.
1415 1509 1461 1546 V.
1481 1511 1554 1545 613

111 1571 199 1609 nihil
224 1571 334 1608 habet
360 1570 578 1615 offensionis,
604 1570 634 1606 si
660 1570 876 1618 memineris,
902 1576 942 1607 ut
968 1582 1077 1620 supra
1103 1570 1225 1617 docui,
1254 1570 1441 1606 Tiberium
1465 1583 1557 1619 quo-

112 1645 186 1684 que
210 1634 414 1682 Augustum
441 1632 539 1670 haud
570 1644 654 1668 raro
686 1631 820 1668 dictum
852 1632 976 1669 fuisse.
1029 1632 1223 1668 Caeterum
1251 1630 1459 1668 incredibile
1484 1644 1558 1670 non

114 1701 171 1733 est
196 1695 412 1732 tralaticium
439 1694 508 1730 iam
535 1699 621 1730 tunc
653 1693 752 1743 apud
784 1694 953 1729 seruilem
985 1693 1127 1729 turbam
1154 1692 1243 1729 illud
1270 1699 1395 1729 uotum
1420 1692 1558 1731 sactum

114 1769 209 1806 esse,
232 1756 279 1793 de
304 1768 377 1806 quo
402 1755 622 1792 Tertulliani
649 1754 734 1791 adu.
755 1760 854 1804 gent.
882 1767 914 1791 c.
936 1753 984 1790 35
1011 1760 1096 1790 sunt
1121 1754 1258 1791 uerba:
1285 1774 1331 1781 -—
1360 1755 1470 1792 enam
1491 1754 1560 1792 illa

113 1818 224 1867 hora,
250 1830 322 1867 qua
348 1816 578 1854 acclamanti:
615 1819 671 1853 De
695 1817 833 1854 nostris
858 1816 967 1852 arinis
993 1818 1126 1863 augeat
1151 1814 1216 1852 tibi
1240 1816 1403 1865 Iuppiter
1428 1827 1559 1855 annos.

114 1882 218 1918 Haec
235 1879 454 1917 christianus
479 1883 556 1916 tam
576 1879 764 1916 enunciare
780 1878 894 1922 nouit,
922 1888 1030 1925 quam
1055 1875 1097 1913 de
1121 1888 1216 1915 nouo
1237 1878 1393 1915 Caesare
1418 1882 1560 1928 optare.

114 1941 278 1979 Praeiuit
311 1938 581 1991 quodammodo
609 1939 721 1976 uerba
747 1939 951 1988 posteritati
977 1937 1154 1986 Ouidius,
1187 1950 1255 1976 nec
1281 1938 1328 1975 ad
1353 1939 1471 1977 solum
1494 1939 1563 1977 Ti-

114 2004 261 2040 berium
285 2014 325 2040 se
350 2001 551 2049 conuertit,
590 1999 653 2037 sed
680 1999 726 2036 ad
754 2012 922 2047 omnem,
956 2012 1052 2050 quae
1087 2001 1225 2050 sperari
1252 2006 1396 2051 poterat
1418 1998 1562 2047 (δεκα-

115 2065 235 2115 τρεῖς,
261 2063 334 2100 Dio
357 2064 419 2108 57,
447 2063 544 2111 18),
570 2064 766 2111 Augustam
791 2061 1011 2111 prosapiam.
1065 2062 1226 2098 Ciuicam
1253 2074 1424 2099 coronam
1449 2063 1563 2099 Tibe-

116 2127 192 2163 rius
225 2126 407 2163 recusauit
440 2130 533 2162 teste
559 2124 663 2161 Suet.
693 2123 779 2160 Tib.
805 2135 837 2159 c.
859 2124 931 2160 26.
964 2122 1052 2171 sed,
1091 2130 1130 2160 ut
1164 2124 1317 2172 opinor,
1355 2136 1427 2161 non
1461 2129 1562 2172 ante,

119 2200 228 2238 quam
260 2187 503 2238 principatum
530 2186 596 2222 sibi
630 2184 773 2221 obtrudi
805 2197 933 2234 passus
958 2190 1032 2232 est;
1063 2185 1160 2233 prius
1187 2185 1282 2221 enim
1308 2185 1394 2235 quid
1420 2185 1505 2222 iuris
1530 2186 1564 2222 ei

118 2249 188 2286 fuit
222 2250 259 2287 in
295 2249 443 2286 domum
476 2248 522 2284 ab
549 2248 710 2296 Augusto
745 2246 926 2296 publicam
961 2245 1094 2282 factam
1129 2252 1221 2283 teste
1245 2246 1364 2284 Dione
1397 2234 1564 2291 55,12”ἔ

121 2317 215 2348 tunc
251 2323 364 2358 uero,
402 2308 566 2359 quamuis
602 2320 795 2355 recusans,
835 2319 964 2357 reapse
998 2308 1067 2344 iam
1102 2308 1321 2358 aliquamdiu
1357 2314 1566 2357 susceperat

120 2371 358 2417 ONERosa,
395 2377 436 2408 ut
467 2371 503 2407 in
538 2370 661 2407 tabula
685 2369 921 2406 Praenestina
954 2369 1109 2406 sortasse
1141 2370 1233 2418 fuit,
1267 2369 1404 2418 imperii
1431 2369 1565 2414 munia,

121 2433 229 2471 suet.
257 2434 347 2471 Tib.
377 2445 408 2470 c.
431 2433 496 2480 24,
528 2439 566 2469 et
601 2444 645 2468 eo
672 2432 813 2477 omine,
851 2443 924 2481 quo
950 2433 1151 2481 Augustus,
1179 2430 1262 2468 ΟΒ.
1277 2429 1433 2467 ClVES.
1451 2429 1568 2467 SER-

121 2493 308 2532 VATOS.
363 2493 442 2530 Hoc
475 2493 582 2543 igitur
615 2505 723 2530 ausus
750 2499 804 2529 est
831 2491 1011 2540 Ouidius,
1048 2498 1089 2528 ut
1113 2498 1280 2541 optaret,
1318 2501 1364 2527 ne
1390 2490 1418 2526 is
1445 2490 1569 2527 titulus

122 2556 345 2602 tolleretur,
382 2561 534 2603 propter
559 2554 701 2592 futuros
728 2553 937 2591 hereditatis
962 2553 1061 2590 istius
1085 2564 1322 2590 successores.
1374 2552 1569 2597 Venustus,

123 2616 153 2655 δί
179 2616 271 2669 quid
302 2615 433 2664 uideo,
471 2616 572 2654 color
600 2622 637 2654 et
670 2617 798 2667 quouis
833 2615 979 2665 egregio
1011 2618 1121 2665 poeta
1146 2613 1288 2665 dignus.
1340 2613 1509 2662 Scilicet,
1539 2612 1570 2650 si
