1685 2954
150 59 226 102 162
698 69 1020 98 FASTORVM

256 173 348 212 Hoc
373 175 534 211 curetes
563 170 726 221 habent,
755 171 834 208 hoc
864 169 1110 222 corybantes
1140 182 1253 223 opus.
1501 176 1580 209 210

203 239 292 278 Res
327 236 447 276 latuit
482 243 646 289 patrem.
695 235 900 288 priscique
937 237 1153 276 imitamina
1190 237 1300 293 sacti,

261 306 369 344 Aera
395 304 498 344 deae
527 305 698 345 comites
726 316 929 356 raucaque
959 310 1078 357 terga
1108 311 1281 343 mouent.

207 373 405 425 Cymbala
433 384 503 423 pro
533 372 677 424 galeis,
705 384 775 423 pro
806 371 936 412 scutis
965 377 1157 423 tympana
1186 373 1362 423 pulsant,

262 438 380 478 Tibia
404 438 472 478 dat
500 437 717 492 Phrygios,
746 444 790 478 ut
819 437 931 477 dedit
957 444 1064 489 ante,
1095 439 1247 478 modos.

207 507 406 546 Desierat.
444 506 574 556 coepi,
604 517 675 545 cur
703 505 796 544 huic
826 516 959 557 genus
989 517 1084 543 acre
1113 505 1274 544 leonum
1510 511 1587 545 215

264 572 468 613 Praebeat
494 572 679 611 insolitas
708 572 759 610 ad
788 572 887 623 iuga
916 582 1040 609 curua
1068 569 1196 621 iubas.

209 640 431 680 Desicram.
481 639 628 691 coepit.
672 635 814 676 feritas
841 637 994 675 mollita
1022 649 1094 688 per
1123 637 1229 676 illam

266 707 464 747 Creditur.
504 705 544 744 id
575 715 691 745 curru
721 702 943 742 testificata
973 715 1049 742 suo
1080 710 1157 744 est.

210 776 268 814 At
298 787 367 814 cur
395 773 577 812 turrifera
606 776 730 823 caput
759 775 824 809 est
854 775 1020 809 onerata
1045 767 1226 810 corona?

268 843 334 880 An
363 838 499 893 primis
528 846 658 879 turres
687 837 852 877 urbibus
882 837 948 876 illa
978 834 1124 877 dedit?

212 908 377 948 Annuit.
417 906 537 947 Vnde
566 905 691 957 uenit,
722 903 816 956 dixi,
846 916 923 944 sua
951 905 1131 944 membra
1159 906 1329 947 secandi

270 971 486 1027 Impetus?
524 980 570 1014 ut
598 971 721 1024 tacui,
750 972 883 1012 Pieris
911 983 1004 1012 orsa
1032 972 1151 1024 loqui.

215 1043 353 1096 Phryx
383 1054 482 1093 puer
512 1042 549 1081 in
580 1040 696 1080 siluis
726 1037 831 1079 facie
861 1038 1113 1091 spectabilis,
1143 1040 1256 1079 Attis

271 1109 527 1161 Turrigeram
558 1112 676 1147 casto
706 1105 838 1146 uinxit
866 1119 1003 1146 amore
1033 1100 1163 1146 deam.

216 1176 338 1216 Hunc
365 1176 444 1215 sibi
469 1173 621 1215 seruari
651 1172 791 1226 uoluit,
823 1186 898 1214 sua
926 1174 1077 1226 templa
1106 1175 1220 1226 tueri,
1522 1179 1600 1215 225

272 1243 327 1282 Et
355 1241 470 1294 dixit,
500 1254 662 1294 semper
691 1241 758 1280 fac
787 1254 887 1293 puer
917 1253 1013 1281 esse
1044 1242 1159 1281 uelis.

1518 844 1555 877 b:

1545 845 1596 878 ³0*

101 1407 106 1414 ι
213 1366 300 1401 210.
331 1365 408 1400 Hoc
434 1362 584 1400 citbetes
604 1362 637 1399 b.
679 1375 754 1400 cur.
779 1369 892 1412 agunt
912 1359 996 1400 GH
1012 1367 1179 1411 (μιαιαον.
1221 1362 1424 1400 curibantes
1451 1367 1487 1401 3.
1525 1376 1605 1400 cor-

100 1420 106 1435 ’“
165 1417 293 1452 bantes
319 1412 366 1450 Γ.
408 1413 519 1455 cor-ib.
546 1414 680 1450 DEG.
784 1416 871 1450 211.
907 1413 1012 1449 latuit
1037 1413 1216 1461 priscique
1241 1420 1388 1448 manent
1412 1413 1501 1449 imit.
1531 1416 1563 1449 B
1581 1414 1610 1450 G

166 1465 536 1514 zmvina.·pr.41220
551 1465 728 1501 Lactant.
741 1467 775 1500 ct
788 1474 866 1500 sex.
899 1463 1020 1500 Gloss.
1040 1463 1158 1507 tatuit]
1178 1468 1316 1511 patrem
1337 1462 1375 1499 (7.
1413 1463 1608 1499 immittan-

167 1518 222 1552 εἰει
249 1518 284 1552 Ε
294 1527 366 1551 ma.
380 1526 435 1561 pr.
473 1513 649 1550 imitantia
676 1511 750 1552 ΦΙι
767 1515 942 1552 Laetam.
959 1518 993 1549 et
1008 1512 1093 1549 editi
1111 1524 1204 1551 saec.
1221 1523 1298 1547 xv.
1397 1516 1486 1549 212.
1514 1525 1607 1550 com.

168 1578 325 1615 raraque
352 1562 397 1601 Σ.
439 1576 509 1613 que
535 1563 643 1600 turba
668 1577 687 1601 s
703 1577 777 1601 ma.
793 1576 848 1614 pr.
888 1570 990 1609 terga
1014 1569 1145 1599 sonant
1170 1562 1258 1606 ‹11103
1284 1565 1508 1600 Muwnscr.

217 1619 304 1655 213.
343 1615 459 1661 Cimb.
489 1612 623 1651 EGI'.
671 1615 773 1664 timp.
801 1611 1014 1650 DEGFr.
1125 1613 1211 1648 214.
1248 1612 1369 1659 'l'ybia
1398 1614 1444 1649 G.
1493 1611 1609 1662 phrig-

93 1670 99 1685 *
168 1669 203 1703 Ι)
220 1668 266 1703 G.
307 1665 389 1714 frig.
418 1662 510 1701 ΕΓ.
556 1671 640 1702 ante
665 1662 774 1701 simos
802 1666 865 1701 Gr
877 1666 925 1700 33
951 1662 1034 1700 dito.
1135 1661 1223 1698 215.
1260 1662 1363 1711 coepi
1389 1674 1502 1712 quare
1527 1675 1609 1712 gen.

169 1714 225 1753 Π.
271 1714 418 1752 οιῖῐἸιίο
444 1727 525 1764 gen.
553 1715 626 1751 As.
673 1727 737 1750 cur
763 1713 832 1750 buc
883 1726 940 1749 en.
968 1725 1014 1750 m.
1061 1724 1144 1749 acre
1170 1713 1292 1749 leones
1319 1714 1427 1749 3345
1453 1713 1561 1750 alius.

221 1770 307 1804 216.
345 1767 428 1812 δίο,
455 1765 655 1812 Praebeat,
686 1726 901 1801 GDGOE}

169 1817 427 1864 undetriginta.
475 1815 632 1851 Praebet
660 1816 709 1860 B;
740 1814 769 1852 G
784 1826 952 1853 nanscr.
995 1813 1201 1850 Praebeant
1226 1812 1261 1849 h.
1310 1812 1483 1850 Praebuit
1506 1825 1610 1850 unus.

172 1868 355 1905 Praebent
381 1867 524 1903 caeleri.
563 1877 674 1901 curua
700 1877 822 1915 cernas
850 1867 968 1902 BDE
977 1865 1011 1901 G
1023 1861 1107 1900 ΦΓ
1111 1861 1155 1899 Ν
1163 1859 1336 1900 ΟΡΠΔ
1346 1862 1412 1900 Tb
1421 1863 1465 1910 ft
1481 1863 1613 1901 dirodo-

173 1920 256 1955 cim.
364 1920 450 1953 218.
491 1915 661 1952 Creditur
687 1912 723 1952 et
749 1927 844 1952 eurr.
872 1917 917 1952 Ε.
967 1915 1075 1951 Cred.
1104 1914 1173 1950 hoc
1199 1925 1293 1950 eurr.
1320 1910 1375 1950 Π.
1424 1913 1462 1950 id
1487 1927 1552 1950 cur
1576 1920 1615 1958 tq

173 1974 256 2005 test.
284 1967 316 2003 b.
358 1979 444 2002 curu
472 1963 519 2002 Γ.
560 1978 666 2002 curru
694 1965 905 2001 testificante
923 1963 984 2001 Λ.
1025 1971 1081 2002 est
1106 1963 1176 2001 abi..
1205 1963 1286 2000 duo.
1329 1968 1336 1976 '
1389 1966 1476 2001 219.
1504 1963 1615 2001 thuri-

174 2019 253 2055 sera
285 2016 519 2065 'Primumpru
541 2016 628 2060 ‹11103
659 2016 864 2052 Guar.scr.
915 2016 1091 2064 turrigera
1129 2015 1158 2051 G
1180 2013 1265 2051 duo.
1318 2014 1477 2051 turrifica
1510 2027 1551 2064 p;
1575 2011 1616 2050 A

101 2075 110 2085 ⁴
175 2080 341 2105 uar.scr.
380 2069 507 2103 turrita
536 2064 576 2101 (D
597 2068 815 2102 testJieins.
834 2078 1010 2114 ςυιαφν.
1031 2065 1113 2102 duo.
1150 2064 1330 2111 bonerata
1357 2067 1402 2102 E.
1441 2064 1616 2101 honorata
1683 2057 1685 2063 ⁴

179 2117 218 2156 Γ
224 2116 269 2155 Σ.
308 2125 362 2154 est
388 2125 516 2154 ornata
541 2113 667 2152 NH&
681 2120 725 2151 12
751 2121 841 2153 octo.
944 2119 1031 2152 220.
1059 2116 1114 2151 Αι]
1142 2115 1274 2164 primas
1297 2115 1342 2152 G.
1382 2114 1436 2151 An
1462 2114 1617 2164 phrygiis

178 2172 262 2205 433
275 2170 336 2204 34.
378 2168 484 2217 prim.
513 2173 631 2203 terrae
656 2166 686 2212 f.
737 2168 814 2203 urb.
843 2167 921 2216 ipsa
946 2179 982 2216 p.
1083 2169 1174 2202 221.
1202 2165 1352 2201 menbra
1382 2166 1427 2201 G.
1491 2197 1494 2201 .
1526 2166 1641 2214 ²22.
1679 2190 1685 2215 Ξ

180 2220 297 2269 Inpet.
326 2231 358 2256 r.
406 2218 496 2267 Imp.
534 2224 570 2254 et
597 2224 667 2253 tac.
700 2217 932 2265 Cvnnrmpr.
982 2217 1101 2266 pyeris
1130 2217 1178 2252 D.
1231 2215 1319 2265 pier.
1347 2225 1411 2251 ora
1436 2212 1643 2262 bma.pr.*
1680 2220 1685 2263 g

179 2271 279 2320 loqui
306 2276 361 2306 est
387 2266 434 2304 H
442 2280 505 2317 pr.
617 2269 703 2303 223.
739 2267 846 2303 Pbrix
870 2269 918 2303 D.
965 2267 1052 2313 Frix
1077 2263 1242 2303 EGFr.
1288 2270 1402 2313 spect.
1427 2263 1518 2311 aptis
1543 2264 1620 2300 ΑΒ
1683 2296 1685 2305 ⁴

180 2332 254 2357 ma.
267 2332 323 2369 pr.
352 2321 413 2355 34.
461 2325 574 2368 spect.
602 2320 687 2354 atris
719 2319 926 2354 Gnaruscr.
973 2318 1060 2354 actis
1087 2326 1270 2365 nmmpr.
1300 2314 1406 2351 alius.
1457 2312 1550 2349 athis
1578 2310 1619 2349 Φ

182 2382 334 2406 moesec.
376 2371 441 2407 atis
466 2380 641 2417 9mwpr.
680 2367 798 2416 nttbys
823 2371 866 2403 12
878 2369 984 2404 2033
1013 2366 1207 2404 duodecim.
1246 2369 1358 2413 spect.
1385 2362 1464 2399 altis
1491 2364 1618 2401 caeteri

183 2431 315 2457 onuws.
348 2419 469 2456 Gloss.
487 2422 539 2455 D:
567 2421 672 2467 puer]
699 2419 755 2454 itis
782 2418 908 2454 Partis.
1012 2418 1099 2452 224.
1127 2417 1238 2451 Turr.
1266 2425 1394 2462 magno
1421 2411 1483 2450 A.
1521 2419 1618 2450 casto

183 2471 295 2506 iunxit
310 2469 390 2506 12er
403 2471 559 2518 exceptis
572 2470 607 2505 A
616 2471 650 2505 D
661 2466 761 2505 ‹DM
771 2465 849 2504 ΟΣ
856 2468 967 2514 bt'mr
978 2470 1021 2504 13
1033 2471 1080 2504 33
1089 2468 1135 2502 43
1150 2463 1295 2502 ιῖυοῠιιε.
1398 2463 1484 2501 225.
1512 2463 1618 2500 Nunc

184 2519 204 2556 b
223 2531 366 2568 mcum.
410 2521 545 2555 seruari
578 2525 615 2555 et
649 2520 720 2555 uol.
746 2531 813 2567 91).
858 2530 953 2555 seru.
987 2517 1121 2567 placuit
1154 2527 1218 2550 sua
1245 2511 1293 2548 H
1306 2518 1463 2561 quatuor
1479 2515 1547 2563 413
1571 2513 1620 2551 M

186 2581 268 2606 aar.
288 2581 358 2606 scr.
407 2582 470 2605 sua
497 2570 657 2606 membra
683 2568 765 2606 duo.
817 2569 949 2617 templa
986 2567 1099 2603 teneri
1124 2562 1184 2601 A.
1235 2571 1359 2602 tenere
1384 2563 1519 2602 nullus.

238 2621 324 2656 226.
354 2619 400 2655 Et
427 2620 494 2655 dixi
521 2631 556 2666 9.
602 2620 648 2655 Et
674 2619 775 2656 dictis
802 2630 906 2655 tanus.
948 2618 1005 2654 fac
1032 2628 1130 2653 meus
1155 2626 1234 2652 esse
1260 2617 1320 2651 27.

906 1759 1612 1813 MNOPma.sec.H²1¹Abe9p⁸
1636 1795 1644 1806 ,

1678 1384 1685 1407 t
