1685 2954
603 149 704 201 mn.
735 150 972 186 ovmrvs
1225 181 1228 183 i
1427 145 1510 192 241

179 252 234 293 Et
261 255 426 305 spumat
454 253 567 291 testu
596 263 767 304 pressus
794 257 967 305 uterque
993 264 1082 295 suo.
1427 262 1510 302 510

122 320 311 373 Dumque
340 330 451 359 mora
479 322 558 370 est,
587 320 758 360 tremula
785 319 855 358 dat
885 319 980 360 uina
1007 321 1193 365 rubentia
1221 323 1384 368 dextra:

173 387 340 440 Accipit
369 397 596 438 aequoreus
624 387 772 439 pocula
799 386 927 438 prima
954 386 1069 429 deus.

121 454 238 507 Quae
268 453 386 495 simul
414 452 617 505 exhausit,
647 453 699 493 da
727 465 836 494 nunc
864 454 976 494 bibat
1005 456 1156 510 ordine,
1186 457 1301 513 dixit,

175 523 363 575 Iuppiter.
401 519 538 560 audito
568 518 711 573 palluit
738 520 805 561 ille
835 521 944 562 Ioue.

117 591 177 632 Vt
203 588 321 630 rediit
347 588 518 641 animus,
546 588 744 629 cultorem
772 590 964 642 pauperis
994 591 1083 645 agri
1422 599 1504 640 515

167 656 355 697 Immolat
383 661 427 696 et
451 667 601 710 magno
626 661 753 696 torret.
780 654 822 696 in
851 656 949 710 igne
980 657 1142 699 bouem.

111 723 313 777 Quaeque
340 735 443 776 puer
471 722 674 776 quondam
701 724 842 776 primis
866 723 1083 767 diffuderat
1109 726 1241 782 annis,

166 792 320 833 Promit
349 791 509 831 fumoso
538 791 703 831 condita
731 792 826 832 uina
854 791 972 834 cado.

108 861 205 902 Nec
234 871 358 911 mora,
389 857 619 900 flumineam
647 859 728 898 lino
757 858 987 901 celantibus
1016 862 1166 916 uluam,

164 925 238 968 Sic
265 939 427 980 quoque
454 938 535 966 non
563 925 657 966 altis
683 926 905 968 incubuere
932 929 1044 969 toris.
1415 936 1497 975 520

106 994 232 1035 Nunc
262 993 380 1047 dape,
409 1006 517 1034 nunc
545 994 679 1046 posito
708 1006 878 1034 mensae
905 995 1062 1036 nituere
1090 997 1225 1051 lyaeo.

165 1063 293 1102 Terra
319 1062 468 1102 rubens
497 1067 644 1114 crater,
672 1062 820 1113 pocula
847 1062 970 1116 fagus
997 1069 1125 1104 erant.

108 1129 248 1170 Verba
279 1130 392 1169 fuere
418 1130 539 1169 Iouis.
567 1130 604 1169 si
633 1129 728 1182 quid
758 1130 836 1170 fert
864 1130 1056 1184 impetuS,
1086 1144 1169 1186 ora,

159 1195 290 1236 Omne
320 1197 439 1237 feres.
478 1196 635 1238 Placidi
663 1198 789 1238 uerba
818 1198 932 1239 fuere
960 1199 1093 1240 senis:

104 1263 214 1306 Cara
240 1262 317 1304 fuit
344 1264 533 1317 coniunx,
561 1263 690 1318 prima
714 1264 811 1305 mihi
841 1277 938 1307 cura
966 1266 1133 1308 iuuenta
1413 1273 1494 1313 525

46 1415 79 1441 r.
119 1403 302 1440 habebant
329 1405 389 1440 14.
493 1403 579 1441 510.
605 1404 674 1441 Set
698 1417 817 1454 spum.
849 1406 896 1440 D.
942 1404 990 1441 Et
1016 1412 1186 1455 spumant
1215 1404 1493 1451 (memmius.

43 1452 406 1491 FNPTmo-s322
425 1459 570 1504 septem.
613 1455 662 1491 Et
680 1455 796 1492 fumat
810 1453 1021 1492 EH1141.
1061 1456 1111 1493 Et
1135 1457 1277 1496 sumant
1300 1457 1400 1498 ΦΟ.
1434 1475 1493 1513 sp.

44 1511 147 1542 aestu
173 1507 219 1542 P.
261 1505 289 1541 f.
316 1512 415 1541 textu
442 1508 504 1542 41.
545 1518 601 1555 sp.
629 1512 727 1542 texto
753 1518 987 1555 mmmm-s·
1031 1519 1047 1542 s
1077 1536 1087 1545 .
1116 1514 1208 1545 testo
1235 1511 1319 1546 420
1330 1513 1376 1547 33
1403 1516 1491 1550 vtes.

43 1567 102 1604 sp.
129 1561 225 1592 tecto
254 1558 288 1592 F
309 1560 395 1593 tres.
433 1563 527 1593 testa
554 1569 610 1606 pr.
633 1569 671 1593 u.
698 1569 765 1593 sua
791 1554 1036 1594 DFAMN
1088 1570 1355 1608 eypsmmsec.
1433 1564 1493 1600 in-

44 1605 155 1642 decim
180 1609 215 1640 et
238 1609 324 1642 uett.
343 1605 397 1642 ed.
445 1604 526 1643 test.
553 1607 682 1656 plenus
708 1609 745 1644 4.
793 1615 887 1644 testa
912 1613 1028 1645 tectus
1055 1615 1208 1659 uterque
1235 1623 1301 1647 sua
1333 1575 1429 1649 ²1¹&

93 1656 181 1691 511.
217 1654 387 1704 Dumque
411 1655 501 1692 hora
526 1664 581 1694 est
609 1670 673 1694 rs.
724 1665 779 1695 est
813 1670 948 1695 caenae
974 1657 1037 1695 dat
1062 1661 1124 1696 44.
1174 1667 1277 1697 trem.
1306 1661 1395 1699 dant
1424 1664 1491 1712 09

42 1717 109 1742 895.-
134 1704 223 1741 Ald.
240 1707 347 1753 primi.
392 1707 561 1743 rubencia
587 1705 635 1743 Γ.
753 1709 840 1745 514.
880 1709 1016 1758 Iupiter
1041 1712 1087 1745 E.
1142 1710 1277 1760 Iopiter
1301 1715 1347 1748 P.
1401 1715 1489 1751 aud.

39 1756 206 1805 palpauit
229 1756 289 1791 ille
315 1768 350 1791 m
368 1768 442 1793 ma.
458 1768 515 1805 pr.
616 1757 703 1794 515.
733 1758 782 1794 Vt
807 1758 963 1795 redeunt
988 1759 1126 1796 animus
1152 1763 1186 1796 E
1201 1761 1266 1797 sub
1282 1774 1358 1799 ras.
1399 1763 1488 1801 red-

38 1814 129 1842 eunt
155 1807 262 1842 animi
290 1808 410 1843 Ema.
425 1818 493 1843 sec.
539 1807 662 1856 thue
697 1808 836 1844 animus
871 1809 976 1844 rediit
1010 1810 1096 1845 cult.
1124 1808 1312 1849 FAEer.
1365 1813 1486 1863 thue

38 1857 146 1892 rediit
173 1868 233 1892 an.
266 1857 388 1893 Oma.
407 1869 462 1905 pr.
513 1857 563 1893 Vt
589 1858 766 1906 rediitque
793 1870 851 1894 an.
880 1857 936 1895 M
956 1857 1028 1895 rb.
1133 1861 1220 1898 517.
1258 1862 1365 1906 Quae
1393 1876 1486 1912 puer

39 1909 162 1943 Ema.
180 1919 238 1956 pr.
279 1907 436 1956 qondam
463 1920 521 1957 pr.
548 1908 730 1944 difuderat
755 1905 803 1945 Γ.
907 1910 993 1946 518.
1026 1908 1155 1946 Prodit
1179 1911 1267 1948 sum.
1295 1916 1482 1952 Emss29.

37 1956 195 1993 Promsit
219 1956 379 1994 formoso
407 1957 440 1994 b.
481 1958 648 1995 Promisit
670 1958 759 1995 sum.
788 1971 818 1995 e.
857 1959 946 1996 sum.
977 1960 1127 1996 candida
1147 1958 1199 1998 (D.
1241 1963 1347 2000 cond.
1375 1965 1483 2002 mella

36 2007 130 2044 cado
161 2009 206 2045 0.
319 2010 407 2045 519.
442 2020 545 2045 mora
572 2009 751 2046 ceruleam
778 2010 850 2046 lino
876 2013 923 2047 E.
970 2010 1042 2046 lino
1070 2011 1211 2048 celante
1237 2012 1301 2049 dat
1332 2014 1408 2051 ulu.
1437 2018 1480 2053 F.

34 2058 110 2094 lino
145 2059 265 2095 celant
298 2059 420 2095 ulnam
453 2071 474 2096 r
493 2071 641 2108 ma.pr.
711 2061 783 2096 lino
816 2061 1024 2097 caelauerat
1058 2060 1131 2097 ulu.
1166 2066 1239 2099 tres
1263 2063 1351 2102 Αἶά.
1374 2067 1482 2114 prim.

34 2120 145 2144 uuam
171 2108 202 2155 f.
320 2110 408 2146 520.
444 2122 516 2146 non
552 2110 627 2146 aliis
658 2109 767 2147 bma.
782 2122 838 2159 pr.
889 2111 951 2147 alt.
981 2111 1194 2149 discubuere
1222 2116 1256 2150 F
1274 2111 1362 2152 Pr.
1414 2116 1478 2153 alt.

31 2159 262 2208 procubuere
292 2157 379 2195 ΦΓ
376 2158 425 2197 Λ
433 2163 513 2197 320
530 2165 614 2197 tres.
666 2161 728 2197 alt.
756 2163 985 2198 concubuere
1012 2173 1121 2200 unus.
1170 2162 1282 2200 thoris
1310 2166 1394 2203 mei.

84 2210 173 2246 521.
211 2222 357 2247 mensae
374 2212 545 2258 »enituere
570 2209 813 2248 EMO³FA
825 2210 925 2260 pr
952 2211 1079 2248 decem.
1128 2225 1274 2250 mensae
1300 2216 1480 2254 emicuere

31 2256 84 2296 Γ.
119 2272 244 2297 mense
261 2262 403 2297 intuere
423 2273 454 2298 r.
494 2274 640 2299 mensae
658 2264 860 2298 intumuere
882 2265 1000 2299 1220.
1040 2274 1186 2299 mensae
1211 2264 1398 2302 instituere
1415 2268 1480 2306 29.

30 2307 101 2347 lieo
125 2313 194 2348 mei
218 2316 359 2360 praeter
384 2311 443 2349 be.
540 2305 631 2349 522.
657 2312 731 2361 sag.
760 2320 847 2355 erat*
866 2314 982 2350 BGD
995 2310 1450 2363 OEFMNPHAbefs.

82 2361 169 2398 523.
195 2364 226 2398 si
251 2363 329 2411 quis
355 2374 388 2400 s·
428 2362 514 2412 quid
540 2362 635 2400 feret
665 2359 923 2412 GErmh.pr.
961 2364 1104 2414 inpetus
1130 2366 1178 2400 D.
1217 2366 1304 2415 imp.
1334 2374 1420 2416 opta
1442 2370 1477 2404 B

35 2410 494 2461 GAmea.pr.9ms2
521 2425 587 2451 sex·
611 2413 698 2460 fere.
744 2415 831 2463 imp.
858 2414 927 2451 ede
956 2411 1008 2451 Φ.
1047 2415 1133 2464 imp.
1162 2415 1233 2451 oris
1259 2419 1295 2452 E
1305 2428 1387 2454 aar.
1401 2429 1474 2455 scr.

81 2461 168 2498 524.
200 2462 334 2500 Omnia
368 2471 443 2500 tum
480 2465 576 2514 plac.
608 2466 646 2501 G.
695 2464 790 2501 feres
823 2467 863 2501 in
888 2477 963 2502 ras.
990 2477 1023 2502 r.
1141 2466 1228 2501 525.
1265 2466 1367 2508 Kara
1400 2470 1474 2506 Fr.

32 2509 154 2547 Chai-a
177 2524 225 2561 ey
249 2514 299 2551 al.
351 2514 461 2551 Clara
486 2514 555 2551 fuit
586 2513 638 2552 Φ.
690 2515 789 2552 Cura
814 2515 882 2551 fuit
913 2513 1014 2552 Gm'?
1039 2513 1130 2552 aliz?
1155 2515 1209 2552 ed.
1236 2515 1320 2554 Elz.
1369 2517 1473 2555 Kara

29 2560 116 2597 mibi
141 2565 232 2600 coni.
257 2566 309 2602 N.
359 2565 456 2601 Cara
480 2565 565 2601 mihi
592 2566 685 2604 coni.
711 2564 774 2603 A.
828 2566 959 2602 coniux
987 2567 1022 2603 G
1048 2566 1098 2602 al.
1141 2569 1220 2614 Ita,
1245 2568 1361 2617 prima
1386 2568 1482 2605 mihi·

28 2622 118 2648 cura
142 2612 298 2659 iuuenta,
323 2627 343 2652 s
359 2616 419 2652 14.
469 2615 555 2652 mihi
581 2629 664 2653 cara
689 2616 838 2653 iuuenta
862 2614 902 2652 Γ
910 2613 1042 2654 ΟΡΨ
1051 2615 1116 2652 Tb
1124 2616 1150 2663 f
1167 2617 1317 2655 sedecim
1333 2623 1367 2655 et
1383 2623 1469 2656 uett.

27 2659 107 2707 ed.;
133 2663 177 2698 N
184 2674 267 2700 ναν.
281 2677 351 2702 scr.
390 2666 476 2703 mibi
501 2673 604 2716 grata
630 2668 777 2704 iuuenta
802 2664 863 2704 A.
908 2667 1000 2704 coni.
1027 2668 1165 2717 primae
1188 2668 1274 2705 mihi
1300 2680 1387 2705 cura
1411 2670 1468 2705 iu-

26 2718 159 2750 uentae
185 2715 271 2750 ΖΝ
273 2727 492 2766 9mma.pr.
502 2721 550 2754 22
572 2722 742 2768 quatuor,
768 2720 925 2756 Marsus
950 2719 988 2755 in
1008 2717 1062 2756 ed.
1078 2717 1230 2756 Medion.
1273 2719 1365 2757 coni.
1391 2719 1467 2769 pri-

75 2774 135 2808 on.
154 2775 246 2816 Fasti.
579 2822 583 2831 .
1110 2781 1157 2817 16
