1685 2954
683 96 781 122 mn.
823 94 1024 122 PRIMVS
1523 78 1578 120 23

191 197 335 238 Pascit
365 196 454 237 ouis
482 200 609 247 prato.
657 194 859 234 uerbenas
887 192 1068 244 improba
1097 193 1261 246 carpsit,

247 264 361 315 Quas
388 264 455 316 pia
483 262 547 302 dis
574 261 676 301 ruris
707 261 813 315 ferre
843 259 1005 300 solebat
1033 273 1148 300 anus.

190 331 297 383 Quid
323 331 400 370 tuti
428 334 632 381 superest,
662 328 835 367 animam
868 339 960 366 cum
990 333 1115 380 ponat
1143 328 1182 366 in
1213 328 1294 368 aris

239 398 567 450 Lanigerumque
595 408 725 448 pecus
754 395 1032 447 ruricolaeque
1059 391 1217 434 boues?

187 466 332 506 Placat
361 477 466 517 equo
496 462 637 504 Persis
666 462 789 503 radiis
818 463 1056 516 Hyperiona
1085 461 1276 514 cinctum,
1499 465 1574 500 335

241 533 309 572 Ne
337 531 456 571 detur
486 532 610 572 celeri
640 530 808 570 uictima
838 530 952 570 tarda
981 530 1071 569 deo.

184 599 304 650 Quod
333 599 462 639 semel
493 604 558 638 est
588 597 733 651 triplici
762 611 834 651 pro
863 598 1022 651 uirgine
1053 610 1180 638 caesa
1209 597 1380 647 Dianae,

241 668 364 707 Nunc
395 679 555 720 quoque
585 678 656 718 pro
688 667 797 706 nulla
827 667 985 719 uirgine
1016 677 1139 706 cerua
1168 663 1288 704 cadit.

184 736 295 775 Exta
322 747 467 775 canum
497 734 579 774 uidi
611 735 773 774 Triuiae
802 735 925 774 libare
955 733 1144 785 Sapaeos

240 803 298 842 Et
330 801 574 855 quicumque
609 808 703 841 tuas
733 800 894 854 accolit,
924 802 1096 852 liaeme,
1126 798 1255 838 niues.
1498 804 1575 837 390

186 869 382 910 Caeditur
412 877 454 910 et
482 869 610 924 rigido
638 869 798 909 custodi
827 867 927 909 ruris
957 868 1128 907 asellus:

243 936 384 976 Causa
409 937 600 989 pudenda
629 935 804 988 quidem,
834 935 910 975 sed.
941 940 1079 974 tamen
1108 939 1204 985 apta
1233 931 1322 972 deo.

189 1004 322 1044 Festa
354 1003 594 1044 corimbiferi
622 1002 873 1054 celebrabas,
901 1000 1094 1053 Graecia,
1123 998 1290 1053 Bacchi,

180 1100 268 1134 381.
303 1100 377 1141 Ita,
404 1097 523 1133 Pascit
543 1096 620 1132 ouis
647 1103 765 1146 prato,
793 1097 829 1133 A
850 1098 911 1132 43.
952 1095 1073 1133 Pascit
1098 1097 1177 1132 ouis
1204 1101 1345 1145 pratum
1372 1092 1474 1129 uerb.
1504 1092 1576 1129 BG

128 1148 278 1185 DAM
303 1150 474 1196 quinque;
505 1158 528 1194 9
554 1159 636 1184 uar.
660 1159 732 1184 scr.
783 1147 904 1183 Pascit
929 1159 1016 1183 oues
1043 1153 1186 1196 pratum
1217 1146 1318 1182 uerb.
1346 1146 1409 1183 20.
1452 1143 1575 1179 Poscit

126 1200 206 1235 ouis
231 1206 375 1247 pratum
395 1209 505 1242 unus;
531 1209 554 1245 9
573 1209 656 1234 aar.
672 1210 743 1235 scr.
779 1198 900 1234 Poscit
927 1210 1032 1233 ouem
1059 1197 1173 1233 fatum
1198 1197 1303 1232 uerb.
1320 1193 1387 1241 4)8
1407 1195 1571 1242 quinque.

126 1249 235 1285 Pauit
261 1261 366 1284 ouem
393 1255 538 1297 pratum
567 1251 607 1284 K
634 1247 743 1284 alius.
784 1248 890 1284 Pauit
916 1260 1002 1283 oues
1030 1255 1173 1296 pratum
1200 1251 1273 1283 tres
1299 1243 1334 1292 (ἶῖ
1354 1257 1421 1280 sec.
1448 1247 1571 1280 mutet.

125 1301 252 1347 impr.)
287 1299 435 1334 Pratum
463 1299 565 1347 pauit
591 1311 679 1335 oues
702 1311 725 1346 9
744 1311 817 1336 um·
832 1310 903 1337 scr.
939 1298 1046 1334 Pauit
1072 1298 1149 1334 ouis
1176 1304 1320 1346 pratum
1345 1294 1473 1343 reliqui
1493 1306 1573 1331 cum

125 1354 212 1386 uett.
233 1352 340 1398 impr.
384 1350 632 1398 uerbenas-que
658 1350 763 1397 impr.
784 1353 869 1386 fils.
910 1349 1063 1398 inproba
1087 1348 1117 1394 s.
1158 1348 1323 1396 improba
1349 1346 1463 1394 carpit
1485 1347 1546 1381 M.

176 1402 265 1435 382.
294 1400 385 1443 Quis
412 1400 472 1448 pia
501 1396 547 1435 Σ.
591 1402 666 1444 Ita,
693 1399 760 1447 dis,
792 1397 922 1436 DGF
945 1399 1009 1435 alii
1036 1401 1190 1437 Heinsii.
1226 1398 1291 1433 diis
1318 1397 1460 1434 caeteri.
1507 1395 1572 1431 diis

125 1450 194 1487 celi
219 1449 250 1496 f.
373 1452 458 1485 383.
496 1449 595 1493 Quid
624 1450 718 1486 thuri
743 1464 825 1500 sup.
854 1463 876 1499 p
895 1450 977 1486 (luo.
1025 1450 1122 1492 Quid
1150 1449 1222 1484 ruri
1249 1460 1329 1497 sup.
1357 1458 1379 1495 9
1406 1449 1571 1494 quatuor.

127 1501 196 1537 tuti
221 1513 290 1537 mu.
307 1504 430 1537 Ema.
446 1513 501 1550 pr.
538 1508 705 1549 superest
732 1503 867 1537 animas
888 1502 980 1537 EG.
1017 1502 1152 1536 animas
1179 1499 1351 1548 conponit
1376 1499 1410 1532 in
1431 1508 1461 1532 r.
1497 1498 1572 1531 ani-

128 1562 223 1586 mam
251 1564 317 1587 con
338 1560 451 1600 ponat
470 1551 519 1589 A.
560 1563 620 1586 an.
647 1559 839 1601 componat
856 1555 989 1587 Zilms.
1030 1563 1109 1586 cuin
1138 1550 1239 1599 ponit
1261 1544 1468 1592 FGFHU-p‘
1489 1545 1571 1583 due.

129 1601 165 1636 in
192 1612 273 1636 aras
299 1613 332 1648 9.
372 1603 407 1636 in
434 1614 534 1637 aram
561 1599 654 1638 ΓΠ
666 1604 726 1638 41.
830 1603 916 1638 385.
943 1601 1068 1637 Placet
1095 1600 1176 1637 duo.
1214 1599 1314 1635 Piae.
1342 1599 1455 1647 persis
1478 1609 1573 1644 equo

130 1650 209 1686 rad.
228 1648 318 1687 ΕΓ.
353 1664 446 1699 equo
475 1664 598 1700 perses
626 1652 708 1689 duo.
748 1654 922 1701 yperiona
942 1655 986 1688 E.
1026 1652 1211 1687 hiberiona
1233 1651 1278 1688 G.
1313 1649 1478 1698 iperiona
1495 1645 1571 1683 Tb.

128 1700 333 1750 hiperonica
359 1704 410 1737 K.
461 1701 661 1749 hyperiona
681 1710 865 1751 comptum
891 1715 912 1749 9
928 1707 1012 1738 tres.
1117 1703 1201 1737 386.
1230 1701 1373 1735 uictima
1394 1699 1498 1746 pigra
1519 1695 1571 1734 (D.

182 1753 268 1787 387.
305 1753 375 1787 Hic
401 1755 434 1786 et
460 1753 611 1798 quinque
635 1763 742 1799 prox.
770 1764 865 1799 seqq.
891 1764 1019 1788 uersus
1043 1753 1081 1788 in
1106 1762 1224 1798 wnury.
1256 1747 1304 1785 Γ.
1345 1752 1419 1791 Itu,
1447 1747 1571 1794 Quod,

127 1798 574 1838 BGDFGOEKATb
600 1813 674 1837 ma.
695 1814 750 1850 pr.
780 1814 801 1849 p
828 1804 912 1836 820
937 1801 1099 1838 sedecim.
1152 1799 1262 1843 Quod
1297 1799 1429 1847 triplici
1461 1798 1572 1834 semel

127 1859 183 1888 est
209 1865 276 1901 pro
303 1855 347 1888 E.
400 1851 484 1894 Que
511 1851 639 1899 triplici
665 1852 776 1887 semel
802 1858 855 1887 est
883 1863 948 1899 pro
975 1848 1023 1887 Γ.
1067 1851 1172 1893 Quae
1198 1849 1310 1885 semel
1334 1848 1463 1896 reliqui
1489 1860 1569 1885 oum

127 1907 216 1939 «cett.
239 1904 346 1951 impr.
389 1910 443 1937 cst
469 1902 614 1949 triplicis
633 1901 680 1937 A.
723 1909 776 1938 est
802 1903 964 1949 geminae
989 1914 1056 1951 pro
1083 1902 1108 1936 4
1134 1900 1216 1936 duo.
1256 1906 1312 1936 est
1336 1899 1477 1947 gemina
1502 1911 1570 1948 pro

126 1955 164 1990 8.
205 1953 342 2000 uirgine
368 1963 476 1988 cerua
505 1954 541 1987 D
560 1951 648 1997 fort.
671 1951 737 1989 sub
756 1964 832 1988 ras.
855 1950 908 1988 A.
1014 1953 1099 1987 388.
1129 1951 1265 1998 uirgine
1291 1960 1396 1986 caesa
1422 1951 1460 1985 D
1478 1947 1568 1994 fort.

125 2002 191 2040 sub
212 2015 289 2040 ras.
317 2000 402 2050 A9.
449 2014 558 2038 cerua
585 2003 751 2047 (ce..a)‘
766 2003 871 2038 datur
903 1998 1230 2039 DGFMOPm
1241 2012 1259 2036 r
1281 2003 1304 2034 2
1319 2001 1368 2034 40
1396 1998 1570 2035 duodeui-

125 2055 238 2102 ginti3
268 2051 352 2090 ΟΨ
370 2065 452 2090 aar.
468 2064 539 2089 scr.
642 2055 727 2089 389.
755 2053 849 2088 Exta
874 2053 969 2088 canis
995 2064 1015 2089 s
1032 2056 1200 2100 quatuor.
1240 2063 1369 2086 canum
1392 2048 1497 2085 uideo
1514 2047 1568 2085 A.

127 2115 256 2140 canum
283 2104 412 2139 triuiae
439 2103 510 2139 uidi
539 2104 571 2138 B
587 2103 659 2139 GG
684 2107 769 2139 neit.
791 2104 896 2152 impr.
940 2103 1070 2139 triuiae
1097 2103 1225 2137 libasse
1250 2100 1333 2136 dato.
1383 2100 1466 2135 triu.
1492 2111 1569 2135 ma-

125 2160 226 2190 ctare
247 2156 297 2190 K.
332 2152 446 2190 libare
466 2153 634 2189 sacerdos
655 2165 701 2189 m.
740 2156 817 2197 Ita,
843 2165 1011 2200 saproeos,
1039 2152 1108 2188 duo
1139 2152 1278 2200 scripti,
1310 2151 1416 2199 prim.
1437 2148 1490 2186 ed.
1508 2161 1570 2186 ne-

123 2206 199 2241 scio
218 2215 308 2252 quae
324 2206 480 2250 Heinszi,
496 2202 582 2239 Αἶά.
604 2204 713 2240 1516.
748 2203 868 2240 Gloss.
883 2203 925 2240 h:
952 2204 1078 2253 populi
1091 2207 1174 2238 sunt
1191 2201 1360 2237 thraciae.
1389 2199 1569 2249 saphaeos

125 2254 163 2292 h.
199 2255 327 2291 sabens
352 2254 490 2302 reliqui.
594 2256 680 2289 390.
710 2255 914 2303 quicunque
942 2256 992 2290 D.
1032 2259 1112 2288 tuas
1139 2251 1294 2287 haccolit
1310 2247 1362 2286 A.
1402 2250 1508 2286 acolit
1521 2252 1567 2287 E.

123 2304 249 2342 herme
279 2302 332 2340 (D.
371 2317 450 2341 eme
476 2304 509 2340 b.
544 2334 562 2341 f
614 2306 701 2340 391.
735 2305 826 2340 ruris
852 2305 1018 2340 alumnus
1045 2305 1106 2339 29.
1212 2303 1298 2337 392.
1323 2303 1398 2344 Ita,
1424 2299 1569 2349 quidem

125 2355 188 2392 sed
214 2362 352 2403 tamen,
377 2355 461 2391 AD
477 2352 565 2391 ΦΛ
579 2353 760 2402 Tyhms.
803 2354 972 2402 pudenda
998 2353 1161 2402 quamuis
1188 2351 1251 2388 sed
1279 2358 1397 2387 tamen
1417 2350 1448 2397 f.
1489 2351 1568 2400 qui-

128 2405 210 2442 dem
235 2405 320 2441 huic
349 2412 468 2441 tamen
503 2406 541 2441 G.
584 2405 727 2454 quidem
753 2411 806 2440 est
832 2404 916 2440 huic
941 2411 1062 2440 tamen
1091 2406 1123 2439 Β
1149 2405 1199 2438 20
1225 2403 1387 2450 quinque.
1424 2401 1569 2450 quidem

127 2462 183 2492 est
208 2456 272 2492 sed
298 2462 420 2491 tamen
439 2455 578 2504 reliqui.
618 2462 740 2491 tamen
765 2461 846 2490 acta
865 2467 912 2490 m.
953 2455 1022 2490 deo
1042 2460 1094 2489 est
1119 2452 1215 2501 9128.
1319 2454 1404 2487 393.
1432 2452 1569 2487 corinb.

131 2506 180 2542 G.
217 2506 443 2543 corimbifero
469 2505 499 2552 f.
539 2505 719 2541 coribiseri
738 2508 790 2542 K.
833 2504 1058 2541 corinbriferi
1084 2501 1130 2540 Σ.
1170 2503 1331 2551 corymb.
1357 2499 1425 2538 w?
1460 2502 1571 2538 Festa

128 2557 337 2592 racemii'eri
363 2557 429 2593 cel.
458 2557 575 2593 3th-
593 2555 670 2602 4)8
696 2560 866 2604 quatuor.
920 2555 1152 2591 celebrabant
1178 2557 1226 2589 12
1254 2552 1319 2602 (22
1345 2564 1414 2589 sec.
1443 2555 1568 2588 amun.

128 2605 255 2692 {mx-l?
279 2607 485 2693 czleblrabat
508 2606 636 2656 reliqui
661 2610 805 2655 praeter
830 2606 912 2643 AF
933 2606 995 2650 43,
1023 2616 1111 2653 quos
1135 2616 1273 2653 sequor.
1313 2602 1418 2640 bachi
1443 2604 1484 2639 Π
1489 2602 1569 2639 EG

233 2656 267 2692 ”ἰ.
331 2667 373 2693 ac
398 2670 459 2694 um
484 2659 537 2695 K.
