1685 2954
0 2483 1 2518 i

0 2521 2 2552 i

582 98 994 128 L18.sECVNDvs
1454 83 1505 126 61

186 202 374 243 Cultibus
402 198 574 241 Alciden
602 199 764 240 instruit
791 198 859 238 illa
888 196 988 239 suis.

127 270 209 312 Dat
239 277 385 314 tenues
413 266 575 308 tunicas
607 265 786 307 Gaetulo
816 265 970 306 murice
997 265 1163 318 tinctas,

182 339 263 378 Dat
291 342 461 377 teretem
488 346 647 385 zonam,
676 345 757 387 qua
783 332 905 372 modo
935 333 1071 374 cincta
1098 334 1185 374 fuit.

128 406 284 446 Venire
314 404 440 444 minor
467 415 574 442 zona
603 407 679 442 est.
716 399 943 441 tunicarum
969 400 1105 440 uincla
1131 401 1299 453 relaxat,

185 474 245 513 Vt
271 475 417 524 posset
445 481 618 523 magnas
647 468 860 508 exeruisse
888 479 1054 508 manus:
1428 472 1507 508 320

130 540 330 592 Fregerat
360 538 533 578 armillas
563 549 642 576 non
670 536 738 575 illa
766 535 818 575 ad
846 535 1010 576 brachia
1037 535 1190 576 factas:

184 604 439 647 scindebant
466 604 606 659 magni
633 603 796 643 uincula
823 615 948 655 parua
975 601 1118 655 pedes.

127 675 224 727 Ipsa
252 670 363 726 capit
392 673 632 724 clauamque
661 683 844 725 grauem,
873 671 1129 724 spoliumque
1155 668 1297 723 leonis,

184 741 441 793 Conditaque
470 741 511 780 in
538 740 727 792 pharetra
755 738 839 778 tela
867 739 1019 778 minora
1047 751 1134 779 sua.

128 807 202 849 Sic
231 806 362 861 epulis
390 808 520 848 iuncti
549 806 612 848 sic
641 806 739 847 dant
767 819 843 846 sua
872 818 1040 861 corpora
1067 818 1223 859 somno,
1429 809 1507 846 325

185 875 241 914 Et
268 876 415 927 positis
443 877 559 915 iuxta
586 875 814 916 secubuere
843 875 954 915 toris.

128 941 279 994 Causa,
306 944 501 996 repertori
530 943 626 983 uitis
650 943 718 996 pia
745 953 863 981 sacra
891 941 1100 993 parabant,

183 1008 302 1061 Quae
331 1012 516 1052 facerent
543 1023 654 1063 pure,
685 1021 777 1049 cum
805 1008 911 1048 foret
939 1013 1028 1048 orta
1057 1006 1158 1050 dies.

129 1078 279 1118 Noctis
308 1084 395 1118 erat
422 1077 611 1118 medium.
647 1075 743 1129 quid
770 1088 850 1115 non
878 1088 989 1116 amor
1016 1077 1220 1129 improbus
1248 1073 1407 1120 audet?

182 1144 367 1184 Roscida
395 1158 467 1197 per
495 1144 688 1184 tenebras
715 1143 885 1183 Faunus
913 1143 966 1184 ad
994 1150 1109 1185 antra
1136 1144 1260 1184 uenit.
1435 1148 1514 1184 330

128 1211 269 1263 thue
298 1212 411 1252 uidet
439 1211 612 1253 comites
641 1223 783 1250 somno
810 1210 987 1265 uinoque
1015 1211 1188 1262 solutos,

184 1278 312 1330 Spem
341 1281 454 1333 capit
490 1280 531 1319 in
560 1276 731 1318 dominis
768 1291 866 1319 esse
904 1279 1063 1331 soporis
1097 1277 1219 1318 idem.

128 1345 255 1385 Intrat
284 1352 327 1386 et
353 1347 436 1387 huc
462 1345 558 1387 illuc
586 1346 826 1386 temerarius
857 1352 964 1388 errat
992 1346 1162 1399 adulter,

179 1413 236 1454 Et
270 1414 446 1467 praefert
482 1419 627 1456 cautas
662 1413 1006 1468 subsequiturque
1042 1426 1198 1456 manus.

123 1553 211 1589 316.
242 1552 412 1589 Vestibus
438 1555 560 1591 4041.
610 1554 678 1590 alc.
705 1553 819 1590 induit
845 1554 961 1591 BGD
977 1553 1170 1602 Tfymrs
1188 1553 1443 1603 duodmczyznti.

125 1604 212 1638 318.
237 1603 311 1639 Dat
337 1610 482 1640 tenuem
508 1602 701 1642 E¹FTrs
719 1609 811 1641 octo.
853 1605 990 1640 cinctus
1016 1612 1095 1641 erat
1113 1617 1145 1641 s.
1249 1609 1335 1644 319.
1367 1612 1422 1642 est
1446 1618 1516 1643 om.

80 1652 126 1688 0.
172 1653 371 1689 tunicarum
399 1655 553 1691 claustra
579 1658 639 1692 M.
691 1655 832 1691 uincula
857 1655 980 1691 laxant
1005 1658 1029 1691 8
1046 1656 1196 1703 (Ctesi).
1250 1657 1393 1692 uincula
1418 1657 1518 1693 laxat

78 1699 301 1748 DEfflTf.
340 1704 457 1739 uincla
484 1706 633 1741 resoluit
658 1710 743 1741 tres.
848 1707 934 1741 320.
962 1707 1074 1754 possit
1105 1704 1173 1754 (129
1199 1719 1270 1743 ηια.
1289 1719 1347 1755 pr.
1374 1718 1458 1752 sem
1489 1710 1520 1744 Ε

76 1763 161 1788 aar.
177 1763 247 1789 scr.
289 1754 399 1801 possit
421 1761 540 1790 uastas
562 1756 745 1802 1232425
765 1767 848 1792 var.
867 1767 936 1790 scr.
976 1767 1072 1792 exer.
1093 1768 1225 1804 magna
1244 1769 1372 1792 manus
1392 1758 1426 1793 G
1443 1769 1518 1794 ma.

76 1813 134 1852 pr.
241 1805 329 1838 321.
367 1803 516 1853 Frangit
543 1811 579 1840 et
603 1816 691 1840 arm.
718 1804 823 1840 DA.
863 1804 1038 1841 Gloss.b:
1067 1807 1218 1850 armille]
1246 1807 1418 1843 moriene.

128 1854 217 1888 322.
253 1852 487 1901 Stringebant
514 1855 636 1890 EN5
664 1858 833 1902 quatuor;
870 1852 910 1888 (D
935 1866 1018 1891 nar.
1036 1867 1106 1891 scr.
1150 1857 1353 1904 Ciugebant
1385 1854 1446 1903 ³153
1471 1859 1521 1894 M

77 1914 160 1940 aar.
180 1914 249 1939 scr.
289 1903 523 1952 Rumpebant
548 1900 671 1941 1141.
715 1905 854 1952 magnis
884 1901 936 1940 (D.
980 1917 1130 1954 magnos
1156 1907 1277 1943 EN5
1305 1911 1477 1955 quatum-5
1502 1919 1523 1944 s

79 1964 164 1989 aar.
181 1964 251 1989 scr.
291 1953 392 2002 pedis
422 1954 451 1990 0
475 1966 557 1991 ναν.
574 1966 646 1992 scr.
755 1957 840 1991 323.
879 1955 960 2003 lpse
992 1957 1044 1991 M
1065 1968 1140 1992 mia.
1159 1969 1216 2005 pr.
1260 1957 1323 1993 Illa
1347 1956 1367 1993 b
1392 1961 1465 1994 tres
1489 1962 1523 1994 et

79 2007 166 2039 απτ.
184 2002 257 2047 ed.;
283 2015 307 2051 p
325 2015 406 2039 var.
425 2015 496 2040 scr.
532 2005 631 2053 cupit
645 2005 694 2041 A.
734 2012 844 2054 caput
863 2017 911 2040 m.
949 2005 1068 2054 capud
1084 2003 1140 2043 A.
1180 2007 1274 2056 rapit
1293 2019 1324 2043 s.
1362 2008 1524 2043 clauam-

80 2065 153 2102 que
179 2060 305 2090 tenens
333 2051 383 2089 Ψ.
422 2055 624 2104 soliumque
650 2056 689 2091 G.
792 2057 878 2093 324.
904 2056 1043 2091 minore
1069 2055 1100 2101 f.
1203 2058 1289 2094 325.
1316 2058 1415 2106 epuli
1439 2057 1524 2093 sun-

80 2103 146 2139 ctis
174 2105 224 2140 D.
284 2103 399 2140 functi
425 2105 512 2140 dant
538 2106 589 2141 sic
618 2107 676 2142 14.
732 2105 846 2141 suncti
873 2104 1008 2142 dabant
1033 2118 1099 2142 sua
1123 2118 1229 2143 unns.
1280 2119 1348 2144 sua
1373 2114 1524 2157 pectora

80 2156 143 2190 11.
182 2166 335 2203 sompno
352 2157 398 2190 E.
500 2157 586 2191 326.
615 2155 676 2191 Sic
701 2168 780 2205 pos.
801 2168 838 2204 p.
878 2157 1101 2193 succubuere
1119 2157 1272 2204 AFTf
1291 2170 1397 2194 unus.
1437 2159 1523 2195 sub-

30 2257 34 2263 .
80 2204 241 2240 cubuere
267 2207 313 2240 Ρ.
361 2205 411 2240 sic
438 2206 594 2242 cubuere
619 2208 643 2242 8
669 2205 752 2243 duo.
796 2207 1010 2243 discubuere
1034 2209 1071 2242 7.
1118 2207 1230 2244 thoris
1255 2210 1334 2244 DE
1346 2210 1421 2245 Gr.

131 2256 219 2289 327.
259 2255 341 2290 uitis
368 2255 452 2303 quia
478 2254 559 2292 libri
583 2261 724 2305 praeter
754 2257 783 2293 G
796 2259 832 2292 D
847 2259 880 2293 Z
899 2268 933 2292 m
957 2261 976 2292 l
1005 2261 1039 2293 et
1063 2269 1140 2294 sex.
1194 2259 1350 2307 parabat
1373 2271 1424 2298 m.

131 2306 218 2340 328.
245 2317 360 2354 purae
390 2307 436 2342 G.
480 2318 571 2355 pure
597 2308 726 2343 ino-as.
742 2319 793 2344 m.
895 2308 983 2344 329.
1010 2307 1105 2345 med.
1133 2320 1229 2357 quen
1257 2320 1328 2345 non
1354 2313 1382 2345 t.
1419 2309 1524 2360 impr.

83 2360 188 2403 urget
221 2359 239 2391 t
269 2353 350 2400 flor.
379 2357 480 2400 Ber.;
515 2359 550 2392 P
581 2368 664 2393 aar.
690 2369 762 2394 scr.
889 2359 975 2393 331.
1013 2357 1111 2394 uidet
1142 2371 1268 2395 somno
1301 2359 1448 2396 comites
1481 2358 1526 2398 r?

84 2415 208 2443 somno
222 2402 280 2452 (2)
306 2406 460 2442 famulos
494 2406 518 2452 f
538 2406 646 2446 alius.
692 2407 765 2443 uid.
793 2407 908 2443 socios
938 2419 1044 2444 unus.
1095 2420 1187 2445 com.
1217 2409 1300 2445 uino
1325 2421 1526 2459 somnoque

90 2455 136 2491 G.
172 2467 324 2503 sompno
350 2453 522 2493 ΕΦΣΙ).
562 2469 635 2506 que
659 2459 820 2506 sepultos
852 2454 1158 2507 GAETZgyps
1185 2460 1349 2495 124041
1377 2460 1526 2509 quiade·
1583 2474 1597 2496 ι

88 2495 298 2550 cim3'1111‘
318 2518 403 2543 uam.
420 2518 490 2543 scr.
539 2519 615 2556 ,que
639 2507 799 2544 iacentes
826 2506 847 2543 b
873 2507 961 2552 (ἔπος
986 2520 1011 2556 p
1036 2519 1119 2544 uar-
1137 2520 1210 2545 scr.
1258 2521 1329 2558 que
1355 2517 1527 2559 granatos

88 2551 143 2589 ln·
165 2565 238 2592 ma.
256 2568 326 2593 sec.
352 2567 431 2593 sex.
471 2569 543 2606 que
568 2558 704 2606 sopitos
729 2560 779 2593 30
806 2557 914 2594 alius.
1017 2561 1104 2595 332.
1131 2559 1227 2608 capit
1252 2567 1290 2596 et
1315 2559 1413 2597 dom.
1442 2560 1525 2598 duo.

89 2613 171 2652 cap.
189 2603 271 2641 hinc
285 2607 384 2645 dom.
400 2618 507 2644 unus.
545 2607 708 2644 dominos
731 2611 774 2644 Τ.
816 2608 954 2657 saporis
969 2610 1013 2646 E.
1116 2611 1203 2645 333.
1229 2609 1374 2647 Intonat
1394 2610 1465 2646 huc
1481 2610 1526 2647 ’0.

89 2650 178 2690 Intr.
205 2654 322 2719 ³⁶¹¹?
345 2657 396 2695 ill.
415 2658 497 2695 ΑΡ
509 2659 572 2695 43.
611 2663 709 2696 errat
734 2659 771 2695 iu
795 2665 900 2696 antro
920 2660 965 2696 E.
1070 2660 1156 2697 334.
1182 2659 1299 2710 praei.
1327 2667 1452 2710 captas
1473 2661 1524 2697 N.
1560 2650 1580 2692 ἰ
1597 2674 1616 2695 ε»
