1685 2954
157 109 245 153 238
719 121 1033 155 ensa-onvm

268 224 408 278 Atque
435 223 541 264 haec
569 221 723 278 exiguo
750 236 952 265 murmure
978 226 1104 266 uerba
1130 225 1259 279 loqui:

211 292 275 333 En
312 303 394 344 ego
429 291 632 333 dimidium
660 293 789 333 uestri
816 305 994 345 parsque
1022 293 1150 333 altera
1177 292 1276 346 uoti,

269 358 454 412 Gemite,
489 360 565 400 sim
595 360 746 413 qualis,
785 358 854 414 qui
882 359 1002 401 modo
1030 360 1161 413 qualis
1188 362 1316 401 eram!
1512 364 1593 403 460

211 425 292 477 Qui
320 425 440 467 modo
468 427 505 467 si
533 427 723 468 uolucres
749 427 986 468 habuissem
1013 440 1142 481 regna
1169 428 1370 482 iubentes,

263 494 308 533 In
336 495 483 546 populo
512 495 624 548 potui
652 494 853 536 maximus
880 507 977 536 esse
1004 508 1110 547 meo,

207 560 329 601 Nunc
359 562 500 614 elapsa
529 561 619 614 rogi
647 561 820 603 flammis
848 569 893 603 et
921 563 1052 603 inanis
1082 561 1232 617 imago,

265 628 385 669 Haec
414 635 480 669 est
508 642 561 669 ex
589 629 655 675 illo
685 630 814 669 forma
841 630 982 669 relicta
1008 630 1156 668 Remo.
1198 621 1200 627 ’

209 696 303 736 Heu
334 697 402 736 ubi
431 697 545 737 Mars
572 702 690 749 pater
718 693 816 737 est?
843 697 880 736 si
911 707 988 735 uos
1016 695 1136 735 modo
1164 707 1264 737 uera
1289 697 1427 752 locuti,
1510 702 1591 740 465

262 762 483 816 Vbcraque
513 763 715 816 expositis
744 764 810 802 ille
840 763 966 802 ferina
996 761 1120 802 dedit.

207 826 339 879 Quem
369 830 464 882 lupa
493 830 686 881 seruauit,
716 841 862 874 manus
887 829 996 870 hunc
1025 830 1241 871 temeraria
1268 830 1373 873 ciuis

260 896 454 937 Perdidit.
495 909 519 937 ο
549 903 702 950 quanto
730 896 863 938 mitior
891 897 958 937 illa
985 897 1079 938 fuit!

205 963 345 1005 Saeue
376 964 511 1017 Celer,
541 965 747 1006 crudelem
776 966 950 1006 animam
978 977 1053 1017 per
1079 965 1246 1007 uolnera
1274 966 1435 1020 reddas,

257 1031 398 1084 thue
427 1044 509 1086 ego
538 1034 614 1073 sub
644 1039 776 1074 terras
803 1030 1142 1087 sanguinolentus
1170 1045 1256 1075 eas.
1511 1039 1592 1078 470

202 1098 345 1139 Noluit
371 1099 451 1139 hoc
481 1100 617 1140 frater.
659 1101 793 1152 pietas
826 1099 1011 1154 aequalis
1040 1102 1080 1140 in
1108 1102 1176 1141 illo
1205 1108 1284 1143 est.

257 1164 377 1216 Quod
404 1167 551 1220 potuit,
580 1166 772 1209 lacrimas
801 1169 987 1209 manibus
1015 1169 1082 1209 ille
1110 1168 1235 1211 dedit.

200 1233 322 1275 Hunc
351 1247 428 1275 uos
456 1248 529 1288 per
555 1235 758 1289 lacrimas,
786 1249 859 1289 per
886 1243 1026 1276 uestra
1054 1236 1245 1296 alimenta
1274 1244 1432 1292 rogate,

253 1300 312 1340 Vt
340 1302 542 1342 celebrem
571 1309 710 1343 nostro
739 1301 880 1356 signet
909 1304 1062 1343 honore
1092 1303 1212 1344 diem.

202 1368 473 1411 Mandantem
501 1370 693 1423 amplecti
723 1371 904 1422 cupiunt,
933 1376 976 1410 et
1003 1368 1169 1411 brachia
1195 1371 1377 1413 tendunt.
1508 1375 1588 1415 475

254 1436 430 1478 Lubrica
459 1443 703 1490 prensantes
733 1435 881 1490 effugit
910 1438 1050 1478 umbra
1078 1450 1234 1479 manus.

195 1530 283 1569 458.
310 1532 429 1582 Atque
454 1531 512 1568 hic
530 1544 560 1568 e.
599 1530 688 1568 haec
707 1530 849 1567 assiduo
866 1543 973 1568 unus.
1009 1532 1122 1568 uerba
1144 1532 1255 1570 refert
1270 1531 1319 1570 Γ.
1419 1535 1508 1572 459.
1534 1535 1589 1572 di-

146 1581 275 1619 midius
302 1595 338 1620 m
349 1594 493 1632 wilwpr.
532 1582 654 1619 dimid.
675 1582 749 1618 uoti
774 1594 859 1631 pars
881 1583 995 1618 altera
1015 1584 1126 1618 uestri
1142 1581 1189 1620 Γ.
1233 1583 1355 1621 dimid.
1383 1585 1457 1620 uoti
1484 1597 1589 1635 pars·

169 1644 214 1669 ue
240 1633 304 1670 alt.
334 1635 443 1670 uestri
470 1637 554 1669 uett.
576 1632 630 1669 ed.
671 1645 753 1681 pars
780 1632 894 1668 altera
919 1630 1177 1679 AH‘tPAfs
1201 1645 1279 1670 seoe.
1384 1637 1471 1674 460.
1498 1636 1589 1673 Cre-

140 1645 216 1721 dite
241 1683 306 1719 sim
326 1681 374 1720 Γ.
416 1684 563 1720 Cernite
589 1683 702 1731 qualis
727 1695 807 1718 sum
831 1685 876 1719 Τ.
917 1683 1064 1718 Cernite
1091 1695 1170 1718 sum
1187 1681 1478 1721 FAMP320.
1509 1688 1586 1731 Ita,

139 1733 249 1770 modo
267 1735 400 1783 qualis,
428 1737 505 1770 BD
518 1735 553 1771 G
566 1731 757 1770 ‹DMZm
777 1735 824 1767 10
835 1735 883 1767 20
893 1735 939 1767 33
959 1744 1105 1777 φιοιιωης
1131 1745 1154 1781 9
1170 1745 1253 1771 aar.
1269 1746 1340 1771 scr.
1378 1735 1487 1772 modo
1505 1742 1588 1773 tan-

139 1791 197 1822 tus
224 1787 261 1821 D
278 1797 352 1822 ma.
371 1797 427 1833 pr.
445 1787 483 1821 in
500 1796 628 1832 mai-9„
654 1781 711 1819 Π.
757 1783 865 1818 modo
892 1783 971 1819 talis
998 1786 1140 1820 caeteri.
1250 1786 1338 1821 463.
1373 1788 1451 1833 Ita,
1478 1786 1588 1823 Nunc

138 1836 280 1885 elapsa,
311 1832 570 1872 GfflPEbs3
596 1845 722 1870 nouem
748 1837 781 1869 et
806 1837 891 1868 uett.
913 1831 967 1869 ed.
1012 1832 1121 1870 Nunc
1143 1846 1223 1871 sum
1248 1835 1352 1884 lapsa
1375 1834 1436 1872 A.
1478 1836 1588 1873 Nunc

137 1898 218 1922 sum
247 1886 371 1936 elapsa
398 1887 539 1923 caeteri.
584 1885 681 1920 inan.
707 1884 807 1932 origo
848 1881 890 1920 Ψ
913 1883 1020 1919 alius.
1133 1886 1221 1922 464.
1255 1885 1335 1922 Nec
1361 1887 1467 1923 etiam
1495 1898 1541 1924 ex
1565 1886 1587 1923 b

137 1948 287 1985 mmpr.
329 1936 385 1973 Ee
410 1937 501 1973 haec
526 1947 572 1972 ex
597 1934 628 1982 f.
673 1935 773 1970 Haec
800 1934 864 1970 tibi
890 1934 1041 1981 (comp.)
1066 1945 1112 1971 ex
1136 1935 1196 1972 illo
1223 1933 1271 1972 Γ.
1318 1937 1421 1982 Haec
1445 1936 1514 1973 fuit
1539 1948 1585 1974 ex

139 1989 191 2024 M
204 1998 285 2023 aar.
300 1998 370 2024 scr.
413 1987 537 2023 relicta
563 1986 641 2022 uiro
673 1981 1198 2033 cAflma.pr.Abma.sec.
1225 1990 1310 2023 tres.
1350 1987 1476 2023 relicta
1502 1998 1586 2024 meo

137 2036 245 2074 bma.
257 2049 315 2087 pr.
416 2037 502 2074 465.
531 2037 631 2073 Heus
658 2036 718 2072 ubi
747 2037 868 2072 BDE
884 2047 964 2072 cum
982 2047 1127 2080 rasura,
1158 2033 1591 2074 GOFAMNOPH

138 2085 322 2137 Abmps
340 2086 418 2124 edd.
440 2099 535 2124 saec.
554 2099 629 2123 xv.
678 2087 793 2122 Huius
821 2086 881 2122 ubi
906 2097 935 2122 e.
984 2086 1084 2122 Heus
1115 2087 1201 2123 mihi
1225 2099 1321 2124 mars
1350 2085 1476 2125 (ΙΣΤ
1497 2093 1584 2126 tree-

139 2139 222 2175 Heu
249 2138 337 2174 mihi
362 2150 457 2174 mars
489 2135 540 2175 Ψ.
578 2143 682 2187 pater
707 2149 746 2173 es
771 2137 800 2173 si
829 2135 882 2183 119
908 2135 992 2172 duo.
1031 2148 1097 2173 uos
1123 2137 1208 2173 mihi
1234 2150 1322 2175 uera
1347 2135 1492 2175 ΒΦΓ.

189 2189 277 2225 466.
305 2200 432 2238 expos.
458 2188 520 2225 illa
545 2187 613 2225 fer.
640 2189 749 2236 G9m
761 2189 808 2223 33
827 2191 913 2222 uett.
930 2185 985 2223 ed.
1087 2188 1174 2224 467.
1207 2187 1232 2225 l.
1259 2196 1442 2225 seruatum
1467 2186 1581 2226 msh.

141 2243 170 2275 t.
195 2240 297 2275 cuius
323 2251 446 2276 mma.
487 2251 517 2276 r.
618 2239 708 2274 468.
734 2242 860 2287 quant.
888 2237 1003 2273 maior
1028 2236 1087 2274 hie
1112 2237 1174 2274 illa
1198 2237 1231 2275 b.
1259 2239 1385 2276 micion·
1410 2234 1551 2276 DGF.

189 2289 278 2326 469.
303 2289 423 2327 Scene
488 2317 497 2326 .
538 2300 606 2338 per
630 2288 761 2324 funera
787 2287 869 2325 duo.
910 2286 1040 2324 reddes
1066 2300 1096 2324 e.
1136 2287 1242 2325 redas
1267 2288 1299 2335 f.
1401 2291 1486 2325 470.
1511 2286 1579 2324 sub

138 2339 243 2375 terris
269 2351 300 2376 e.
339 2341 406 2377 sub
432 2346 529 2377 terra
555 2341 606 2376 N.
645 2351 747 2387 sang.
775 2338 845 2375 eris
871 2340 916 2375 P.
1018 2339 1105 2375 471.
1133 2339 1234 2376 Haec
1258 2339 1373 2376 doluit
1396 2338 1508 2375 frater
1528 2334 1579 2373 Γ.

135 2388 224 2425 Nol.
251 2388 343 2426 haec
373 2388 437 2427 ²1¹..
475 2391 664 2440 pietasque
691 2401 796 2438 aequ.
830 2385 881 2424 Φ.
931 2389 1045 2438 pietas
1071 2402 1094 2425 ο
1120 2389 1235 2438 qualis
1261 2390 1296 2426 in
1323 2386 1370 2425 Γ.
1417 2393 1471 2424 est
1503 2386 1576 2424 abi.

137 2450 244 2475 uitus.
350 2442 438 2479 472.
474 2441 575 2484 Quot
609 2439 662 2476 ed.
694 2441 770 2476 Vic.
821 2437 918 2482 Quid
946 2437 1092 2488 potuit?
1125 2440 1212 2476 laer.
1238 2436 1299 2476 A.
1346 2437 1507 2473 lacrimas
1541 2437 1578 2473 in

137 2501 218 2525 mea
243 2488 318 2525 fata
345 2490 430 2527 ded.
459 2491 855 2528 BGNem2122022
877 2500 957 2526 sex.
1059 2491 1146 2526 473.
1174 2489 1282 2525 Nunc
1311 2485 1456 2525 GAM
1474 2489 1578 2535 quin-

137 2551 214 2588 que.
255 2539 360 2576 Hunc
386 2553 453 2590 ego
476 2541 547 2578 duo
565 2545 600 2577 et
617 2539 695 2577 edd.
718 2542 804 2576 Ven.
824 2541 901 2576 Vic.
939 2540 1045 2576 Hunc
1071 2539 1179 2576 modo
1204 2538 1286 2575 duco.
1327 2538 1422 2574 alim.
1449 2543 1579 2574 uocate

136 2601 330 2637 utnumpr.
432 2593 518 2628 474.
545 2592 698 2628 celerem
726 2588 772 2627 Σ.
820 2590 888 2626 cel.
915 2598 1002 2627 noto
1025 2602 1048 2638 9
1068 2590 1148 2627 duo.
1196 2588 1262 2624 cel.
1289 2587 1383 2624 sesto
1409 2588 1499 2635 sign.
1530 2591 1579 2623 12

136 2642 199 2677 20.
301 2640 389 2676 475.
415 2640 538 2677 Mand.
567 2642 715 2690 cupiunt
740 2641 908 2687 amplecti
935 2647 971 2677 et
999 2644 1044 2676 12
1057 2642 1118 2676 20.
1154 2651 1237 2688 cup.
1263 2650 1328 2674 sua
1354 2638 1500 2674 brachia
1524 2634 1577 2675 Ψ.

187 2691 273 2728 476.
301 2690 415 2728 Lubr.
441 2691 660 2741 prendentes
686 2690 746 2729 A.
787 2691 899 2727 Lubr.
924 2695 1133 2739 praesantes
1158 2687 1189 2734 f.
1231 2695 1440 2738 praesentes
1467 2685 1577 2726 2⁹41.
