1685 2954
644 88 985 119 L113.snx1·vs
1453 72 1537 116 269

153 195 216 235 Tu
245 204 408 247 quoque
435 203 488 231 ne
516 201 704 243 propera.
739 187 884 230 melius
912 193 985 228 tua
1013 185 1095 229 filia
1123 181 1261 241 nubet,

206 263 336 316 Ignea
362 271 456 300 cum
482 269 583 311 pura
611 257 746 299 Vesta
770 256 914 300 nitebit
942 255 1076 295 humo.

153 395 293 435 Tertia
320 398 415 446 post
443 403 574 432 nonas
601 403 814 431 remouere
841 392 1038 445 Lycaona
1066 390 1235 432 Phoebe
1455 391 1535 428 235

208 463 363 512 Fertur,
392 466 435 500 et
463 472 488 500 a
516 465 634 513 tergo
662 472 743 499 non
771 460 897 499 habet
925 471 1021 498 ursa
1048 465 1213 499 metum.

153 531 271 570 Tunc
299 540 380 581 ego
409 540 474 567 me
503 525 666 567 memini
690 526 809 567 ludos
837 527 877 566 in
905 526 1090 580 gramine
1119 525 1251 579 campi

208 595 410 649 Aspicere
440 601 484 635 et
512 595 605 648 dici,
635 595 786 636 lubrice
817 593 937 646 Tibri,
968 598 1073 634 tuos.

154 664 287 705 Festa
317 663 406 703 dies
434 663 523 716 illis,
554 663 623 717 qui
650 664 731 703 lina
761 662 969 703 madentia
998 661 1163 713 ducunt,

211 730 373 784 Quique
407 736 556 784 tegunt
592 732 730 784 paruis
759 744 856 771 aera
884 742 1055 771 recurua
1084 729 1199 769 cibis.
1461 727 1542 766 240

155 800 280 839 Mens
305 810 468 852 quoque
497 811 647 839 numen
674 799 812 839 habet.
847 799 980 838 Menti
1009 797 1177 838 delubra
1205 794 1392 838 uidemus

212 868 325 907 Vota
353 872 466 906 metu
496 867 601 919 belli,
631 866 785 919 perfide
813 867 966 918 Poene,
996 867 1065 906 tui.

156 935 311 987 Poene,
340 935 580 987 rebellabas‚
612 941 655 974 et
682 934 765 973 leto
795 934 975 973 consulis
1004 945 1148 973 omnes

212 1000 392 1042 Attoniti
418 1003 588 1043 Mauras
616 1001 860 1054 pertimuere
888 1013 1042 1042 manus.

156 1070 286 1123 Spem
314 1076 451 1110 metus
480 1071 703 1122 expulerat,
734 1081 824 1109 cum
853 1069 987 1108 Menti
1015 1074 1115 1109 uota
1142 1068 1325 1110 Senatus
1465 1065 1544 1105 245

214 1137 411 1189 Suscipit.
450 1143 494 1176 et
518 1138 659 1177 melior
685 1137 870 1189 protinus
898 1137 964 1176 illa
993 1137 1118 1177 uenit.

158 1202 322 1257 Aspicit
353 1204 557 1244 instantes
584 1203 732 1244 mediis
761 1216 840 1243 sex
868 1204 1028 1244 lucibus
1057 1204 1149 1246 idus

214 1272 286 1313 Illa
314 1270 418 1325 dies,
448 1283 529 1325 qua
556 1277 653 1312 sunt
680 1276 780 1312 uota
808 1271 945 1311 soluta
973 1270 1089 1312 deae.

154 1453 241 1488 233.
276 1451 387 1487 Tunc
411 1461 558 1499 quoque
587 1462 625 1487 m
642 1448 665 1486 5
692 1449 777 1487 duo.
824 1462 969 1500 quoque
996 1462 1064 1488 nec
1089 1463 1147 1500 pr.
1180 1447 1232 1487 Ψ.
1282 1462 1428 1500 quoque
1453 1462 1549 1486 nunc

105 1501 232 1552 profer
257 1502 341 1538 mel.
369 1503 418 1537 28
429 1503 489 1538 34.
538 1513 584 1537 ne
606 1513 782 1550 properes
809 1503 872 1538 P3
884 1503 947 1538 44.
1056 1503 1143 1538 234.
1179 1512 1271 1550 pura
1299 1509 1399 1538 ueste
1425 1502 1551 1537 nitebit

108 1554 238 1588 liumus
269 1551 350 1588 libri
381 1556 524 1600 praeter
550 1549 636 1597 (Φζὶ
661 1551 840 1599 πε9ῐὶ9εηε
866 1551 939 1598 fuit
964 1551 1077 1589 editor
1105 1550 1301 1598 Francos.)
1330 1553 1376 1589 15
1392 1564 1548 1589 ίηια.εεῑσ.

108 1606 159 1639 23
177 1613 336 1639 masec.
374 1608 474 1637 ueste
500 1603 628 1638 uirebit
646 1604 707 1641 26.
747 1602 867 1639 Gloss.
897 1609 998 1639 uesta
1017 1615 1111 1652 quae
1132 1609 1186 1638 est
1206 1601 1333 1639 eadem
1360 1615 1441 1638 cum
1468 1604 1551 1651 igue

110 1659 148 1690 et
173 1660 271 1689 terra
307 1652 486 1701 receperit
521 1653 708 1701 imaginem
738 1653 848 1688 lotam
884 1660 920 1689 et
946 1666 1068 1690 rursus
1103 1653 1267 1689 indutam
1301 1665 1475 1702 purpura.
1504 1656 1550 1689 Ε.

111 1703 197 1753 quia
233 1702 369 1739 herbae
405 1704 583 1738 siccantur
618 1703 676 1738 uel
707 1703 832 1738 melius
859 1705 941 1751 quia
977 1711 1074 1740 terra
1100 1704 1160 1739 illa
1193 1704 1229 1739 in
1263 1705 1399 1753 templo
1427 1711 1551 1740 uestae

112 1761 193 1790 erat
219 1751 439 1790 circumdata
458 1753 541 1801 igne
559 1752 748 1788 artificiose
771 1760 810 1788 ut
829 1753 923 1788 infra
944 1753 1095 1790 habetur
1115 1766 1210 1789 mox,
1235 1765 1271 1801 9.
1374 1755 1461 1790 235.
1490 1754 1552 1790 Al-

109 1809 190 1841 tera
216 1810 299 1853 post
326 1806 448 1839 Ema.
465 1815 521 1851 pr.
563 1803 697 1851 Tereia
725 1805 760 1838 D
776 1804 822 1839 G.
862 1810 944 1852 post
969 1804 1047 1839 idus
1072 1815 1178 1839 unus.
1219 1805 1358 1840 licaona
1384 1807 1463 1841 DE
1476 1816 1552 1844 ma.

111 1866 168 1904 pr.
191 1856 236 1891 G.
278 1853 443 1890 lichaona
468 1856 504 1890 E
514 1865 586 1889 ma.
601 1865 668 1889 sec.
718 1852 867 1889 licaonia
894 1852 913 1888 b
940 1853 1022 1891 ᾶιιο.
1068 1854 1196 1890 liconia
1221 1857 1283 1890 20.
1324 1855 1464 1903 lycaoni
1489 1857 1551 1891 29.

112 1906 263 1953 lycaone
295 1904 380 1942 deco.
498 1907 585 1940 236.
620 1915 692 1939 non
727 1902 891 1939 habitura
925 1911 1009 1941 met.
1044 1917 1080 1940 m
1094 1917 1166 1940 nra.
1182 1917 1237 1954 pr.
1290 1905 1399 1942 habet
1433 1906 1493 1942 illa
1527 1918 1552 1954 p

113 1967 196 1992 war.
217 1967 288 1992 scr.
399 1956 486 1991 237.
519 1955 628 1990 Tunc
661 1955 803 1989 memini
837 1962 969 1991 memet
1002 1955 1106 1991 ludos
1132 1957 1176 1991 E.
1226 1968 1294 2003 ego
1328 1956 1553 1992 commemini

113 2006 190 2041 lud.
213 2003 264 2042 Ψ.
367 2008 453 2041 238.
488 2011 524 2041 et
550 2005 655 2040 didici
686 2002 767 2041 ΟΛ
779 2008 896 2040 1220.
943 2012 979 2041 et
1004 2006 1075 2041 dixi
1100 2004 1131 2042 b.
1173 2005 1281 2042 thibri
1311 2008 1356 2043 G.
1399 2007 1495 2055 tybri
1520 2018 1550 2042 e.

164 2058 252 2092 239.
280 2055 466 2092 madancia
493 2058 528 2091 D
548 2068 620 2091 ma.
635 2065 692 2103 pr.
738 2056 808 2090 lina
836 2055 1015 2092 mendatia
1036 2059 1160 2092 Ema.
1177 2068 1235 2104 pr.
1336 2058 1424 2093 240.
1461 2057 1553 2101 Qui-

114 2119 188 2156 que
221 2113 375 2155 tangunt
400 2106 453 2142 ed.
479 2108 565 2142 Veia.
618 2112 691 2153 teg.
720 2107 841 2154 prauis
871 2104 1000 2143 (Dma.
1014 2119 1070 2155 pr.
1122 2118 1226 2143 erare
1258 2119 1370 2144 curua
1402 2110 1451 2144 D.

165 2158 252 2194 241.
286 2169 430 2206 quoque
456 2169 587 2192 nomen
614 2159 736 2192 Ema.
752 2167 807 2205 pr.
832 2154 924 2193 ΨΜ.
973 2168 1119 2206 quoque
1145 2170 1274 2194 munus
1299 2157 1360 2195 A.
1398 2157 1469 2194 del.
1497 2158 1553 2194 ui-

115 2206 217 2243 debis
249 2208 287 2244 G.
334 2207 405 2243 del.
432 2207 588 2243 fatemur
613 2206 695 2243 duo.
797 2208 883 2242 243.
911 2207 1134 2243 rebellabant
1157 2220 1274 2256 guar.
1290 2220 1360 2245 scr.
1398 2209 1552 2246 rebella-

115 2269 174 2293 ras
199 2260 247 2294 33
258 2260 319 2294 48.
361 2264 409 2300 εί,
424 2258 535 2300 letum
560 2260 595 2294 E
610 2269 682 2293 ma.
701 2269 758 2305 pr.
799 2257 896 2293 letho
923 2259 1093 2307 principis
1113 2261 1173 2294 20.
1277 2260 1364 2295 244.
1393 2260 1553 2296 Attonita

115 2319 137 2345 r
154 2319 227 2344 ma.
247 2320 303 2356 pr.
343 2308 550 2357 pertinuere
572 2309 618 2344 G.
658 2320 775 2346 maur.
802 2309 999 2344 extimuere
1024 2311 1086 2344 20.
1189 2308 1275 2345 245.
1301 2315 1385 2345 met.
1414 2310 1552 2346 extule-

117 2364 175 2394 rat
201 2360 318 2395 BGE
326 2361 376 2394 M
384 2371 457 2395 ma.
468 2356 615 2407 pr.PA
629 2357 693 2393 Tb
704 2370 738 2394 m
749 2362 799 2394 r3
814 2362 859 2394 12
871 2361 975 2394 2021
999 2358 1276 2407 quatuordecim.
1314 2366 1400 2396 met.
1428 2361 1551 2397 abstu-

117 2407 210 2444 lerat
234 2410 367 2446 DGN
377 2406 550 2457 ²P'Ee9p
576 2408 772 2458 quindecim
791 2414 824 2445 et
838 2414 924 2445 πιθα.
942 2409 995 2446 ed.
1035 2416 1120 2446 met.
1148 2411 1317 2447 attulerat
1342 2413 1551 2448 Mma.sec.

120 2456 202 2494 duo.
302 2461 388 2496 246.
426 2459 583 2508 Suspicit
613 2461 647 2495 G
672 2458 736 2495 sub
761 2471 838 2496 ras.
864 2472 885 2495 r
900 2472 972 2497 ma.
988 2472 1044 2509 pr.
1059 2461 1121 2496 4⁹4.
1170 2460 1315 2510 Excipit
1339 2464 1402 2498 20.
1454 2469 1551 2511 prot.

120 2507 198 2556 ipsa
222 2507 252 2554 f.
292 2510 352 2546 illa
370 2510 438 2546 fuit
457 2512 503 2546 G.
605 2511 692 2545 247.
716 2509 893 2559 Prospicit
911 2514 939 2546 t.
974 2509 1098 2559 mediis
1117 2522 1160 2548 ex
1182 2511 1251 2548 luc.
1271 2514 1319 2548 33
1339 2511 1421 2548 duo.
1454 2511 1550 2547 med.

122 2564 204 2643 potst
223 2559 414 2647 lucidimtssm
446 2560 566 2598 Gloss.
588 2560 806 2608 interpositis
828 2572 891 2598 sex
916 2561 1040 2598 diebus
1060 2562 1152 2598 inter·
1165 2572 1247 2599 eam
1272 2568 1309 2599 et
1335 2561 1426 2601 idus.
1451 2562 1552 2612 quod

121 2618 161 2643 es
202 2620 249 2644 vr
326 2637 336 2647 .
402 2639 412 2649 .
