1685 2954
121 71 202 114 108
628 41 993 116 ¹Fam-onviu

173 183 254 236 Qui
281 189 454 238 poterat,
484 184 686 226 clamabat
713 199 833 227 auum
862 193 947 227 tum
977 186 1152 240 denique
1182 187 1334 228 uisum:

228 254 283 293 Et
310 253 378 305 qui
405 252 475 291 uix
503 258 674 305 poterat,
702 267 826 307 posse
856 259 1028 295 coactus
1059 260 1158 295 erat.

174 320 276 359 Tela
304 318 402 360 uiris
431 319 632 373 animique
661 321 823 374 cadunt,
853 322 1084 376 gladiisque
1113 323 1281 363 remotis
1478 328 1555 363 225

228 385 338 426 Dant
366 386 501 427 soceri
528 388 693 441 generis
724 388 1012 443 accipiuntque
1040 402 1196 430 manus.

172 451 464 506 Laudatasque
492 460 634 495 tenent
662 461 794 508 natas,
824 464 1025 510 scutoque
1054 463 1259 510 nepotem

230 521 330 561 Fert
359 533 474 561 auus.
516 522 583 562 hic
612 524 721 563 scuti
751 523 903 564 dulcior
932 538 1032 565 usus
1061 530 1159 565 erat.

173 587 272 628 lnde
301 588 419 640 diem,
450 601 556 642 quae
587 590 723 642 prima,
752 603 867 630 meas
896 592 1102 631 celebrare
1131 591 1330 631 kalendas

229 654 424 696 Oebaliae
453 662 605 697 matres
636 669 715 696 non
745 658 838 696 leue
866 670 1011 698 munus
1039 659 1203 699 habent.
1478 661 1557 696 230

171 723 256 763 Aut
285 724 378 776 quia
406 723 603 764 committi
633 724 788 764 strictis
819 726 1077 766 mucronibus
1106 738 1233 765 ausae

226 789 435 831 Finierant
462 791 637 832 lacrimis
668 791 818 830 Martia
848 791 953 831 bella
981 793 1087 832 suis:

171 857 253 898 vel
282 857 389 910 quod
417 865 505 899 erat
533 858 585 899 de
615 871 680 898 me
710 859 882 899 feliciter
908 860 980 899 Ilia
1008 866 1149 911 mater,

226 925 322 965 Rite
349 927 488 967 colunt
516 932 669 967 matres
697 939 816 967 sacra
846 927 1034 980 diemque
1063 940 1210 967 meum.

172 990 280 1042 Quid
306 991 413 1045 quod
442 993 573 1044 hiem-s
603 993 798 1046 adoperta
826 995 922 1048 gelu
954 1002 1052 1036 tunc
1082 996 1257 1049 denique
1285 994 1408 1047 cedit,
1478 999 1555 1033 235

226 1059 284 1099 Et
311 1066 484 1111 pereunt
513 1061 655 1113 lapsae
684 1062 771 1102 sole
800 1068 968 1115 tepente
997 1063 1134 1104 niues:

172 1126 397 1168 Arboribus
425 1128 597 1169 redeunt
627 1128 826 1168 detonsae
855 1130 1003 1184 frigore
1030 1131 1207 1183 frondes,
1385 1140 1404 1156 Φ

227 1194 445 1248 Vuidaque
478 1197 520 1235 in
554 1203 696 1237 tenero
724 1198 889 1249 palmite
919 1211 1081 1252 gemma
1109 1203 1257 1237 tumet:

172 1260 372 1315 Quaeque
401 1260 467 1303 diu
496 1263 624 1315 latuit,
653 1277 762 1305 nunc
790 1277 838 1305 se
869 1279 948 1318 qua
979 1266 1093 1305 tollat
1122 1266 1160 1304 in
1191 1278 1324 1316 auras,

479 1320 496 1336 0

168 1387 256 1421 223.
285 1396 393 1421 auum
421 1391 507 1421 tuuc
533 1385 616 1422 den.
649 1384 1166 1424 GDEFGAMNOHA
1178 1386 1383 1436 beyhpr
1408 1389 1557 1435 triyinta

115 1434 203 1482 fere.
244 1437 358 1472 uisum
385 1443 439 1472 est
456 1434 487 1482 f.
591 1438 677 1473 224.
705 1437 754 1474 Et
777 1438 835 1473 uix
854 1439 915 1487 qui
936 1444 1013 1487 pot.
1032 1437 1062 1484 f.
1104 1439 1165 1487 qui
1192 1451 1261 1474 non
1291 1444 1366 1487 pot.
1384 1436 1458 1474 Ah
1477 1449 1555 1474 sex.

117 1492 262 1535 poterat
287 1487 364 1535 ipse
390 1493 505 1523 coaet.
534 1489 570 1523 E
584 1499 663 1523 cum
686 1488 816 1536 yios-sn:
844 1490 926 1538 quia
953 1496 1067 1525 mater
1088 1487 1243 1525 uellebat
1262 1489 1293 1524 ei
1313 1500 1451 1525 aurem.
1478 1494 1556 1537 pot.

118 1537 213 1573 uelle
240 1543 357 1573 coact.
384 1534 439 1573 A.
488 1544 563 1585 pot.
590 1539 680 1574 scire
712 1537 736 1585 f
757 1538 838 1575 duo.
886 1551 977 1584 esse,
1005 1539 1091 1575 flere
1116 1538 1261 1586 sinyuli.
1364 1539 1451 1574 225.
1480 1538 1558 1573 ani-

115 1599 268 1636 musque
288 1584 503 1633 (Σ“.ὶ)ηι21.
543 1589 740 1638 animisque
760 1587 811 1625 (D.
913 1593 1000 1626 226.
1026 1589 1125 1625 Dant
1150 1590 1236 1625 socii
1247 1587 1308 1625 A.
1352 1600 1498 1624 manum
1509 1585 1558 1624 Γ.

166 1640 253 1673 227.
280 1645 379 1674 tenet
406 1641 495 1675 ΕΤ.
538 1646 615 1677 nat.
643 1640 843 1688 clypeoque
861 1652 966 1676 teitus.
1010 1647 1181 1688 nepotum
1208 1651 1242 1674 m
1256 1651 1329 1675 ma.
1344 1651 1400 1687 pr.
1443 1650 1558 1687 nepo-

115 1694 169 1725 tes
195 1685 244 1735 F,
275 1700 368 1725 corr.
384 1686 572 1726 APduo.
675 1693 762 1726 228.
789 1697 891 1726 scuto
918 1688 967 1736 Γ,
989 1702 1081 1726 corr.
1100 1702 1172 1725 ma.
1194 1701 1261 1725 sec.
1280 1688 1310 1735 f.
1350 1689 1459 1725 scutis
1483 1690 1559 1724 ΒΖ

114 1751 151 1775 m
164 1742 214 1774 20
231 1741 315 1786 quin
342 1751 393 1775 ue.
433 1739 572 1776 dulcius
597 1743 643 1776 D.
746 1742 833 1776 229.
868 1740 961 1776 diem
988 1741 1192 1789 primasque
1218 1752 1315 1776 meas
1340 1735 1559 1776 CDEwA

114 1752 362 1826 MNOPJI
371 1787 455 1826 ΨΣ
465 1789 581 1838 bey
590 1790 842 1839 hpma.pr.rs
861 1793 1010 1838 triginta
1028 1790 1115 1836 fere.
1217 1793 1303 1826 230.
1331 1790 1482 1826 Ebaliae
1503 1791 1558 1834 D;

117 1839 319 1878 bocar-scr.
361 1839 539 1877 Oebalide
571 1838 622 1877 (D.
663 1840 861 1877 Oebalidae
891 1840 1036 1886 BPbs3
1061 1852 1245 1877 rinmsec.
1287 1840 1483 1877 Oebalides
1510 1844 1559 1876 12

114 1893 166 1926 20
178 1902 260 1936 sex3
285 1903 308 1940 9
325 1903 406 1928 nar.
423 1903 493 1928 scr.
536 1891 686 1928 ltalidae
711 1904 818 1928 intus.
860 1892 1003 1928 Italides
1029 1889 1194 1936 A02P3
1218 1891 1267 1939 9l.
1283 1892 1343 1927 44.
1383 1890 1509 1927 Italiae
1533 1902 1558 1938 p

116 1952 197 1977 uar.
212 1953 282 1978 scr.
322 1942 403 1977 leue
427 1954 557 1978 numen
578 1942 660 1978 hab.
677 1939 879 1979 EFGFP
892 1940 980 1979 ΨΑ
993 1941 1079 1989 Tfy
1088 1955 1111 1991 p
1120 1954 1163 1979 rs
1188 1943 1317 1990 uigsinti
1336 1943 1488 1990 quinque
1501 1939 1556 1977 ed.

115 1991 231 2036 Rub.;
261 1989 580 2029 OENHum·.scr.
631 1993 712 2029 leue
738 2005 868 2029 nornen
897 1993 978 2028 hab.
1006 1992 1077 2028 Ah
1098 1995 1160 2029 43.
1271 1995 1357 2028 231.
1394 1994 1447 2027 An
1474 1991 1559 2040 quia

118 2039 543 2092 BGOE(E?)mnm.p²-.
582 2044 653 2079 Aut
680 2055 750 2092 qua
778 2040 831 2079 Δ.
870 2044 1031 2090 conmitti
1057 2045 1150 2080 EG.
1253 2046 1340 2079 232.
1368 2038 1462 2078 bella
1488 2041 1558 2078 tuis

115 2105 230 2130 suar.
250 2105 321 2130 scr.
423 2096 511 2130 234.
537 2105 638 2129 sacra
663 2106 840 2142 suumque
865 2093 958 2130 diem
984 2095 1028 2130 0.
1132 2093 1219 2130 235.
1248 2095 1318 2128 Aut
1343 2091 1441 2142 quod
1467 2094 1502 2128 E
1518 2093 1557 2128 in

114 2155 193 2182 ras.
212 2156 286 2181 ma.
306 2156 372 2180 ree.
395 2141 499 2179 (DN.
548 2144 685 2194 hiemps
713 2146 807 2181 EG.
858 2145 939 2193 gelu
967 2151 1043 2180 tum
1071 2143 1153 2180 den.
1184 2141 1556 2184 BOEFmsStmdee

116 2196 197 2231 cim.
243 2195 325 2243 gelu
353 2207 449 2231 nuuc
465 2191 583 2230 >3:2b22
662 2191 772 2231 ⁴236.
800 2201 953 2244 pereunt
980 2196 1097 2232 uictae
1127 2196 1386 2243 RGPp8203
1416 2189 1552 2228 (Dum.

115 2256 184 2282 scr.
224 2252 379 2294 pereunt
405 2246 508 2282 laxae
534 2248 568 2282 Ε
582 2258 654 2282 ma.
671 2258 760 2291 sec.;
789 2245 807 2282 b
824 2257 990 2282 uar.scr.
1027 2252 1180 2294 pereunt
1206 2251 1365 2281 maestae
1386 2255 1434 2279 m.
1477 2240 1556 2277 sole

116 2303 267 2344 repente
294 2295 325 2332 b.
437 2297 525 2331 237.
560 2296 713 2332 redeunt
739 2309 908 2332 excussae
937 2297 1053 2333 1301}
1068 2297 1144 2332 Om
1172 2298 1334 2344 quinque.
1388 2291 1463 2329 red.
1491 2302 1554 2327 ex-

114 2357 218 2381 cusso
245 2349 295 2385 20
315 2351 399 2383 tres.
443 2346 520 2382 red.
549 2346 705 2383 decusae
729 2359 923 2395 ymmsec.
955 2346 1075 2383 Gloss.
1094 2345 1279 2394 detonsae]
1307 2352 1475 2380 excussae
1505 2342 1553 2378 G.

161 2398 250 2434 238.
284 2396 466 2445 Nudaque
491 2397 525 2432 in
552 2398 599 2433 A.
655 2397 881 2447 llumidaque
911 2394 1251 2444 BGDOENETg
1278 2391 1554 2443 quatum-‹lecim-

113 2445 317 2495 Viuidaque
345 2450 378 2483 E
386 2445 471 2485 ΡΛ
483 2444 615 2484 ΟΡΠ
624 2445 739 2496 211419
767 2450 803 2484 in
829 2460 905 2485 ras.
925 2460 1000 2484 ma.
1017 2459 1087 2485 rec.
1101 2459 1233 2484 rsvna.
1245 2457 1313 2482 sec.
1329 2446 1350 2479 3
1364 2445 1414 2479 20
1437 2441 1555 2480 trede-

114 2498 195 2534 cim.
240 2496 410 2546 Quidque
432 2498 528 2546 quod
556 2499 591 2534 in
612 2497 645 2535 b.
685 2512 756 2548 que
783 2512 804 2534 e
831 2505 904 2535 ten.
933 2501 982 2534 20
1000 2503 1083 2535 tres.
1125 2510 1195 2546 que
1221 2507 1242 2532 e
1267 2492 1416 2544 grauido
1442 2492 1553 2542 palm.

114 2558 302 2596 unua-pr.
341 2547 377 2584 in
404 2548 554 2594 grauido
580 2548 612 2589 b,
654 2550 689 2586 in
717 2548 854 2585 tumido
873 2551 936 2587 43.
973 2549 1008 2585 in
1035 2547 1158 2597 tepido
1175 2557 1282 2582 tamis.
1383 2545 1472 2582 239.
1500 2541 1554 2578 la-

112 2597 181 2634 tuit
207 2603 294 2634 tunc
318 2608 358 2634 se
390 2599 437 2634 G.
489 2610 529 2634 se
554 2611 625 2636 om.
653 2603 778 2637 Dmu.
793 2611 848 2646 pr.
902 2611 998 2638 nunc
1028 2610 1100 2648 qua
1132 2608 1172 2632 se
1202 2595 1226 2633 h
1251 2598 1336 2633 ineu.
1363 2595 1469 2643 imnpr.
1514 2603 1556 2630 se

114 2660 187 2698 quo
220 2649 259 2686 G.
302 2659 342 2686 se
367 2659 458 2698 quas
484 2645 532 2685 Γ.
573 2649 665 2687 tollit
691 2647 732 2686 Γ
740 2648 824 2687 ΨΣ
830 2649 866 2687 h.
909 2649 1011 2687 tollet
1035 2646 1082 2684 ad
1108 2658 1185 2684 aur.
1212 2656 1336 2695 ptiar.
1352 2656 1422 2682 scr.
