1685 2954
803 57 969 96 esuris?
1453 72 1601 104 cxcvu

150 162 199 203 δέ
222 176 326 212 τινες
351 161 566 217 ἱςοροῢσον,
593 152 650 201 ὧν
675 161 733 209 iga
762 162 828 202 καὶ
852 162 1065 213 Πολύβιος
1091 160 1113 204 ὃ
1135 164 1488 219 Μεγαλοπολίτης,
1514 165 1597 209 ἀπό

147 240 259 274 τινος
274 224 483 277 μειρακίου
498 218 722 270 Πάλαντος
747 220 899 264 αὐτόθι
927 222 1241 277 τελευτήσαντος
1266 236 1303 268 et
1321 242 1416 280 quae
1437 244 1597 281 sequun-

147 296 219 327 tur.
273 291 387 328 Sacra
412 300 499 337 ergo
526 294 564 324 et
589 287 751 325 fabulam
773 288 937 326 Euandri
963 302 1007 327 ex
1030 291 1182 327 Arcadia
1204 290 1359 328 Romam
1385 294 1596 342 peruenisse

146 351 215 388 hoc
248 353 376 389 itinere
396 355 525 386 censet
556 349 782 388 Clausenius.
835 351 995 387 Primum
1031 351 1114 400 quia
1141 353 1261 389 multis
1290 354 1325 390 in
1352 354 1500 390 urbibus
1525 355 1594 390 Ar-

144 412 270 450 cadiae
294 413 323 448 is
344 411 450 447 heros
472 410 589 446 cultus
612 410 737 459 suerit,
763 411 945 460 Pallantii‚
975 424 1011 461 p.
1031 413 1143 459 1234,
1171 413 1399 463 Thelpusae,
1427 428 1462 465 p.
1481 418 1592 464 1237,

141 474 278 512 Phenei
299 478 409 522 atque
426 470 652 520 Nonacride,
679 485 717 523 p.
741 476 855 522 1238,
882 474 1048 524 Tegeae,
1075 473 1179 521 ibid„
1206 487 1358 524 quarum
1385 477 1418 512 in
1447 477 1593 527 quibus-

140 536 224 572 dam
249 533 377 571 eadem
405 533 574 580 numina,
611 535 766 571 maxime
791 535 898 572 Rhea
932 541 970 572 et
995 535 1150 573 Titanes
1177 536 1274 573 culta
1300 536 1457 586 suerint,
1497 550 1593 589 quae

137 597 245 633 etiarn
271 595 306 631 in
334 594 491 631 Achaiae
517 595 683 644 oppidis,
715 596 978 645 assignificatur
1002 609 1046 633 ex
1074 596 1209 634 Achaia
1241 599 1350 635 etiam
1375 599 1590 637 Euandrum

136 664 175 694 et
199 657 402 694 Pallantem
430 655 566 693 auferri
592 658 779 706 potuisse.-
813 658 849 695 id
876 665 998 696 autem
1025 659 1162 696 sactum
1189 672 1270 697 esse
1295 672 1315 697 a
1341 660 1501 697 Penthili
1527 675 1589 699 co-

135 720 227 757 lonis
254 719 514 765 Aeolensibus,
541 730 579 768 p.
597 722 708 756 1228.
762 719 981 770 Exemplum
1009 721 1089 758 talis
1119 721 1340 770 migrationis
1372 734 1441 772 per
1463 724 1590 759 statio-

135 793 200 818 nes
226 781 356 831 partim
383 779 530 817 easdem
559 781 762 817 ostenditur
787 794 825 831 p.
845 784 957 830 1217,
987 784 1104 818 12183
1128 782 1301 831 Priapum
1330 780 1461 820 Orneis
1487 782 1589 820 dela-

134 850 211 879 tum
239 854 317 879 esse
343 841 517 889 Athenas,
544 841 627 878 hinc
652 843 763 879 Stirin
783 843 1039 889 Phocensium,
1067 842 1149 879 hinc
1175 843 1324 879 Elaeam
1344 845 1587 893 Aeolensium,

132 916 228 953 quae
255 904 370 940 uicina
398 910 452 939 est
479 904 621 940 Cumae
645 903 867 940 Phriconidi.
920 904 1036 940 Cuma
1062 903 1250 940 Phriconis
1279 904 1409 940 dicitur
1433 916 1454 940 a
1481 905 1586 942 Stra-

132 965 228 1002 bone
250 964 342 1010 (uid.
366 966 565 1001 Hei-manni
585 971 660 1001 ant.
681 976 736 1013 gr.
757 977 792 1014 p.
810 966 900 1012 175)
923 965 1070 1002 colonos
1098 965 1233 1003 misisse
1252 966 1387 1003 Cumas
1409 967 1446 1003 in
1462 967 1584 1004 ltalia:

130 1027 229 1076 quod
254 1027 284 1062 si
309 1025 456 1062 difficile
481 1027 526 1062 sit
552 1026 754 1074 intellectu,
784 1025 998 1063 Clausenius
1024 1039 1063 1076 p.
1080 1029 1176 1064 1222
1197 1033 1234 1063 et
1253 1029 1328 1064 602
1346 1040 1402 1077 sq.
1424 1028 1585 1066 ostendit

129 1088 381 1124 Phocaeeuses
408 1087 657 1124 Cumanorum
695 1088 732 1124 in
762 1087 846 1124 Asia
882 1088 1023 1124 uicinos
1062 1094 1099 1125 et
1134 1088 1341 1126 Italicorum
1375 1089 1584 1128 foederatos

126 1149 260 1185 fuisse:
295 1155 359 1185 aut
396 1160 484 1197 ergo
510 1148 761 1185 Phocaeenses
789 1149 906 1198 ipsos,
934 1160 972 1199 p.
994 1150 1094 1198 606,
1130 1156 1193 1186 aut
1220 1150 1405 1188 Cumanos
1430 1152 1584 1189 Aricinis

127 1211 354 1248 internuntiis
375 1209 567 1247 Arcadicas
598 1209 788 1260 religiones
808 1209 984 1247 Romanis
1009 1222 1076 1260 per
1102 1222 1230 1249 manus
1257 1211 1460 1249 tradidisse.
1500 1213 1582 1250 Hoc

126 1272 240 1322 magis
268 1272 387 1322 placet
414 1272 632 1320 Clausenio,
671 1284 781 1322 quam
816 1272 916 1322 quod
948 1285 986 1322 p.
1011 1275 1109 1309 1227
1146 1274 1196 1310 ita
1228 1274 1317 1311 uelit
1349 1274 1580 1321 concludere,

125 1335 210 1383 quia
237 1334 392 1371 Cumani
419 1341 456 1371 et
482 1334 589 1371 Naxii
617 1334 833 1371 incoluerint
859 1334 1045 1382 Zanclen,
1080 1333 1188 1371 Naxii
1215 1348 1304 1372 uero
1329 1335 1438 1373 etiam
1464 1337 1581 1374 Cata-

124 1407 233 1442 nam,
260 1407 369 1445 quam
397 1396 544 1433 colonos
571 1397 754 1446 accepisse
780 1396 962 1433 Pallantia
988 1396 1179 1446 probabile
1217 1397 1288 1444 sit,
1321 1397 1403 1435 ideo
1435 1398 1579 1437 fabulas

123 1458 254 1508 (atqui
288 1457 335 1494 de
365 1458 597 1507 religionibus
623 1459 827 1508 agebatur)
854 1456 1036 1494 Pallantio
1064 1457 1199 1494 Cumas
1234 1460 1506 1509 penetrauisse‚
1539 1467 1580 1498 et

123 1519 224 1569 quod
250 1519 337 1555 ibid.
365 1526 403 1556 et
427 1533 465 1569 p.
483 1523 581 1557 1228
607 1520 816 1569 profertur,
845 1520 1035 1556 Tritaeam
1061 1518 1289 1556 Achaeorum
1318 1527 1411 1558 teste
1437 1521 1578 1559 Pausa⁴

124 1582 184 1617 nia
210 1580 390 1617 conditam
417 1593 496 1618 esse
523 1578 565 1617 ἐκ
584 1575 732 1630 Κύμης
759 1581 833 1630 τῆς
859 1578 899 1618 ἓν
920 1577 1113 1624 Ὀπικοῖς.
1167 1581 1303 1617 Verum
1331 1582 1429 1630 quod
1446 1583 1492 1619 ,in
1519 1584 1576 1621 his

126 1642 318 1692 postremis
340 1642 485 1692 oppidis
511 1643 677 1692 intelligit
697 1643 927 1691 Clausenius,
955 1655 1027 1678 uon
1054 1654 1161 1692 posse
1187 1643 1368 1692 religionis
1393 1643 1577 1682 ullam'si-

127 1703 366 1740 militudinem
396 1705 527 1750 euinci,
552 1704 588 1740 id
615 1705 747 1740 nollem
775 1705 813 1741 in
838 1716 896 1751 ea,
924 1716 1034 1753 quam
1063 1710 1202 1750 tuetur,
1229 1704 1440 1742 coniectura
1467 1707 1577 1743 uerti-

125 1765 258 1816 ginosis
283 1765 494 1813 ambagibus
520 1765 800 1803 dissimulatum.
852 1765 953 1801 Nihil
979 1766 1186 1814 quaerimus
1211 1763 1333 1812 aliud,
1360 1778 1470 1814 quam
1495 1768 1575 1816 qui·

124 1829 192 1863 bus
218 1826 254 1862 in
272 1825 450 1862 Arcadiae
475 1825 562 1861 locis
589 1832 689 1862 certa
715 1825 788 1862 fide
806 1825 980 1862 Euander
1005 1827 1124 1862 cultus
1149 1825 1271 1863 suerit.
1316 1826 1374 1862 De
1393 1826 1575 1865 Pallantia

122 1887 281 1925 dubitari
314 1893 449 1936 potest.
502 1885 642 1922 Narrat
672 1885 872 1923 Pausanias
898 1888 936 1934 8,
965 1887 1031 1934 43,
1057 1887 1108 1922 44
1141 1887 1315 1924 sacellum
1341 1887 1505 1925 Euandri
1537 1896 1576 1928 et

122 1949 285 1986 fabulam
310 1948 358 1985 de
384 1949 459 1985 eius
485 1948 701 1996 migratione
727 1947 851 1984 Italica
876 1947 1049 1984 Pallantii
1082 1949 1250 1998 reperiri.
1301 1950 1348 1985 At
1374 1950 1575 1989 uerendum

122 2018 202 2059 est,
239 2022 284 2047 ne
310 2021 391 2045 cum
419 2009 545 2045 ltaliae
572 2015 609 2045 et
635 2009 778 2045 Romae
815 2009 954 2045 mentio
986 2010 1181 2047 manifesto
1212 2012 1432 2048 extrinsecus
1463 2013 1575 2058 allata

121 2073 189 2118 sit,
225 2072 303 2121 ipse
339 2071 447 2107 heros
483 2070 630 2107 demum
665 2077 750 2120 post
784 2076 928 2120 tempus
954 2072 1127 2107 Antonini
1153 2071 1209 2108 Pii
1242 2072 1470 2121 imperatoris
1504 2076 1574 2112 coli

120 2133 194 2170 illic
220 2132 394 2182 coeperit.
440 2132 474 2168 ls
496 2133 593 2169 enim
615 2132 819 2168 libertatem
844 2140 880 2169 et
904 2132 1166 2170 immunitatem
1183 2132 1487 2171 Pallantiensibus
1509 2135 1575 2174 de-

119 2193 174 2230 dit
200 2199 354 2244 propter
381 2193 713 2238 ratiocinationem,
740 2205 836 2244 quae
861 2194 1021 2243 primum
1047 2193 1332 2244 deprehenditur
1357 2196 1457 2244 apud
1482 2197 1574 2236 Dio-

119 2255 261 2304 nysium
289 2254 372 2290 Hal.
403 2258 440 2301 l,
459 2256 522 2301 31,
540 2257 605 2302 32,
632 2261 760 2303 estque
785 2254 952 2291 fortassis
974 2255 1085 2305 paulo
1112 2256 1303 2304 uetustior,
1320 2258 1459 2306 ,aetatis
1486 2259 1574 2296 Cin-

121 2317 248 2353 tianae
274 2322 311 2352 et
338 2315 610 2363 Varronfflnue,
637 2315 702 2352 sed
729 2322 806 2352 tota
832 2317 1067 2364 grammatica
1093 2324 1131 2353 et
1159 2329 1321 2354 romana.
1372 2319 1456 2368 Ipse
1482 2320 1572 2358 Dio-

121 2377 245 2425 nysius
271 2389 303 2414 c.
327 2379 375 2413 33
404 2383 559 2413 testata-r
583 2388 649 2412 sua
676 2383 797 2414 aetate
824 2389 846 2413 a
870 2377 1173 2415 Pallantiensibus
1200 2378 1315 2416 cultos
1348 2378 1459 2419 fuisse
1484 2381 1572 2419 Pal-

119 2437 278 2487 lantem,
313 2437 380 2475 sed
412 2437 591 2486 Lycaonis
625 2438 762 2486 filium,
799 2449 907 2488 quem
943 2439 1100 2476 eundem
1126 2440 1325 2477 Pausanias
1350 2453 1384 2480 c.
1407 2444 1473 2491 44,
1488 2444 1527 2488 5,
1547 2445 1572 2481 6

123 2499 274 2536 indicatx
299 2496 447 2548 Νίκην,
473 2501 550 2536 eius
577 2499 640 2547 (ex
669 2499 798 2548 Styge,
825 2499 934 2536 Paus.
961 2503 998 2547 8,
1020 2504 1078 2545 18,
1099 2506 1136 2548 1,
1162 2502 1272 2539 Seru.
1299 2504 1390 2540 Aen.
1418 2506 1456 2552 6,
1479 2506 1572 2542 134:

128 2559 287 2598 Victoria
305 2563 429 2609 Styyis
454 2560 549 2608 filiu)
577 2560 702 2608 filiam,
730 2555 959 2611 σύντροφον
986 2562 1148 2600 Palladis
1173 2570 1210 2600 et
1234 2563 1388 2601 fortasse
1414 2578 1482 2615 pro
1508 2577 1571 2602 ea-

128 2618 210 2657 dem
243 2620 402 2660 habitam
438 2624 484 2661 ab
510 2623 630 2660 Ennio
658 2630 694 2660 et
720 2624 887 2662 Varrone
922 2623 969 2662 de
1003 2624 1029 2661 l.
1057 2625 1083 2666 l.
1108 2627 1146 2674 7,
1171 2628 1241 2664 37:
1276 2626 1469 2675 Cererem,
1503 2626 1570 2663 cfr.
