1685 2954
664 78 879 110 NantNAB
1393 71 1502 102 xxx1

57 200 129 226 non
154 185 328 224 absolutis
353 183 394 221 iis
413 181 475 232 qui
501 185 660 217 restantz
686 178 733 216 de
759 190 831 228 qua
855 189 895 214 re
920 176 1013 214 infra
1035 175 1179 214 uberius
1203 171 1394 212 dicendum
1421 172 1503 220 erit,

56 252 128 288 iam
155 261 251 286 nunc
276 254 394 284 tamen
420 254 565 279 moneo.
1220 280 1224 282 ῃ

157 308 310 348 Ouidius
334 316 444 354 saepe
463 303 508 340 ad
527 304 624 352 ipsos
643 300 755 337 fastos
775 298 917 349 publica
935 301 1150 336 auctoritate
1168 298 1372 349 propositos
1389 297 1501 334 lecto-

57 385 133 410 rem
159 382 262 409 suum
288 366 455 412 remittit,
493 365 591 401 uelut
617 363 710 409 illic,
743 362 803 398 ubi
838 361 884 398 de
910 360 1050 398 dierum
1075 361 1278 398 discrimine
1303 360 1502 410 generatim

56 433 226 484 exponit,
252 429 313 466 lib.
333 432 366 464 1.
392 439 413 464 a
446 439 539 463 uers.
567 426 630 462 45.
684 426 787 468 Quos
814 423 948 459 indicat
973 421 1075 469 dies,
1110 428 1194 458 sunt
1220 421 1372 469 nefasti,
1403 421 1502 470 fasti,

57 493 186 533 nefasti
218 503 263 528 ex
298 497 403 540 parte
437 487 571 538 priori,
610 500 647 523 u.
670 487 859 532 49—52‚
897 484 1094 520 comitiales
1121 495 1158 520 u.
1180 483 1253 531 53,
1289 483 1502 522 nundinales

57 569 96 592 u.
114 554 178 600 54,
205 551 274 588 atri
302 551 558 588 uu.57--60.
598 549 739 585 Horum
763 547 810 583 de
834 545 1088 583 nundinalibus
1114 545 1267 595 primum
1293 557 1409 593 pauca
1436 559 1503 584 no-

56 615 156 661 tabo,
182 625 278 663 quae
305 612 424 649 adhuc
449 613 574 661 ignota
596 619 700 660 puto,
726 609 810 659 quia
837 620 962 645 eorum
990 612 1075 642 nota
1102 606 1229 656 quouis
1255 605 1314 642 die
1339 607 1376 643 in
1402 609 1504 646 fastis

53 676 214 726 ponitur.
267 674 426 712 Orellius
462 673 586 709 docuit
612 683 736 708 earum
763 670 962 706 litterarum
990 668 1134 715 A—H,
1163 678 1257 717 quae
1282 679 1350 717 per
1377 681 1502 707 omnes

52 748 194 774 menses
229 736 428 782 iterantur,
464 733 704 771 nundinarum
737 730 965 768 interuallum
1002 728 1279 780 repraesentari.
1340 730 1421 767 Hoc
1456 743 1503 768 ex

53 798 211 836 Varron.
238 796 285 834 de
311 810 351 834 re
377 804 468 833 rust.
492 800 516 832 2
542 796 619 831 init.
648 794 786 844 pridem
805 793 950 841 Pighius
971 798 1009 828 et
1028 791 1191 841 Scaliger
1216 797 1409 837 nouerant,
1436 804 1503 829 nec

53 872 147 910 opus
184 866 264 896 erat
297 867 450 909 propter
475 856 675 894 Blanchinii
715 854 846 904 placita
883 859 1021 889 tantum
1055 852 1320 903 pulcherrimae
1355 852 1503 891 chartae

53 922 186 972 perire.
238 920 334 957 Nam
360 920 506 957 schema
533 917 738 955 confectum
773 922 827 952 est
852 915 898 950 ab
927 913 1084 959 Orellio‚
1119 927 1192 964 quo
1224 922 1442 964 appareret,
1474 917 1504 954 si

54 982 233 1021 Kalendis
258 982 432 1019 Ianuariis
454 979 636 1017 nundinae
662 978 799 1027 primae
825 975 991 1024 fuissent,
1020 975 1151 1013 deinde
1175 977 1355 1025 proximas
1380 977 1416 1013 in
1437 990 1506 1015 no-

53 1056 139 1081 num
178 1043 273 1080 diem
310 1044 342 1080 V
369 1041 525 1082 1d.lan.
553 1039 739 1085 incidisse,
776 1045 886 1087 atque
920 1038 971 1074 ita
1006 1037 1189 1088 deinceps.
1248 1038 1404 1086 Mirum,
1438 1039 1506 1077 nisi

54 1105 215 1143 Orellius
241 1107 385 1154 putauit
411 1104 567 1140 litteram
584 1102 616 1137 A
636 1112 780 1150 semper
807 1099 985 1136 nundinas
1011 1099 1223 1148 significare.
1262 1100 1372 1144 Quod
1396 1101 1505 1151 longe

52 1179 157 1204 secus
185 1173 253 1203 est.
304 1165 464 1202 Primum
493 1165 585 1199 enim
612 1163 643 1199 si
672 1174 769 1199 anno
797 1162 917 1211 aliquo
954 1162 990 1197 in
1027 1160 1102 1198 dies
1131 1173 1172 1197 ea
1200 1162 1319 1198 littera
1344 1163 1505 1211 signatos

54 1227 232 1265 nundinas
257 1227 422 1263 incidisse
457 1224 655 1272 concedas,
690 1224 852 1275 proxime
888 1224 1054 1274 sequenti
1081 1235 1152 1260 non
1180 1223 1404 1271 inciderunt,
1438 1224 1506 1261 nisi

53 1291 148 1327 inter
174 1290 316 1326 ultimas
342 1289 474 1339 prioris
506 1288 713 1337 primasque
738 1285 920 1335 sequentis
947 1287 1031 1321 anni
1067 1285 1244 1322 nundinas
1273 1285 1506 1335 quatriduum

54 1357 196 1388 tantum
224 1350 401 1389 interfuit.
454 1349 596 1386 Deinde
623 1348 750 1385 sedulo
779 1354 922 1383 cautum
950 1354 1006 1384 est
1031 1347 1077 1383 ab
1103 1348 1157 1394 iis,
1185 1348 1245 1397 qui
1270 1348 1370 1384 fastis
1396 1361 1505 1398 prae-

2 1450 5 1457 f
52 1419 195 1458 essent,
221 1425 268 1450 ne
294 1412 330 1450 id
358 1424 515 1462 unquam
543 1411 671 1459 fieret,
699 1409 797 1460 quod
827 1408 951 1446 Orellii
979 1409 1123 1446 schema
1150 1422 1218 1459 pro
1244 1422 1345 1447 more
1374 1412 1506 1448 usitato

52 1476 152 1513 iubet
177 1474 316 1512 haberi.
368 1475 438 1511 Dio
464 1475 528 1520 48,
557 1475 629 1509 33:
664 1470 729 1509 καὶ
755 1465 886 1522 ἡμέρα
914 1465 1135 1519 ἔμβόλιμος
1161 1467 1272 1520 παρὰ
1300 1468 1348 1508 τὰ
1375 1473 1504 1510 καθε-

53 1532 233 1586 στηκότα
260 1530 489 1585 ἐνεβλήθη,
521 1531 590 1571 ‘lm
615 1530 672 1584 μὴ
701 1528 725 1583 ἡ
752 1532 950 1582 νουμηνία
976 1533 1048 1570 τοῦ
1075 1531 1264 1582 ἐχομένου
1292 1529 1405 1579 ἔτους
1433 1530 1506 1584 τὴν

53 1593 206 1648 ἀγορὰν
233 1594 305 1648 τὴν
341 1592 411 1634 διὰ
444 1596 523 1633 τῶν
559 1591 672 1634 ἐννέα
701 1590 861 1644 ἦμερῶν
897 1590 1027 1646 λάβῃ,
1062 1590 1160 1645 ὅπερ
1187 1591 1267 1632 ἀπὸ
1300 1596 1371 1633 τοῦ
1398 1591 1507 1634 πάνυ

54 1655 226 1709 ἀρχαίου
253 1655 418 1710 σφόδρα
445 1653 710 1708 ἐφυλάσσετο.
768 1659 859 1695 Hinc
886 1658 1074 1695 manifesto
1100 1665 1259 1709 apparet
1293 1671 1412 1709 neque
1443 1660 1507 1697 lit-

55 1727 157 1758 terae
182 1721 237 1768 A,
273 1733 392 1770 neque
419 1721 482 1757 ulli
508 1721 566 1757 alii
593 1726 801 1757 constanter
826 1721 1006 1757 nundinas
1032 1721 1249 1758 adhaesisse.
1302 1721 1426 1759 Facile
1451 1729 1506 1759 est

54 1782 264 1829 intellectu,
299 1781 481 1831 quomodo
509 1794 566 1818 res
592 1787 694 1830 gesta
718 1781 853 1829 fuerit,
889 1794 956 1819 nec
982 1783 1168 1831 ignorasse
1195 1782 1372 1820 Orellium
1397 1790 1504 1833 puto,

53 1843 118 1881 sed
144 1843 242 1880 aliud
268 1849 452 1892 spectasse
486 1849 523 1879 et
549 1844 678 1891 egisse.
738 1843 771 1878 A
801 1844 980 1893 supremis
1017 1845 1101 1880 anni
1137 1846 1310 1894 cuiusque
1336 1846 1507 1883 nundinis

53 1906 186 1943 iustum
213 1911 377 1954 tempus,
414 1903 599 1941 octiduum
625 1903 846 1941 ducebatur=
884 1912 1034 1941 octauus
1068 1905 1144 1942 dies
1176 1906 1211 1942 in
1244 1919 1353 1956 quam
1380 1919 1506 1946 earum

52 1966 282 2012 litterarum,
308 1977 403 2015 quae
429 1967 528 2002 initio
554 1966 709 2002 Ianuarii
735 1966 771 2002 in
797 1966 899 2003 fastis
925 1966 1116 2004 Maffeanis
1144 1968 1336 2016 leguntur,
1361 1969 1506 2007 incidis-

52 2034 134 2075 set,
161 2039 206 2064 ea
231 2027 351 2063 littera
379 2027 454 2063 eius
481 2028 565 2064 anni
593 2027 770 2064 nundinas
798 2041 922 2064 omnes
948 2028 1140 2066 indicabat.
1194 2029 1286 2066 Cum
1312 2031 1505 2070 intercala-

52 2097 129 2127 tum
156 2095 227 2136 est,
254 2088 397 2125 ultimus
424 2090 509 2125 anni
535 2089 611 2125 dies
638 2081 794 2126 litteram
812 2090 842 2126 F
864 2090 999 2127 habuit.
1047 2091 1102 2127 Ea
1130 2089 1250 2128 littera
1266 2092 1297 2128 F
1316 2093 1346 2129 si
1373 2093 1506 2132 nundi·

51 2162 118 2188 nas
138 2162 206 2200 per
231 2156 346 2187 totum
367 2162 500 2187 annum
524 2151 648 2188 habuit
666 2153 870 2200 adiunctas,
899 2152 964 2189 nisi
983 2164 1026 2190 eo
1046 2154 1124 2203 ipso
1151 2165 1247 2191 anno
1272 2154 1506 2194 intercalare-

51 2219 123 2258 tur,
150 2218 191 2249 ut
217 2219 421 2262 postremus
445 2213 531 2249 anni
551 2212 627 2249 dies
648 2220 848 2263 postremas
872 2212 1052 2251 nundinas
1070 2214 1237 2263 haberet,
1263 2217 1298 2252 in
1316 2217 1505 2256 Kalendas

50 2274 205 2325 proximi
225 2275 312 2311 anni
335 2274 514 2310 nundinas
535 2274 759 2313 conserebat.
793 2275 833 2311 ld
858 2276 1041 2325 quomodo
1066 2276 1264 2314 deuitatum
1283 2277 1407 2328 fuerit,
1432 2280 1504 2318 Dio

51 2336 134 2373 loco
159 2335 269 2373 modo
296 2335 476 2384 indicato,
513 2337 662 2387 eiusque
687 2337 867 2388 interpres
893 2338 1056 2386 Scaliger
1082 2338 1129 2375 de
1154 2339 1297 2376 emend.
1325 2347 1437 2392 temp.
1462 2356 1502 2393 p.

50 2399 143 2446 460,
165 2398 197 2434 B
224 2404 483 2435 monstrarunt.
532 2399 796 2449 Goettlingium
819 2400 855 2436 in
883 2399 973 2436 libro
1000 2410 1117 2448 nuper
1136 2399 1233 2437 edito
1260 2415 1300 2452 p.
1321 2406 1392 2441 183
1410 2404 1505 2454 fugit

49 2460 154 2496 ratio.
191 2458 311 2496 Possit
330 2459 377 2496 de
398 2459 533 2510 duplici
552 2460 694 2497 ratione
713 2462 878 2511 cogitari,
905 2461 968 2498 sed
988 2468 1116 2498 neutra
1142 2461 1314 2511 efficitur,
1342 2471 1381 2501 ut
1407 2477 1504 2503 anno

49 2520 96 2557 V.
124 2521 170 2558 C.
199 2522 273 2558 797
298 2521 418 2557 littera
443 2521 648 2558 nundinalis
674 2523 711 2558 in
737 2523 924 2560 Kalendas
959 2523 1146 2560 Ianuarias
1182 2525 1349 2563 incidisse
1375 2527 1504 2564 uidea-

50 2587 131 2629 tur,
157 2581 256 2632 quod
281 2588 403 2619 tamen
436 2583 655 2633 interpretes
681 2584 807 2622 Dionis
834 2586 880 2622 ab
907 2585 967 2622 illo
994 2584 1088 2622 tradi
1113 2586 1410 2625 existimauerunt
1434 2590 1504 2636 60,

50 2643 115 2690 24,
140 2654 222 2680 cum
241 2643 328 2681 dicit
347 2643 526 2682 nundinas
553 2642 668 2696 ἱερῶν
698 2657 815 2684 τινων
843 2642 956 2683 ἕνεκα
985 2647 1020 2684 in
1047 2647 1156 2685 alium
1176 2647 1272 2688 diem
1298 2651 1504 2687 translatas.
