1685 2954
556 124 783 152 HISTORICA
812 123 951 152 ovmn
1401 121 1476 151 LIX

34 228 102 266 dae
126 227 370 270 idololatriae,
405 225 561 273 primum
587 222 714 272 quibus
739 235 876 259 necesse
911 227 965 260 est
990 221 1074 261 deos
1111 223 1298 259 nationum
1328 219 1477 270 praedi-

36 302 118 327 care
144 311 188 316 -—-
219 296 288 326 etc.
1214 283 1218 286 ⁴

137 350 337 394 Lemmata,
363 358 457 396 quae
485 345 654 393 Ouidius,
681 345 708 381 si
735 344 849 381 fastos
875 344 979 383 Maff.
1008 345 1187 393 conseras,
1214 343 1260 380 de
1285 356 1350 380 suo
1376 343 1479 379 addi-

38 411 134 448 disse
162 410 319 456 uidetur,
346 408 520 444 trifariam
547 408 769 444 diuiduntur.
809 407 903 443 Sunt
929 406 1022 442 enim
1050 414 1111 442 aut
1136 406 1263 453 seriae,
1290 405 1482 442 indictiuae

36 472 272 522 praesertim,
307 469 354 506 de
380 470 508 519 quibus
535 468 629 504 infra
661 475 787 517 agetur
815 469 908 504 iuter
932 468 1137 516 fragmenta
1162 468 1333 504 Varronis
1360 479 1481 503 rerum

37 535 238 571 diuinarum
265 532 343 567 libri
363 544 461 576 vul,
488 531 547 567 uel
573 531 789 579 templorum
817 536 981 565 uetustae
1004 529 1262 575 dedicationes,
1288 528 1334 564 de
1353 529 1482 578 quibus

38 593 290 644 exponendum
317 601 371 630 est
396 595 431 630 in
460 584 555 629 libi-is
582 592 755 628 Varronis
787 603 811 627 v
840 599 875 627 et
902 604 972 627 VI:
1007 598 1070 627 aut
1095 598 1178 627 sunt
1204 590 1393 636 historica,
1421 595 1484 626 aut

37 657 292 702 astronomica,
320 655 365 692 de
392 656 520 705 quibus
548 655 710 702 utrisque
738 653 805 689 lioc
831 653 911 689 loco
939 653 1179 702 disputabitur
1205 651 1443 688 commodius.

139 717 375 766 Consignauit
408 718 514 765 igitur
542 715 694 752 Ouidius
721 727 777 750 res
804 721 940 763 gestas,
977 727 1066 763 quas
1093 714 1357 763 deprompsisse
1385 712 1484 748 uide-

41 785 101 817 tur
127 786 190 816 aut
216 792 259 814 ex
287 779 373 814 actis
401 778 557 814 Senatus
584 778 638 813 sui
665 778 859 826 temporis,
887 783 949 812 aut
976 789 1019 812 ex
1045 776 1226 811 annalium
1252 774 1486 823 scriptoribus

38 842 186 878 sastisue
208 840 494 889 triumplialibus,
517 840 575 874 uel
592 840 849 888 antiquioribus
869 838 1044 874 fastorum
1065 837 1194 872 tabulis
1212 835 1486 885 interpretibus—

39 917 124 954 que.
166 903 242 940 Csr.
260 901 333 939 Ou.
351 903 553 949 1‚7-10‚
571 900 630 936 15.
671 900 771 936 Nihil
797 900 889 936 enim
916 901 950 936 in
978 900 1031 935 his
1058 905 1126 945 est,
1153 898 1239 946 quin
1266 904 1329 934 aut
1351 898 1484 947 ipsum,

42 973 106 1003 aut
132 966 348 1002 simillimum
375 963 450 999 eius
476 962 511 998 in
539 962 667 998 tabulis
694 962 793 1008 aliis,
828 963 1083 1011 posterioribus
1111 967 1230 996 tamen
1258 960 1488 1008 plerumque,

42 1028 200 1065 extitisse
226 1026 372 1076 probari
398 1024 523 1074 possit.
575 1023 614 1058 In
641 1022 832 1059 Maffeanis
869 1036 955 1060 sane
982 1024 1179 1060 Caesarum
1217 1028 1356 1058 tantum
1390 1020 1488 1057 facta

42 1097 233 1127 notantur:
276 1088 404 1137 quibus
441 1085 548 1122 titulis
587 1098 678 1134 quos
714 1086 844 1122 similes
883 1087 971 1122 alios
1007 1085 1161 1122 Ouidius
1200 1083 1336 1120 addidit
1372 1082 1488 1132 primo

27 1152 122 1188 -loco
149 1148 437 1193 recensebimus,
466 1147 634 1196 quoniam
662 1146 708 1183 de
734 1159 796 1183 ara
822 1147 948 1191 Pacis,
974 1147 1187 1196 pontificatu
1217 1145 1375 1194 Augusti,
1400 1145 1490 1181 Iuba

43 1212 164 1259 uicto,
191 1221 300 1259 supra
327 1215 447 1245 actum
474 1215 539 1245 est.
593 1208 651 1244 Ex
677 1209 846 1258 quinque,
874 1221 968 1258 quae
995 1215 1147 1256 restant,
1176 1208 1352 1245 lemmatis
1379 1219 1490 1242 unum

41 1273 87 1309 ad
117 1273 160 1310 C.
187 1273 383 1309 Caesarem
411 1271 591 1320 pertinet,
620 1270 749 1306 caedes
774 1271 849 1307 eius
874 1271 995 1307 Idibus
1022 1270 1188 1317 Martiis,
1213 1269 1271 1305 die
1295 1268 1490 1319 parricidii,

45 1336 94 1371 uti
121 1335 314 1371 Suetonius
341 1333 424 1369 olim
453 1333 486 1368 in
514 1332 615 1368 fastis
641 1333 863 1368 nominatum
891 1332 1011 1382 prodit
1038 1333 1145 1369 Caes.
1172 1334 1244 1379 88,
1279 1337 1316 1368 et
1342 1337 1422 1367 atro
1449 1342 1493 1367 ac

44 1398 232 1445 religioso,
270 1395 536 1432 triumuirorum
563 1394 681 1431 edicto
714 1395 912 1431 secundum
940 1396 1095 1431 Dionem
1122 1395 1182 1438 47,
1215 1396 1284 1430 18:
1324 1391 1391 1430 καὶ
1418 1388 1492 1441 τὴν

0 1507 1 1510 ¹
43 1452 197 1511 ἡμέραν
224 1456 265 1494 ἐν
291 1447 316 1509 ᾗ
344 1451 569 1506 ἐφονεύθη,
604 1453 744 1506 κυρίαν
771 1451 833 1493 ἀεί
859 1469 953 1494 ποτε
981 1452 1101 1506 ἕδραν
1127 1455 1281 1504 βουλῆς
1307 1449 1494 1503 ἔχουσαν,

0 1523 1 1533 ³
45 1515 268 1570 ἀποφράδα
295 1514 499 1566 ἐνόμισαν.
556 1519 729 1555 Neutrius
765 1526 886 1555 tamen
915 1519 966 1555 rei
995 1519 1182 1568 uestigium
1209 1519 1244 1555 in
1271 1518 1372 1554 fastis
1398 1517 1494 1554 Maf-

44 1582 172 1627 sennis,
199 1589 261 1618 aut
288 1581 383 1630 apud
413 1581 598 1618 Ouidium.
653 1580 775 1629 Negat
802 1581 908 1617 etiam
937 1581 1155 1616 Vaassenius
1180 1593 1217 1630 p.
1234 1582 1307 1616 236
1333 1592 1495 1629 unquam

47 1642 221 1680 eiusmodi
256 1643 340 1692 quid
377 1645 411 1680 in
447 1643 560 1679 fastos
595 1643 748 1679 relatum
783 1642 893 1679 fuisse
929 1649 966 1678 et
1000 1643 1197 1692 praeterito
1224 1642 1387 1679 Suetonii
1414 1642 1495 1678 loco

46 1704 199 1741 Dionem
225 1706 405 1753 explicare
432 1712 583 1741 conatur
609 1717 653 1740 ex
679 1705 748 1741 alio
775 1705 856 1741 loco
882 1704 945 1752 45,
978 1708 1046 1741 17:
1083 1700 1177 1740 οὐδὲ
1205 1705 1277 1752 τῆς
1304 1697 1497 1754 ἀποφρά-

50 1763 121 1810 ὸός
149 1761 192 1801 τὸ
219 1761 276 1813 μὴ
304 1762 344 1801 ἐν
372 1763 537 1808 ἐκείναις
570 1765 789 1812 βουλεῦσαι
817 1789 865 1796 --
894 1761 1141 1814 ἀπέσχοντο,
1179 1767 1238 1802 ubi
1275 1759 1497 1815 ἀποφράδα

51 1828 180 1877 accipit
206 1827 300 1862 diem
327 1827 466 1862 senatui
497 1827 662 1862 babendo
690 1841 759 1864 non
787 1829 979 1874 idoneum,
1016 1829 1243 1865 comitialem.
1296 1828 1432 1863 Verum
1459 1833 1497 1864 et

50 1890 99 1925 ibi
125 1889 300 1925 refellitur
327 1900 348 1924 a
366 1888 485 1923 Dione
504 1888 567 1935 46,
587 1890 650 1936 29,
678 1890 737 1925 ubi
759 1889 858 1935 uide,
886 1897 922 1925 et
949 1890 984 1925 in
1008 1890 1061 1926 Id.
1090 1890 1198 1926 Mart.
1227 1901 1375 1939 operam
1402 1889 1498 1933 lusit,

52 1951 137 2000 quia
163 1950 248 1986 fasti
273 1949 445 1986 Maffeaui
483 1949 590 1997 longe
624 1958 732 1998 sunt,
769 1964 875 2000 quain
913 1958 1041 2000 putat,
1080 1953 1308 1988 recentiores.
1363 1951 1499 2000 Vtique

51 2014 159 2062 igitur
184 2012 212 2048 si
234 2012 414 2060 Augustus
441 2023 512 2046 non
541 2024 663 2048 omnes
691 2013 765 2049 dies
793 2020 888 2048 atros
910 2025 943 2050 a.
965 2012 1010 2052 V.
1032 2014 1074 2050 C.
1099 2015 1174 2050 746
1201 2014 1373 2060 aboleuit,
1401 2012 1500 2062 quod

52 2086 164 2124 supra
190 2073 478 2120 coniiciebamus,
506 2072 594 2109 illud
621 2073 667 2110 de
692 2074 890 2122 parricidio
911 2075 1092 2112 decretum
1115 2076 1208 2111 inter
1230 2076 1499 2111 triumuirorum

52 2136 213 2171 instituta
240 2140 332 2180 erat,
360 2146 453 2183 quae
479 2135 660 2184 Augustus
686 2148 720 2171 a.
743 2137 787 2173 V.
805 2139 879 2172 726
906 2139 1105 2187 antiquauit
1132 2144 1222 2174 teste
1240 2138 1359 2174 Dione
1379 2139 1442 2183 53,
1463 2141 1500 2182 2,

53 2196 268 2232 tutissimum
293 2196 446 2232 fortasse
474 2202 572 2232 ratus
592 2196 833 2234 adulationem
863 2200 1043 2248 publicam
1065 2200 1255 2249 compesci.
1297 2200 1388 2235 Hinc
1408 2198 1500 2235 Oui-

54 2258 135 2294 dius
168 2258 264 2294 inter
298 2258 402 2294 istam
438 2264 597 2295 ueterem
632 2258 874 2297 adulationem
909 2274 1118 2311 nouumque
1150 2262 1361 2311 obsequium
1389 2261 1502 2297 ambi-

56 2332 173 2368 guus,
208 2319 371 2366 dubitat,
407 2326 685 2369 praetereatne,
722 2333 767 2356 an
802 2330 1058 2360 commemoret
1093 2324 1180 2359 illud
1206 2324 1356 2359 facinus.
1409 2323 1500 2359 Per-

55 2381 218 2431 sequitur
254 2387 375 2417 tamen
409 2388 622 2417 xnutuatoa
650 2382 838 2420 Simonide
868 2386 988 2422 colore
1026 2385 1074 2422 de
1111 2386 1236 2422 umbra
1264 2386 1429 2422 Caesaris
1467 2390 1504 2420 et

57 2443 239 2478 mentione
273 2442 371 2478 sacta
396 2443 528 2479 maturi
563 2455 815 2492 percussorum
852 2447 1010 2482 omnium
1044 2447 1235 2495 interitus,
1273 2449 1369 2484 intra
1394 2448 1504 2484 trien—

58 2505 181 2551 nium,
219 2509 260 2539 ut
297 2503 407 2541 tradit
433 2506 585 2542 Sueton.
614 2505 722 2542 Caes.
747 2508 809 2544 89.
855 2507 911 2543 De
939 2520 982 2544 ea
1019 2508 1141 2545 sabula
1176 2509 1235 2545 adi
1260 2509 1412 2545 Diouem
1440 2507 1503 2555 44,

61 2566 132 2612 143
167 2566 396 2613 46,38‚49;
434 2568 497 2614 47,
514 2567 578 2618 29,
593 2570 661 2615 313
698 2569 759 2613 48,
783 2572 820 2615 1,
840 2571 877 2617 7,
900 2572 970 2616 173
1009 2570 1072 2617 51,
1093 2573 1138 2619 83
1172 2572 1327 2620 Appian.
1354 2575 1393 2619 2,
1418 2573 1505 2616 113,

62 2627 158 2673 1193
192 2627 471 2676 Vellei.¹2‚88;
507 2628 702 2667 Weichert.
731 2629 778 2666 de
805 2629 930 2666 Cassio
952 2630 1137 2668 Parmensi
1162 2645 1200 2682 p.
1221 2632 1295 2667 250
1315 2646 1369 2682 sq.
1407 2630 1528 2674 Nihir

66 2693 256 2737 praeterea
282 2690 437 2727 occurrit
462 2690 497 2726 in
525 2690 593 2726 illis
620 2692 780 2729 uersibus
805 2692 1031 2742 notandum,
1057 2694 1124 2731 nisi
1150 2693 1196 2731 de
1222 2693 1312 2731 aede
1337 2694 1383 2731 D.
1409 2690 1505 2739 Iulii,
