1685 2954
682 85 849 115 vimnau
1378 84 1498 116 vau

45 201 133 229 esse.
193 188 336 228 Eodem
368 184 477 225 medo
509 184 715 222 dubitatum
748 184 883 234 fuisse,
919 191 1087 224 essentne
1121 184 1323 238 posteriora
1356 184 1496 224 Vinalia

44 251 163 299 louis,
190 263 236 288 an
263 248 413 288 Veneris
439 248 540 284 testis
565 253 621 284 est
646 247 777 284 Festus
804 249 869 295 73,
899 250 948 285 28
974 249 1058 286 Vrs.
1084 247 1138 284 his
1164 248 1304 285 uerbis:
1339 250 1496 287 Rustica

48 313 199 351 Vinalia
224 310 453 362 appella-ntur
485 321 604 346 manse
628 308 796 357 Augusto
822 311 930 348 XIII
953 310 1044 347 Kal.
1069 312 1170 360 Sept.
1197 311 1300 348 Ionis
1329 309 1406 348 dies
1436 311 1496 358 fe-

44 379 146 420 stus,
179 376 265 423 quia
290 373 420 409 Latini
447 369 581 407 'bellum
613 375 775 419 yet-entes
812 370 988 408 aduersus
1015 374 1240 409 Mezentium
1269 375 1387 410 omnis
1417 374 1497 411 uini

45 436 250 474 libationem
275 435 307 470 et
333 433 396 470 deo
423 432 691 470 (indicauerunt.
718 431 838 469 eodem
864 437 984 469 utitem
1009 432 1065 470 die
1094 435 1221 470 Veneri
1254 434 1386 484 templa
1410 439 1497 472 sunt

46 500 271 540 emmeram,
308 494 464 532 alterum
489 493 538 531 ad
567 495 708 531 Circum
732 496 966 541 Maximum,
999 494 1153 532 alterum
1186 496 1224 532 ὶη
1256 495 1335 534 luco
1360 496 1498 535 Libiti-

44 560 161 606 nensi,
190 559 276 606 qnia
299 557 340 593 ἰη
364 558 441 594 eius
466 557 553 594 (leae
577 556 692 593 tutela
717 560 803 592 sunt
828 555 937 594 horti.
984 558 1122 594 Horum
1149 569 1288 595 summa
1313 558 1405 596 haec
1428 566 1497 604 est,

45 627 87 658 ut
109 618 238 656 eadem
265 618 343 656 fere
370 619 416 655 de
441 619 702 669 posterioribus
719 618 916 655 vinalibus
941 618 1146 667 tradantur,
1171 631 1268 669 quae
1295 620 1342 657 de
1366 622 1498 671 priori-

44 682 110 718 bus
136 679 291 718 Ouidius
319 680 439 717 babet.
491 681 602 730 Atqui
638 680 881 717 aduersantur
913 680 1007 717 haec
1041 680 1199 717 lemmati
1233 691 1359 717 mense
1385 682 1497 731 Aprili

42 755 65 780 a
90 743 220 780 Verrio
247 743 431 792 apposito,
459 742 701 779 aduersantur
725 743 784 791 iis,
811 755 907 792 quae
932 755 977 779 ex
1003 742 1132 779 Verrio
1157 742 1288 778 Festus
1315 754 1353 791 p.
1367 743 1432 791 98,
1449 746 1497 779 10

42 803 133 845 Vrs.
159 806 360 854 excerpsit,
386 812 563 855 quantum
593 804 760 854 cognosci
787 810 929 854 potest,
954 802 1195 840 aduersantur
1222 803 1388 841 Varroni.
1442 804 1497 842 Ita

42 867 153 917 igitur
178 867 397 915 existimato,
426 867 546 903 omnia
565 866 657 903 llaec
677 866 776 916 apud
795 867 963 902 Verrium
990 865 1120 902 eodem
1145 865 1226 902 loco
1254 865 1348 902 lecta
1372 866 1497 913 fuisse,

42 928 108 965 sed
132 929 265 979 partim
291 929 510 979 reprehensa
546 930 592 966 ab
620 940 687 965 eo:
721 928 872 964 Festum
898 927 1030 965 deinde
1064 939 1121 963 res
1157 933 1348 964 annotatas
1372 928 1496 965 reddi-

42 990 164 1039 disse,
198 990 367 1029 iudicium
395 992 513 1028 Verrii
538 990 794 1040 suppressisse.
847 991 929 1027 Hoc
962 1001 1045 1026 eum
1081 988 1271 1038 aliquoties
1305 989 1434 1028 secisse
1467 992 1498 1028 si

43 1053 202 1103 ignoraS,
230 1060 358 1102 postea
385 1053 558 1103 exemplis
586 1064 807 1101 cognoscere
832 1051 981 1102 poteris.
1019 1051 1074 1087 Ita
1099 1051 1208 1100 igitur
1234 1050 1378 1089 minime
1403 1066 1498 1104 opus

0 1159 1 1162 Ἰ
43 1120 100 1151 est
128 1115 298 1152 Verrium
324 1127 345 1151 a
373 1114 544 1152 Varrone
569 1113 786 1151 discessisse.
839 1114 918 1150 Alia
953 1113 1093 1149 ratione
1129 1124 1206 1148 rem
1233 1114 1405 1163 expedire
1431 1128 1498 1152 co-

0 1195 2 1207 »
43 1181 153 1213 natur
174 1177 387 1213 nouissimus
406 1177 506 1213 Festi
530 1175 660 1224 editor,
688 1176 734 1213 de
753 1188 826 1226 qua
852 1176 882 1212 si
906 1188 978 1212 non
1004 1173 1236 1221 referremus,
1263 1177 1499 1216 metuendum

43 1244 159 1283 esset,
197 1250 244 1274 ne
276 1239 356 1287 ipsa
390 1239 480 1275 tanti
517 1239 585 1274 uiri
622 1240 817 1275 auctoritas
853 1238 956 1274 nobis
991 1242 1152 1274 noceret.
1205 1236 1238 1273 ls
1274 1244 1358 1288 post
1384 1241 1498 1278 uerba

44 1303 151 1338 XIII
174 1299 264 1337 Kal.
293 1301 392 1348 Sept.
419 1300 586 1337 lacunam
613 1301 742 1350 fingit,
771 1300 832 1336 ubi
855 1301 1011 1350 primum
1039 1299 1131 1335 lecta
1156 1297 1291 1335 suerint
1316 1301 1498 1349 quaedam

43 1374 117 1398 non
144 1362 264 1411 magni
291 1362 488 1410 momenti,
524 1375 620 1412 quae
646 1363 782 1400 Paulus
818 1375 890 1400 non
928 1362 1096 1399 uideatur
1128 1361 1175 1397 de
1211 1373 1278 1398 suo
1305 1363 1499 1410 addidisse,

42 1423 175 1461 deinde
199 1424 336 1460 menfio
372 1425 502 1461 iniecta
533 1425 647 1462 fuerit
673 1426 834 1475 priorum
861 1424 1110 1471 Vinaliorum,
1149 1429 1189 1459 ut
1223 1423 1270 1460 ad
1305 1438 1348 1462 ea
1376 1428 1497 1465 omnia

42 1487 264 1537 pertineant,
291 1499 387 1535 quae
406 1494 490 1536 post
516 1487 576 1523 illa
601 1489 713 1524 uerba
734 1499 888 1537 eamque
914 1487 1080 1523 lacunam
1106 1493 1321 1535 sequuntur.
1361 1488 1496 1526 Verum

42 1548 113 1586 hoe
137 1562 230 1598 nego
257 1549 531 1585 concedendum
559 1561 650 1593 esse,
678 1556 716 1585 ut
743 1550 865 1586 uernis
888 1548 1082 1586 Vinalibus
1109 1548 1183 1584 duo
1211 1550 1347 1599 templa
1363 1550 1497 1588 Veneri

42 1610 163 1647 dicata
189 1623 268 1647 esse
291 1611 543 1660 perscripserit
569 1611 734 1649 Verrius.
787 1612 872 1649 Nou
900 1619 955 1648 est
992 1611 1185 1647 uerisimile
1218 1611 1255 1647 id
1283 1612 1497 1650 omissurum

43 1671 154 1708 fuisse
179 1670 379 1719 Ouidium,
415 1673 477 1721 qui
514 1686 594 1709 cum
632 1674 792 1723 uulgaris
825 1673 1003 1724 opinionis
1029 1686 1051 1709 a
1078 1674 1243 1709 Varrone
1269 1674 1498 1724 improbatae

45 1733 283 1783 patrocinium
309 1735 540 1783 suscepisset,
567 1748 677 1771 unum
705 1743 789 1772 ante
815 1743 960 1786 portam
986 1736 1165 1772 Collinam
1193 1742 1230 1771 et
1255 1735 1291 1771 in
1315 1737 1498 1786 Capitolio

45 1795 200 1831 alterum
228 1801 509 1842 commemorat,
543 1796 608 1832 sed
635 1803 802 1832 neutrum
831 1805 1004 1847 tanquam
1032 1810 1076 1833 eo
1103 1797 1161 1833 die
1187 1797 1404 1834 dedicatum.
1455 1800 1497 1836 In

47 1857 171 1893 tabula
197 1856 434 1892 Praenestina
461 1857 659 1905 permirum
686 1865 795 1905 esset,
822 1860 851 1894 si
876 1859 954 1908 ipse
983 1859 1133 1895 Verrius
1163 1865 1341 1896 annotare
1365 1859 1498 1899 oblitus

45 1925 159 1955 esset:
186 1925 308 1954 tamen
335 1918 515 1966 integrum
542 1930 662 1967 paene
688 1920 763 1955 eius
780 1919 912 1956 lemma
937 1927 1122 1956 seruatum
1140 1928 1206 1965 est,
1233 1928 1392 1970 quatuor
1415 1929 1498 1965 tan·-

45 1987 123 2017 tum
150 1981 290 2029 priores
318 1980 484 2016 uersiculi
511 1980 663 2028 desunt,
689 1994 844 2031 quorum
870 1982 1006 2030 primus
1033 1994 1114 2017 cum
1140 1984 1264 2028 Iouis,
1291 1984 1418 2021 tertius
1443 1984 1500 2024 dei

43 2044 265 2079 mentionem
302 2041 490 2088 habuerit,
524 2043 558 2078 in
595 2050 725 2092 quarto
753 2047 1028 2087 ‚consent-atum,
1064 2056 1135 2080 non
1175 2051 1400 2091 consecrata,
1439 2049 1499 2085 uel

43 2108 273 2141 consecratae
298 2104 454 2152 legatur,
481 2116 554 2140 non
582 2105 703 2152 uideo,
731 2105 915 2154 quomodo
942 2105 1078 2155 templa
1101 2107 1253 2143 Veneris
1280 2120 1500 2147 commemoa

43 2166 116 2201 rari
141 2166 340 2215 potuerint.
403 2165 567 2214 Inprimis
594 2173 715 2202 tamen
743 2179 838 2215 quae
864 2167 1073 2204 Macrobius
1099 2169 1180 2205 Sat.
1203 2174 1238 2217 1,
1263 2173 1310 2207 12
1335 2174 1498 2222 exponit,

42 2228 150 2264 fidem
186 2226 325 2264 faciunt
362 2239 434 2263 non
467 2234 542 2263 tam
580 2228 767 2277 insigniter
801 2241 821 2265 a
859 2230 986 2266 Cincio
1024 2237 1059 2266 et
1095 2231 1261 2268 Varrone
1295 2232 1499 2273 discessisse

42 2289 234 2337 Verrium,
274 2296 314 2326 ut
347 2289 396 2325 illi
433 2291 646 2339 negaueriut
674 2291 784 2327 ullum
812 2291 1023 2328 sacrificium
1051 2305 1119 2342 per
1147 2300 1263 2330 totum
1290 2307 1451 2333 mensem
1476 2310 1498 2334 a

41 2352 237 2388 maioribus
258 2352 393 2388 Veneri
419 2353 618 2389 institutum
646 2365 740 2400 esse,
768 2353 828 2389 liic
848 2354 915 2389 tria
942 2353 1196 2403 affirmauerit,
1222 2367 1336 2393 unum
1357 2357 1498 2395 Kalen-

41 2413 122 2461 dis,
157 2413 230 2450 duo
257 2414 457 2451 Vinalibus.
512 2405 678 2461 Accedit,
714 2416 812 2465 quod
840 2416 994 2452 alterum
1021 2417 1194 2466 templum
1222 2419 1322 2467 apud
1347 2420 1497 2458 Festum

42 2484 362 2512 commemoratum
397 2477 432 2512 in
467 2477 568 2513 fastis
597 2477 885 2527 Capranicorum
919 2478 1180 2527 posterioribus
1215 2480 1404 2518 vinalibus
1439 2494 1498 2519 as-

43 2537 216 2586 signatur.
269 2539 359 2575 Vtut
386 2546 454 2586 est,
480 2541 509 2575 si
527 2539 741 2587 Muellerus,
769 2539 868 2589 quod
894 2538 1017 2577 facere
1045 2540 1201 2588 uidetur,
1229 2551 1413 2592 postrema
1435 2545 1497 2581 Vi-

43 2599 139 2635 nalia
167 2612 296 2636 nomen
323 2600 491 2641 habuisse
517 2604 652 2639 a'vino
679 2602 836 2637 animum
863 2602 1017 2650 induxit,
1044 2605 1171 2641 statuit
1196 2605 1231 2641 iu
1259 2612 1414 2656 utroque
1440 2607 1496 2643 fe-

43 2659 177 2697 riarum
203 2662 346 2699 nomine
380 2662 560 2713 duplicem
597 2665 896 2714 originationem,
934 2676 955 2701 a
983 2666 1066 2702 uino
1093 2660 1129 2703 et
1156 2678 1178 2703 a
1204 2667 1368 2716 Venere,
1404 2668 1496 2714 siue,
1519 2671 1523 2674 ”
