<?xml version="1.0" encoding="UTF-8"?>
<!DOCTYPE html PUBLIC "-//W3C//DTD XHTML 1.0 Transitional//EN"
    "http://www.w3.org/TR/xhtml1/DTD/xhtml1-transitional.dtd">
<html xmlns="http://www.w3.org/1999/xhtml" xml:lang="en" lang="en">
 <head>
  <title>
</title>
<meta http-equiv="Content-Type" content="text/html;charset=utf-8" />
  <meta name='ocr-system' content='tesseract 3.04.00' />
  <meta name='ocr-capabilities' content='ocr_page ocr_carea ocr_par ocr_line ocrx_word'/>
</head>
<body>
  <div class='ocr_page' id='page_1' title='image "./fastorumlibrisex00oviduoft_0318.png"; bbox 0 0 1685 2954; ppageno 0'>
   <div class='ocr_carea' id='block_1_1' title="bbox 148 65 1022 114">
    <p class='ocr_par' dir='ltr' id='par_1_1' title="bbox 148 65 1022 114">
     <span class='ocr_line' id='line_1_1' title="bbox 148 65 1022 114; baseline 0.005 -4"><span class='ocrx_word' id='word_1_1' title='bbox 148 65 198 110; x_wconf 89' lang='grc'><strong>16</strong></span> <span class='ocrx_word' id='word_1_2' title='bbox 668 83 1022 114; x_wconf 60' lang='grc' dir='ltr'><strong>’.ΡΛεΤοιινΜ</strong></span> 
     </span>
    </p>
   </div>
   <div class='ocr_carea' id='block_1_2' title="bbox 192 179 1585 1238">
    <p class='ocr_par' dir='ltr' id='par_1_2' title="bbox 192 179 1585 1238">
     <span class='ocr_line' id='line_1_2' title="bbox 199 179 1208 239; baseline 0.006 -18"><span class='ocrx_word' id='word_1_3' title='bbox 199 179 341 235; x_wconf 91' lang='lat' dir='ltr'><strong>thuc</strong></span> <span class='ocrx_word' id='word_1_4' title='bbox 368 179 474 221; x_wconf 88' lang='lat' dir='ltr'><strong>leuis</strong></span> <span class='ocrx_word' id='word_1_5' title='bbox 503 185 658 235; x_wconf 84' lang='lat' dir='ltr'><strong>custos,</strong></span> <span class='ocrx_word' id='word_1_6' title='bbox 687 184 849 225; x_wconf 84' lang='lat' dir='ltr'>armillis</span> <span class='ocrx_word' id='word_1_7' title='bbox 878 190 1001 239; x_wconf 87' lang='lat' dir='ltr'><strong>capta</strong></span> <span class='ocrx_word' id='word_1_8' title='bbox 1030 185 1208 238; x_wconf 85' lang='lat' dir='ltr'><strong>Sabinis,</strong></span> 
     </span>
     <span class='ocr_line' id='line_1_3' title="bbox 256 248 1154 295; baseline 0.006 -6"><span class='ocrx_word' id='word_1_9' title='bbox 256 248 322 289; x_wconf 86' lang='lat' dir='ltr'><strong>Ad</strong></span> <span class='ocrx_word' id='word_1_10' title='bbox 350 260 534 288; x_wconf 89' lang='lat' dir='ltr'><strong>summae</strong></span> <span class='ocrx_word' id='word_1_11' title='bbox 560 249 712 291; x_wconf 90' lang='lat' dir='ltr'><strong>tacitos</strong></span> <span class='ocrx_word' id='word_1_12' title='bbox 738 251 898 292; x_wconf 87' lang='lat' dir='ltr'><strong>duxerit</strong></span> <span class='ocrx_word' id='word_1_13' title='bbox 927 253 1035 293; x_wconf 85' lang='lat' dir='ltr'><strong>arcis</strong></span> <span class='ocrx_word' id='word_1_14' title='bbox 1062 253 1154 295; x_wconf 88' lang='lat' dir='ltr'><strong>iter.</strong></span> 
     </span>
     <span class='ocr_line' id='line_1_4' title="bbox 199 316 1404 376; baseline 0.005 -20"><span class='ocrx_word' id='word_1_15' title='bbox 199 316 310 369; x_wconf 87' lang='lat' dir='ltr'><strong>Inde,</strong></span> <span class='ocrx_word' id='word_1_16' title='bbox 337 316 450 356; x_wconf 91' lang='lat' dir='ltr'><strong>uelut</strong></span> <span class='ocrx_word' id='word_1_17' title='bbox 477 328 585 356; x_wconf 88' lang='lat' dir='ltr'><strong>nunc</strong></span> <span class='ocrx_word' id='word_1_18' title='bbox 614 323 693 370; x_wconf 87' lang='lat' dir='ltr'><strong>est,</strong></span> <span class='ocrx_word' id='word_1_19' title='bbox 721 331 793 372; x_wconf 88' lang='lat' dir='ltr'><strong>per</strong></span> <span class='ocrx_word' id='word_1_20' title='bbox 818 332 939 373; x_wconf 90' lang='lat' dir='ltr'><strong>quem</strong></span> <span class='ocrx_word' id='word_1_21' title='bbox 969 319 1233 373; x_wconf 81' lang='lat' dir='ltr'><strong>descenditis,</strong></span> <span class='ocrx_word' id='word_1_22' title='bbox 1264 321 1404 376; x_wconf 87' lang='lat' dir='ltr'><strong>inquit,</strong></span> 
     </span>
     <span class='ocr_line' id='line_1_5' title="bbox 253 383 1142 438; baseline 0.004 -14"><span class='ocrx_word' id='word_1_23' title='bbox 253 383 418 424; x_wconf 88' lang='lat' dir='ltr'><strong>Arduus</strong></span> <span class='ocrx_word' id='word_1_24' title='bbox 442 384 482 423; x_wconf 91' lang='lat' dir='ltr'><strong>in</strong></span> <span class='ocrx_word' id='word_1_25' title='bbox 511 383 640 423; x_wconf 89' lang='lat' dir='ltr'><strong>ualles</strong></span> <span class='ocrx_word' id='word_1_26' title='bbox 668 397 739 438; x_wconf 87' lang='lat' dir='ltr'><strong>per</strong></span> <span class='ocrx_word' id='word_1_27' title='bbox 767 386 854 426; x_wconf 89' lang='lat' dir='ltr'><strong>fora</strong></span> <span class='ocrx_word' id='word_1_28' title='bbox 879 385 1011 428; x_wconf 90' lang='lat' dir='ltr'><strong>cliuus</strong></span> <span class='ocrx_word' id='word_1_29' title='bbox 1043 393 1142 428; x_wconf 86' lang='lat' dir='ltr'><strong>erat.</strong></span> 
     </span>
     <span class='ocr_line' id='line_1_6' title="bbox 197 450 1584 506; baseline 0.006 -14"><span class='ocrx_word' id='word_1_30' title='bbox 197 451 254 492; x_wconf 87' lang='lat' dir='ltr'><strong>Et</strong></span> <span class='ocrx_word' id='word_1_31' title='bbox 280 450 361 491; x_wconf 90' lang='lat' dir='ltr'><strong>iam</strong></span> <span class='ocrx_word' id='word_1_32' title='bbox 390 451 650 505; x_wconf 83' lang='lat' dir='ltr'><strong>contigerant</strong></span> <span class='ocrx_word' id='word_1_33' title='bbox 677 459 847 506; x_wconf 86' lang='lat' dir='ltr'><strong>portam,</strong></span> <span class='ocrx_word' id='word_1_34' title='bbox 880 455 1072 495; x_wconf 86' lang='lat' dir='ltr'><strong>Saturnia</strong></span> <span class='ocrx_word' id='word_1_35' title='bbox 1097 456 1214 496; x_wconf 85' lang='lat' dir='ltr'><strong>cuius</strong></span> <span class='ocrx_word' id='word_1_36' title='bbox 1503 462 1584 500; x_wconf 86' lang='grc'><strong>265</strong></span> 
     </span>
     <span class='ocr_line' id='line_1_7' title="bbox 251 519 1123 573; baseline 0.005 -15"><span class='ocrx_word' id='word_1_37' title='bbox 251 519 497 571; x_wconf 89' lang='lat' dir='ltr'><strong>Dempserat</strong></span> <span class='ocrx_word' id='word_1_38' title='bbox 525 520 736 573; x_wconf 90' lang='lat' dir='ltr'><strong>oppositas</strong></span> <span class='ocrx_word' id='word_1_39' title='bbox 765 520 966 562; x_wconf 89' lang='lat' dir='ltr'><strong>insidiosa</strong></span> <span class='ocrx_word' id='word_1_40' title='bbox 995 534 1123 563; x_wconf 86' lang='lat' dir='ltr'><strong>seras.</strong></span> 
     </span>
     <span class='ocr_line' id='line_1_8' title="bbox 196 586 1315 645; baseline 0.004 -17"><span class='ocrx_word' id='word_1_41' title='bbox 196 586 304 628; x_wconf 90' lang='lat' dir='ltr'><strong>Cum</strong></span> <span class='ocrx_word' id='word_1_42' title='bbox 332 592 447 627; x_wconf 89' lang='lat' dir='ltr'><strong>tanto</strong></span> <span class='ocrx_word' id='word_1_43' title='bbox 476 588 629 629; x_wconf 90' lang='lat' dir='ltr'><strong>ueritus</strong></span> <span class='ocrx_word' id='word_1_44' title='bbox 660 586 914 630; x_wconf 81' lang='lat' dir='ltr'><strong>committere</strong></span> <span class='ocrx_word' id='word_1_45' title='bbox 942 590 1106 629; x_wconf 89' lang='lat' dir='ltr'><strong>numine</strong></span> <span class='ocrx_word' id='word_1_46' title='bbox 1132 603 1315 645; x_wconf 86' lang='lat' dir='ltr'><strong>pugnam</strong></span> 
     </span>
     <span class='ocr_line' id='line_1_9' title="bbox 250 655 1164 708; baseline 0.002 -14"><span class='ocrx_word' id='word_1_47' title='bbox 250 656 346 707; x_wconf 88' lang='lat' dir='ltr'><strong>Ipse</strong></span> <span class='ocrx_word' id='word_1_48' title='bbox 374 667 493 695; x_wconf 89' lang='lat' dir='ltr'><strong>meae</strong></span> <span class='ocrx_word' id='word_1_49' title='bbox 521 656 628 696; x_wconf 92' lang='lat' dir='ltr'><strong>moui</strong></span> <span class='ocrx_word' id='word_1_50' title='bbox 656 655 826 696; x_wconf 89' lang='lat' dir='ltr'><strong>callidus</strong></span> <span class='ocrx_word' id='word_1_51' title='bbox 856 655 955 695; x_wconf 85' lang='lat' dir='ltr'><strong>artis</strong></span> <span class='ocrx_word' id='word_1_52' title='bbox 985 668 1100 708; x_wconf 90' lang='lat' dir='ltr'><strong>opus,</strong></span> <span class='ocrx_word' id='word_1_53' title='bbox 1159 669 1164 672; x_wconf 65' lang='grc'><strong>“</strong></span> 
     </span>
     <span class='ocr_line' id='line_1_10' title="bbox 196 721 1274 776; baseline 0.004 -14"><span class='ocrx_word' id='word_1_54' title='bbox 196 721 371 775; x_wconf 82' lang='lat' dir='ltr'><strong>Oraque,</strong></span> <span class='ocrx_word' id='word_1_55' title='bbox 398 735 478 775; x_wconf 86' lang='lat' dir='ltr'><strong>qua</strong></span> <span class='ocrx_word' id='word_1_56' title='bbox 503 724 660 776; x_wconf 88' lang='lat' dir='ltr'><strong>pollens</strong></span> <span class='ocrx_word' id='word_1_57' title='bbox 689 735 768 774; x_wconf 92' lang='lat' dir='ltr'><strong>ope</strong></span> <span class='ocrx_word' id='word_1_58' title='bbox 798 734 903 774; x_wconf 91' lang='lat' dir='ltr'><strong>sum,</strong></span> <span class='ocrx_word' id='word_1_59' title='bbox 930 722 1099 763; x_wconf 88' lang='lat' dir='ltr'><strong>fontana</strong></span> <span class='ocrx_word' id='word_1_60' title='bbox 1126 724 1274 766; x_wconf 86' lang='lat' dir='ltr'><strong>reclusi</strong></span> 
     </span>
     <span class='ocr_line' id='line_1_11' title="bbox 251 789 1585 844; baseline 0.003 -14"><span class='ocrx_word' id='word_1_61' title='bbox 251 790 433 843; x_wconf 84' lang='lat' dir='ltr'><strong>Sumque</strong></span> <span class='ocrx_word' id='word_1_62' title='bbox 461 789 695 844; x_wconf 88' lang='lat' dir='ltr'><strong>repentinas</strong></span> <span class='ocrx_word' id='word_1_63' title='bbox 725 789 950 829; x_wconf 84' lang='lat' dir='ltr'><strong>eiaculatus</strong></span> <span class='ocrx_word' id='word_1_64' title='bbox 983 802 1127 844; x_wconf 88' lang='lat' dir='ltr'><strong>aquas.</strong></span> <span class='ocrx_word' id='word_1_65' title='bbox 1503 799 1585 836; x_wconf 84' lang='lat'><strong>270</strong></span> 
     </span>
     <span class='ocr_line' id='line_1_12' title="bbox 193 856 1240 914; baseline 0 -15"><span class='ocrx_word' id='word_1_66' title='bbox 193 859 304 899; x_wconf 84' lang='lat' dir='ltr'><strong>Ante</strong></span> <span class='ocrx_word' id='word_1_67' title='bbox 332 863 470 898; x_wconf 88' lang='lat' dir='ltr'><strong>tamen</strong></span> <span class='ocrx_word' id='word_1_68' title='bbox 497 856 671 898; x_wconf 83' lang='lat' dir='ltr'><strong>madidis</strong></span> <span class='ocrx_word' id='word_1_69' title='bbox 701 857 857 914; x_wconf 79' lang='lat' dir='ltr'><strong>subieci</strong></span> <span class='ocrx_word' id='word_1_70' title='bbox 886 857 1081 910; x_wconf 84' lang='lat' dir='ltr'><strong>sulphura</strong></span> <span class='ocrx_word' id='word_1_71' title='bbox 1109 858 1240 911; x_wconf 77' lang='lat' dir='ltr'><strong>uenis,</strong></span> 
     </span>
     <span class='ocr_line' id='line_1_13' title="bbox 248 923 1186 966; baseline 0.001 -1"><span class='ocrx_word' id='word_1_72' title='bbox 248 923 470 966; x_wconf 86' lang='lat' dir='ltr'><strong>Clauderet</strong></span> <span class='ocrx_word' id='word_1_73' title='bbox 496 931 543 965; x_wconf 91' lang='lat' dir='ltr'><strong>ut</strong></span> <span class='ocrx_word' id='word_1_74' title='bbox 571 925 689 965; x_wconf 88' lang='lat' dir='ltr'><strong>Tatio</strong></span> <span class='ocrx_word' id='word_1_75' title='bbox 719 923 897 966; x_wconf 84' lang='lat' dir='ltr'><strong>feruidus</strong></span> <span class='ocrx_word' id='word_1_76' title='bbox 926 924 1067 965; x_wconf 90' lang='lat' dir='ltr'><strong>humor</strong></span> <span class='ocrx_word' id='word_1_77' title='bbox 1096 924 1186 966; x_wconf 90' lang='lat' dir='ltr'><strong>iter.</strong></span> 
     </span>
     <span class='ocr_line' id='line_1_14' title="bbox 193 991 1172 1046; baseline -0.001 -13"><span class='ocrx_word' id='word_1_78' title='bbox 193 991 324 1034; x_wconf 89' lang='lat' dir='ltr'><strong>Cuius</strong></span> <span class='ocrx_word' id='word_1_79' title='bbox 352 997 400 1032; x_wconf 93' lang='lat' dir='ltr'><strong>ut</strong></span> <span class='ocrx_word' id='word_1_80' title='bbox 426 993 581 1032; x_wconf 88' lang='lat' dir='ltr'><strong>utilitas</strong></span> <span class='ocrx_word' id='word_1_81' title='bbox 610 992 738 1044; x_wconf 87' lang='lat' dir='ltr'><strong>pulsis</strong></span> <span class='ocrx_word' id='word_1_82' title='bbox 765 998 965 1045; x_wconf 88' lang='lat' dir='ltr'><strong>percepta</strong></span> <span class='ocrx_word' id='word_1_83' title='bbox 992 993 1172 1046; x_wconf 82' lang='lat' dir='ltr'><strong>Sabinis,</strong></span> 
     </span>
     <span class='ocr_line' id='line_1_15' title="bbox 250 1057 1230 1111; baseline 0.004 -14"><span class='ocrx_word' id='word_1_84' title='bbox 250 1057 369 1109; x_wconf 82' lang='lat' dir='ltr'><strong>Quae</strong></span> <span class='ocrx_word' id='word_1_85' title='bbox 397 1058 542 1111; x_wconf 86' lang='lat' dir='ltr'><strong>fuerat,</strong></span> <span class='ocrx_word' id='word_1_86' title='bbox 572 1064 662 1099; x_wconf 90' lang='lat' dir='ltr'><strong>tuto</strong></span> <span class='ocrx_word' id='word_1_87' title='bbox 691 1058 848 1100; x_wconf 88' lang='lat' dir='ltr'><strong>reddita</strong></span> <span class='ocrx_word' id='word_1_88' title='bbox 874 1061 1002 1101; x_wconf 87' lang='lat' dir='ltr'><strong>forma</strong></span> <span class='ocrx_word' id='word_1_89' title='bbox 1030 1062 1121 1102; x_wconf 87' lang='lat' dir='ltr'><strong>loco</strong></span> <span class='ocrx_word' id='word_1_90' title='bbox 1151 1065 1230 1101; x_wconf 87' lang='lat' dir='ltr'><strong>est.</strong></span> 
     </span>
     <span class='ocr_line' id='line_1_16' title="bbox 192 1125 1584 1179; baseline 0.003 -14"><span class='ocrx_word' id='word_1_91' title='bbox 192 1125 278 1166; x_wconf 87' lang='lat' dir='ltr'><strong>Ara</strong></span> <span class='ocrx_word' id='word_1_92' title='bbox 305 1125 399 1165; x_wconf 89' lang='lat' dir='ltr'><strong>mihi</strong></span> <span class='ocrx_word' id='word_1_93' title='bbox 424 1126 560 1178; x_wconf 90' lang='lat' dir='ltr'><strong>posita</strong></span> <span class='ocrx_word' id='word_1_94' title='bbox 589 1131 655 1166; x_wconf 90' lang='lat' dir='ltr'><strong>est</strong></span> <span class='ocrx_word' id='word_1_95' title='bbox 682 1139 808 1179; x_wconf 87' lang='lat' dir='ltr'><strong>paruo</strong></span> <span class='ocrx_word' id='word_1_96' title='bbox 838 1128 1055 1169; x_wconf 88' lang='lat' dir='ltr'><strong>coniuncta</strong></span> <span class='ocrx_word' id='word_1_97' title='bbox 1083 1128 1259 1169; x_wconf 90' lang='lat' dir='ltr'><strong>sacello:</strong></span> <span class='ocrx_word' id='word_1_98' title='bbox 1504 1130 1584 1169; x_wconf 87' lang='lat'><strong>275</strong></span> 
     </span>
     <span class='ocr_line' id='line_1_17' title="bbox 248 1193 1255 1238; baseline 0.001 -4"><span class='ocrx_word' id='word_1_99' title='bbox 248 1194 370 1234; x_wconf 90' lang='lat' dir='ltr'><strong>Haec</strong></span> <span class='ocrx_word' id='word_1_100' title='bbox 398 1193 535 1233; x_wconf 89' lang='lat' dir='ltr'><strong>adolet</strong></span> <span class='ocrx_word' id='word_1_101' title='bbox 559 1194 733 1235; x_wconf 87' lang='lat' dir='ltr'><strong>flammis</strong></span> <span class='ocrx_word' id='word_1_102' title='bbox 760 1207 853 1236; x_wconf 88' lang='lat' dir='ltr'><strong>cum</strong></span> <span class='ocrx_word' id='word_1_103' title='bbox 882 1201 993 1236; x_wconf 90' lang='lat' dir='ltr'><strong>strue</strong></span> <span class='ocrx_word' id='word_1_104' title='bbox 1022 1197 1126 1238; x_wconf 87' lang='lat' dir='ltr'><strong>farra</strong></span> <span class='ocrx_word' id='word_1_105' title='bbox 1155 1196 1255 1237; x_wconf 92' lang='lat' dir='ltr'><strong>suis.</strong></span> 
     </span>
    </p>
   </div>
   <div class='ocr_carea' id='block_1_3' title="bbox 194 1286 1587 1338">
    <p class='ocr_par' dir='ltr' id='par_1_3' title="bbox 194 1286 1587 1338">
     <span class='ocr_line' id='line_1_18' title="bbox 194 1286 1587 1338; baseline -0.001 -13"><span class='ocrx_word' id='word_1_106' title='bbox 194 1290 280 1325; x_wconf 87' lang='lat'>261.</span> <span class='ocrx_word' id='word_1_107' title='bbox 310 1292 429 1337; x_wconf 87' lang='lat' dir='ltr'><strong>Atque</strong></span> <span class='ocrx_word' id='word_1_108' title='bbox 454 1287 545 1324; x_wconf 86' lang='lat' dir='ltr'><strong>leuis</strong></span> <span class='ocrx_word' id='word_1_109' title='bbox 563 1286 611 1324; x_wconf 93' lang='grc' dir='ltr'><strong>Γ.</strong></span> <span class='ocrx_word' id='word_1_110' title='bbox 651 1296 758 1338; x_wconf 85' lang='lat' dir='ltr'><strong>capta</strong></span> <span class='ocrx_word' id='word_1_111' title='bbox 779 1290 920 1327; x_wconf 82' lang='lat' dir='ltr'><strong>sabinas</strong></span> <span class='ocrx_word' id='word_1_112' title='bbox 944 1303 964 1327; x_wconf 84' lang='lat' dir='ltr'><strong>r</strong></span> <span class='ocrx_word' id='word_1_113' title='bbox 982 1303 1056 1328; x_wconf 79' lang='lat' dir='ltr'><strong>ma.</strong></span> <span class='ocrx_word' id='word_1_114' title='bbox 1072 1303 1128 1338; x_wconf 81' lang='lat' dir='ltr'><strong>pr.</strong></span> <span class='ocrx_word' id='word_1_115' title='bbox 1154 1290 1180 1328; x_wconf 73' lang='lat' dir='ltr'><strong><em>h</em></strong></span> <span class='ocrx_word' id='word_1_116' title='bbox 1200 1302 1274 1327; x_wconf 77' lang='lat' dir='ltr'><strong>ma.</strong></span> <span class='ocrx_word' id='word_1_117' title='bbox 1291 1300 1360 1325; x_wconf 85' lang='lat' dir='ltr'><strong>sec.</strong></span> <span class='ocrx_word' id='word_1_118' title='bbox 1399 1293 1506 1337; x_wconf 84' lang='lat' dir='ltr'><strong>capta</strong></span> <span class='ocrx_word' id='word_1_119' title='bbox 1528 1299 1587 1324; x_wconf 85' lang='lat' dir='ltr'><strong>sa-</strong></span> 
     </span>
    </p>
   </div>
   <div class='ocr_carea' id='block_1_4' title="bbox 60 1337 1586 1389">
    <p class='ocr_par' dir='ltr' id='par_1_4' title="bbox 60 1337 1586 1389">
     <span class='ocr_line' id='line_1_19' title="bbox 60 1337 1586 1389; baseline 0.002 -16"><span class='ocrx_word' id='word_1_120' title='bbox 60 1338 73 1373; x_wconf 48' lang='lat' dir='ltr'><em>g</em></span> <span class='ocrx_word' id='word_1_121' title='bbox 139 1339 242 1376; x_wconf 88' lang='lat' dir='ltr'><strong>binos</strong></span> <span class='ocrx_word' id='word_1_122' title='bbox 269 1338 430 1376; x_wconf 85' lang='lat' dir='ltr'><strong><em>ABGE</em></strong></span> <span class='ocrx_word' id='word_1_123' title='bbox 454 1350 529 1375; x_wconf 81' lang='lat' dir='ltr'><strong>ma.</strong></span> <span class='ocrx_word' id='word_1_124' title='bbox 548 1351 617 1375; x_wconf 81' lang='lat' dir='ltr'><strong>sec.</strong></span> <span class='ocrx_word' id='word_1_125' title='bbox 646 1342 723 1376; x_wconf 88' lang='lat' dir='ltr'><strong>FG</strong></span> <span class='ocrx_word' id='word_1_126' title='bbox 738 1337 1081 1378; x_wconf 61' lang='lat' dir='ltr'><em>‹DFAMNPfff</em></span> <span class='ocrx_word' id='word_1_127' title='bbox 1102 1354 1176 1377; x_wconf 78' lang='lat' dir='ltr'><strong>ma.</strong></span> <span class='ocrx_word' id='word_1_128' title='bbox 1197 1352 1254 1389; x_wconf 79' lang='lat' dir='ltr'><strong>pr.</strong></span> <span class='ocrx_word' id='word_1_129' title='bbox 1275 1337 1405 1387; x_wconf 76' lang='lat' dir='ltr'><strong>Abf9</strong></span> <span class='ocrx_word' id='word_1_130' title='bbox 1431 1350 1506 1375; x_wconf 81' lang='lat' dir='ltr'><strong>ma.</strong></span> <span class='ocrx_word' id='word_1_131' title='bbox 1525 1350 1586 1387; x_wconf 79' lang='lat' dir='ltr'><strong>pr.</strong></span> 
     </span>
    </p>
   </div>
   <div class='ocr_carea' id='block_1_5' title="bbox 133 1390 1633 2446">
    <p class='ocr_par' dir='ltr' id='par_1_5' title="bbox 133 1390 1633 2446">
     <span class='ocr_line' id='line_1_20' title="bbox 138 1390 1586 1439; baseline -0.001 -12"><span class='ocrx_word' id='word_1_132' title='bbox 138 1390 165 1427; x_wconf 72' lang='lat' dir='ltr'><strong><em>h</em></strong></span> <span class='ocrx_word' id='word_1_133' title='bbox 188 1402 263 1426; x_wconf 64' lang='lat' dir='ltr'><strong>ma«.</strong></span> <span class='ocrx_word' id='word_1_134' title='bbox 279 1401 335 1437; x_wconf 79' lang='lat' dir='ltr'><strong>pr.</strong></span> <span class='ocrx_word' id='word_1_135' title='bbox 361 1401 430 1437; x_wconf 72' lang='grc' dir='ltr'><strong>πη)</strong></span> <span class='ocrx_word' id='word_1_136' title='bbox 455 1401 530 1425; x_wconf 73' lang='lat' dir='ltr'><strong>mm.</strong></span> <span class='ocrx_word' id='word_1_137' title='bbox 546 1401 604 1437; x_wconf 79' lang='lat' dir='ltr'><strong>pr.</strong></span> <span class='ocrx_word' id='word_1_138' title='bbox 632 1401 652 1426; x_wconf 90' lang='lat' dir='ltr'><strong>r</strong></span> <span class='ocrx_word' id='word_1_139' title='bbox 676 1402 750 1426; x_wconf 78' lang='lat' dir='ltr'><strong>ma.</strong></span> <span class='ocrx_word' id='word_1_140' title='bbox 767 1403 835 1427; x_wconf 82' lang='lat' dir='ltr'><strong>sec.</strong></span> <span class='ocrx_word' id='word_1_141' title='bbox 862 1393 993 1439; x_wconf 64' lang='lat' dir='ltr'><strong>uiginti</strong></span> <span class='ocrx_word' id='word_1_142' title='bbox 1018 1390 1093 1437; x_wconf 74' lang='lat' dir='ltr'><strong>fere</strong></span> <span class='ocrx_word' id='word_1_143' title='bbox 1118 1396 1152 1427; x_wconf 81' lang='lat' dir='ltr'><strong>et</strong></span> <span class='ocrx_word' id='word_1_144' title='bbox 1177 1395 1263 1426; x_wconf 80' lang='lat' dir='ltr'><strong>uett.</strong></span> <span class='ocrx_word' id='word_1_145' title='bbox 1290 1391 1396 1437; x_wconf 74' lang='lat' dir='ltr'><strong>impr.</strong></span> <span class='ocrx_word' id='word_1_146' title='bbox 1497 1391 1586 1425; x_wconf 85' lang='lat'><strong>262.</strong></span> 
     </span>
     <span class='ocr_line' id='line_1_21' title="bbox 137 1438 1586 1477; baseline 0 -1"><span class='ocrx_word' id='word_1_147' title='bbox 137 1439 195 1476; x_wconf 88' lang='lat' dir='ltr'><strong>Ad</strong></span> <span class='ocrx_word' id='word_1_148' title='bbox 223 1441 351 1476; x_wconf 86' lang='lat' dir='ltr'><strong>tacitos</strong></span> <span class='ocrx_word' id='word_1_149' title='bbox 377 1451 515 1475; x_wconf 86' lang='lat' dir='ltr'><strong>summe</strong></span> <span class='ocrx_word' id='word_1_150' title='bbox 541 1440 625 1475; x_wconf 82' lang='lat' dir='ltr'><strong>dux.</strong></span> <span class='ocrx_word' id='word_1_151' title='bbox 659 1438 710 1476; x_wconf 78' lang='lat' dir='ltr'><strong>(D.</strong></span> <span class='ocrx_word' id='word_1_152' title='bbox 760 1442 813 1476; x_wconf 86' lang='lat' dir='ltr'><strong>Ad</strong></span> <span class='ocrx_word' id='word_1_153' title='bbox 850 1444 996 1477; x_wconf 80' lang='lat' dir='ltr'><strong>tacitum</strong></span> <span class='ocrx_word' id='word_1_154' title='bbox 1024 1453 1186 1477; x_wconf 86' lang='lat' dir='ltr'><strong>summae</strong></span> <span class='ocrx_word' id='word_1_155' title='bbox 1213 1441 1297 1476; x_wconf 82' lang='lat' dir='ltr'><strong>dux.</strong></span> <span class='ocrx_word' id='word_1_156' title='bbox 1324 1441 1375 1475; x_wconf 89' lang='lat' dir='ltr'><strong>K.</strong></span> <span class='ocrx_word' id='word_1_157' title='bbox 1424 1450 1586 1476; x_wconf 85' lang='lat' dir='ltr'><strong>summae</strong></span> 
     </span>
     <span class='ocr_line' id='line_1_22' title="bbox 138 1489 1587 1537; baseline -0.001 -11"><span class='ocrx_word' id='word_1_158' title='bbox 138 1491 270 1527; x_wconf 85' lang='lat' dir='ltr'><strong>tacium</strong></span> <span class='ocrx_word' id='word_1_159' title='bbox 298 1489 384 1525; x_wconf 80' lang='lat' dir='ltr'><strong>(lux.</strong></span> <span class='ocrx_word' id='word_1_160' title='bbox 411 1492 447 1526; x_wconf 90' lang='lat' dir='ltr'><strong><em>D</em></strong></span> <span class='ocrx_word' id='word_1_161' title='bbox 474 1492 524 1525; x_wconf 89' lang='lat'><strong>47</strong></span> <span class='ocrx_word' id='word_1_162' title='bbox 547 1490 658 1537; x_wconf 73' lang='lat' dir='ltr'><strong>yloss.</strong></span> <span class='ocrx_word' id='word_1_163' title='bbox 684 1492 724 1526; x_wconf 68' lang='lat' dir='ltr'><strong>in</strong></span> <span class='ocrx_word' id='word_1_164' title='bbox 749 1490 818 1534; x_wconf 86' lang='lat' dir='ltr'><strong>A;</strong></span> <span class='ocrx_word' id='word_1_165' title='bbox 847 1495 881 1527; x_wconf 89' lang='grc' dir='ltr'><strong>Ε</strong></span> <span class='ocrx_word' id='word_1_166' title='bbox 905 1504 988 1528; x_wconf 78' lang='lat' dir='ltr'><strong>uar.</strong></span> <span class='ocrx_word' id='word_1_167' title='bbox 1016 1504 1087 1528; x_wconf 86' lang='lat' dir='ltr'><strong>scr.</strong></span> <span class='ocrx_word' id='word_1_168' title='bbox 1129 1502 1291 1527; x_wconf 82' lang='lat' dir='ltr'><strong>summae</strong></span> <span class='ocrx_word' id='word_1_169' title='bbox 1317 1490 1424 1524; x_wconf 83' lang='lat' dir='ltr'><strong>tatius</strong></span> <span class='ocrx_word' id='word_1_170' title='bbox 1447 1489 1534 1524; x_wconf 86' lang='lat' dir='ltr'><strong>dux.</strong></span> <span class='ocrx_word' id='word_1_171' title='bbox 1561 1489 1587 1526; x_wconf 77' lang='lat' dir='ltr'><em>h</em></span> 
     </span>
     <span class='ocr_line' id='line_1_23' title="bbox 136 1539 1586 1591; baseline -0.001 -14"><span class='ocrx_word' id='word_1_172' title='bbox 136 1553 212 1577; x_wconf 84' lang='lat' dir='ltr'><strong>ma.</strong></span> <span class='ocrx_word' id='word_1_173' title='bbox 227 1553 298 1577; x_wconf 83' lang='lat' dir='ltr'><strong>sec.</strong></span> <span class='ocrx_word' id='word_1_174' title='bbox 338 1551 500 1576; x_wconf 83' lang='lat' dir='ltr'><strong>summae</strong></span> <span class='ocrx_word' id='word_1_175' title='bbox 529 1541 639 1576; x_wconf 80' lang='lat' dir='ltr'><strong>tacios</strong></span> <span class='ocrx_word' id='word_1_176' title='bbox 665 1540 750 1577; x_wconf 82' lang='lat' dir='ltr'><strong>dux.</strong></span> <span class='ocrx_word' id='word_1_177' title='bbox 778 1539 868 1577; x_wconf 81' lang='grc' dir='ltr'><strong>ΠΣ</strong></span> <span class='ocrx_word' id='word_1_178' title='bbox 884 1546 933 1577; x_wconf 88' lang='grc'><strong>20</strong></span> <span class='ocrx_word' id='word_1_179' title='bbox 960 1541 1244 1591; x_wconf 77' lang='lat' dir='ltr'><strong>qmztuordccim3</strong></span> <span class='ocrx_word' id='word_1_180' title='bbox 1271 1541 1397 1576; x_wconf 86' lang='grc' dir='ltr'><strong>ΝΟΤ</strong></span> <span class='ocrx_word' id='word_1_181' title='bbox 1418 1550 1586 1576; x_wconf 80' lang='lat' dir='ltr'><strong>uar.scr.</strong></span> 
     </span>
     <span class='ocr_line' id='line_1_24' title="bbox 135 1588 1589 1639; baseline -0.001 -11"><span class='ocrx_word' id='word_1_182' title='bbox 135 1593 242 1628; x_wconf 84' lang='lat' dir='ltr'><strong>tatios</strong></span> <span class='ocrx_word' id='word_1_183' title='bbox 256 1592 317 1626; x_wconf 90' lang='lat'><strong>44.</strong></span> <span class='ocrx_word' id='word_1_184' title='bbox 351 1590 472 1627; x_wconf 85' lang='lat' dir='ltr'><strong>Gloss.</strong></span> <span class='ocrx_word' id='word_1_185' title='bbox 493 1589 534 1625; x_wconf 76' lang='lat' dir='ltr'><strong>b:</strong></span> <span class='ocrx_word' id='word_1_186' title='bbox 563 1589 706 1639; x_wconf 79' lang='lat' dir='ltr'><strong>tacitos]</strong></span> <span class='ocrx_word' id='word_1_187' title='bbox 734 1592 825 1628; x_wconf 88' lang='lat' dir='ltr'><strong>illos.</strong></span> <span class='ocrx_word' id='word_1_188' title='bbox 866 1595 941 1636; x_wconf 78' lang='lat' dir='ltr'><strong>Ira,</strong></span> <span class='ocrx_word' id='word_1_189' title='bbox 969 1592 1122 1635; x_wconf 84' lang='lat' dir='ltr'><strong>duxerit,</strong></span> <span class='ocrx_word' id='word_1_190' title='bbox 1148 1588 1423 1634; x_wconf 77' lang='lat' dir='ltr'><strong>ABFKMfr</strong></span> <span class='ocrx_word' id='word_1_191' title='bbox 1447 1589 1589 1638; x_wconf 75' lang='lat' dir='ltr'><strong>aliquot</strong></span> 
     </span>
     <span class='ocr_line' id='line_1_25' title="bbox 136 1639 1561 1691; baseline -0.001 -13"><span class='ocrx_word' id='word_1_192' title='bbox 136 1646 171 1678; x_wconf 86' lang='lat' dir='ltr'><strong>ct</strong></span> <span class='ocrx_word' id='word_1_193' title='bbox 189 1640 364 1687; x_wconf 73' lang='lat' dir='ltr'><strong>fortassis</strong></span> <span class='ocrx_word' id='word_1_194' title='bbox 388 1643 423 1677; x_wconf 91' lang='lat' dir='ltr'><strong><em>E</em></strong></span> <span class='ocrx_word' id='word_1_195' title='bbox 448 1639 512 1676; x_wconf 81' lang='lat' dir='ltr'><strong>sub</strong></span> <span class='ocrx_word' id='word_1_196' title='bbox 536 1652 686 1676; x_wconf 76' lang='lat' dir='ltr'><strong>rasura.</strong></span> <span class='ocrx_word' id='word_1_197' title='bbox 728 1641 880 1678; x_wconf 80' lang='lat' dir='ltr'><strong>duxerat</strong></span> <span class='ocrx_word' id='word_1_198' title='bbox 905 1642 1033 1691; x_wconf 73' lang='lat' dir='ltr'><strong>reliqui</strong></span> <span class='ocrx_word' id='word_1_199' title='bbox 1058 1654 1136 1677; x_wconf 82' lang='lat' dir='ltr'><strong>cum</strong></span> <span class='ocrx_word' id='word_1_200' title='bbox 1161 1645 1247 1677; x_wconf 75' lang='lat' dir='ltr'><strong>nott.</strong></span> <span class='ocrx_word' id='word_1_201' title='bbox 1271 1641 1376 1688; x_wconf 77' lang='lat' dir='ltr'><strong>impr.</strong></span> <span class='ocrx_word' id='word_1_202' title='bbox 1403 1639 1489 1675; x_wconf 80' lang='lat' dir='ltr'><strong>artis</strong></span> <span class='ocrx_word' id='word_1_203' title='bbox 1520 1640 1561 1677; x_wconf 80' lang='lat' dir='ltr'><strong>G.</strong></span> 
     </span>
     <span class='ocr_line' id='line_1_26' title="bbox 187 1688 1588 1741; baseline 0 -15"><span class='ocrx_word' id='word_1_204' title='bbox 187 1693 274 1727; x_wconf 84' lang='lat'><strong>263.</strong></span> <span class='ocrx_word' id='word_1_205' title='bbox 301 1691 351 1726; x_wconf 91' lang='lat' dir='ltr'><strong>Et</strong></span> <span class='ocrx_word' id='word_1_206' title='bbox 378 1691 488 1726; x_wconf 85' lang='lat' dir='ltr'><strong>ueluti</strong></span> <span class='ocrx_word' id='word_1_207' title='bbox 517 1702 610 1725; x_wconf 88' lang='lat' dir='ltr'><strong>nunc</strong></span> <span class='ocrx_word' id='word_1_208' title='bbox 635 1703 670 1737; x_wconf 78' lang='lat' dir='ltr'><strong>p.</strong></span> <span class='ocrx_word' id='word_1_209' title='bbox 711 1692 818 1728; x_wconf 88' lang='lat' dir='ltr'><strong>uelud</strong></span> <span class='ocrx_word' id='word_1_210' title='bbox 840 1692 962 1728; x_wconf 87' lang='lat' dir='ltr'><strong><em>EGb.</em></strong></span> <span class='ocrx_word' id='word_1_211' title='bbox 1003 1705 1070 1741; x_wconf 85' lang='lat' dir='ltr'><strong>per</strong></span> <span class='ocrx_word' id='word_1_212' title='bbox 1096 1703 1191 1740; x_wconf 81' lang='lat' dir='ltr'><strong>qnae</strong></span> <span class='ocrx_word' id='word_1_213' title='bbox 1216 1690 1316 1728; x_wconf 83' lang='lat' dir='ltr'><strong>desc.</strong></span> <span class='ocrx_word' id='word_1_214' title='bbox 1338 1692 1391 1726; x_wconf 85' lang='lat' dir='ltr'><strong>K.</strong></span> <span class='ocrx_word' id='word_1_215' title='bbox 1429 1688 1588 1726; x_wconf 85' lang='lat' dir='ltr'><strong>descen-</strong></span> 
     </span>
     <span class='ocr_line' id='line_1_27' title="bbox 135 1738 1586 1787; baseline 0.001 -10"><span class='ocrx_word' id='word_1_216' title='bbox 135 1740 252 1777; x_wconf 87' lang='lat' dir='ltr'><strong>dimus</strong></span> <span class='ocrx_word' id='word_1_217' title='bbox 279 1742 341 1776; x_wconf 91' lang='lat'><strong>40.</strong></span> <span class='ocrx_word' id='word_1_218' title='bbox 383 1740 578 1776; x_wconf 83' lang='lat' dir='ltr'><strong>decenditis</strong></span> <span class='ocrx_word' id='word_1_219' title='bbox 605 1738 652 1776; x_wconf 94' lang='grc' dir='ltr'><strong>Γ.</strong></span> <span class='ocrx_word' id='word_1_220' title='bbox 758 1743 845 1777; x_wconf 76' lang='grc'><strong>264.</strong></span> <span class='ocrx_word' id='word_1_221' title='bbox 875 1743 986 1778; x_wconf 83' lang='lat' dir='ltr'><strong>ualles</strong></span> <span class='ocrx_word' id='word_1_222' title='bbox 1014 1748 1050 1778; x_wconf 89' lang='lat' dir='ltr'><strong>et</strong></span> <span class='ocrx_word' id='word_1_223' title='bbox 1074 1742 1156 1777; x_wconf 78' lang='lat' dir='ltr'><strong>fora</strong></span> <span class='ocrx_word' id='word_1_224' title='bbox 1182 1743 1206 1777; x_wconf 92' lang='lat'>8</span> <span class='ocrx_word' id='word_1_225' title='bbox 1232 1751 1297 1777; x_wconf 70' lang='lat' dir='ltr'><strong>sex·</strong></span> <span class='ocrx_word' id='word_1_226' title='bbox 1323 1741 1410 1787; x_wconf 84' lang='lat' dir='ltr'><strong>(seo.</strong></span> <span class='ocrx_word' id='word_1_227' title='bbox 1433 1739 1586 1786; x_wconf 42' lang='lat' dir='ltr'><strong>schem).</strong></span> 
     </span>
     <span class='ocr_line' id='line_1_28' title="bbox 135 1790 1588 1840; baseline 0.001 -13"><span class='ocrx_word' id='word_1_228' title='bbox 135 1792 249 1827; x_wconf 85' lang='lat' dir='ltr'><strong>ualles</strong></span> <span class='ocrx_word' id='word_1_229' title='bbox 276 1790 321 1826; x_wconf 83' lang='lat' dir='ltr'><strong>ad</strong></span> <span class='ocrx_word' id='word_1_230' title='bbox 349 1791 427 1827; x_wconf 86' lang='lat' dir='ltr'><strong>sora</strong></span> <span class='ocrx_word' id='word_1_231' title='bbox 458 1792 542 1827; x_wconf 86' lang='lat' dir='ltr'><strong>BC.</strong></span> <span class='ocrx_word' id='word_1_232' title='bbox 645 1791 732 1827; x_wconf 82' lang='lat'><strong>265.</strong></span> <span class='ocrx_word' id='word_1_233' title='bbox 763 1793 807 1827; x_wconf 88' lang='lat' dir='ltr'><strong>At</strong></span> <span class='ocrx_word' id='word_1_234' title='bbox 834 1793 903 1828; x_wconf 80' lang='lat' dir='ltr'><strong>iam</strong></span> <span class='ocrx_word' id='word_1_235' title='bbox 935 1793 980 1829; x_wconf 87' lang='lat'><strong>0.</strong></span> <span class='ocrx_word' id='word_1_236' title='bbox 1020 1793 1273 1840; x_wconf 82' lang='lat' dir='ltr'><strong>contingerant</strong></span> <span class='ocrx_word' id='word_1_237' title='bbox 1301 1793 1346 1827; x_wconf 87' lang='lat' dir='ltr'><strong>E.</strong></span> <span class='ocrx_word' id='word_1_238' title='bbox 1386 1791 1588 1840; x_wconf 82' lang='lat' dir='ltr'><strong>contigerat</strong></span> 
     </span>
     <span class='ocr_line' id='line_1_29' title="bbox 135 1839 1633 1889; baseline 0 -10"><span class='ocrx_word' id='word_1_239' title='bbox 135 1841 289 1879; x_wconf 83' lang='lat' dir='ltr'><strong><em>ADFb</em></strong></span> <span class='ocrx_word' id='word_1_240' title='bbox 317 1843 395 1877; x_wconf 77' lang='lat'><strong>843</strong></span> <span class='ocrx_word' id='word_1_241' title='bbox 423 1846 515 1878; x_wconf 82' lang='lat' dir='ltr'><strong>octo.</strong></span> <span class='ocrx_word' id='word_1_242' title='bbox 566 1848 691 1889; x_wconf 80' lang='lat' dir='ltr'><strong>portas</strong></span> <span class='ocrx_word' id='word_1_243' title='bbox 725 1839 767 1878; x_wconf 65' lang='lat' dir='ltr'><strong>‘P</strong></span> <span class='ocrx_word' id='word_1_244' title='bbox 790 1854 870 1878; x_wconf 82' lang='lat' dir='ltr'><strong>uar.</strong></span> <span class='ocrx_word' id='word_1_245' title='bbox 898 1854 970 1879; x_wconf 86' lang='lat' dir='ltr'><strong>scr.</strong></span> <span class='ocrx_word' id='word_1_246' title='bbox 1019 1843 1180 1879; x_wconf 82' lang='lat' dir='ltr'><strong>saturnia</strong></span> <span class='ocrx_word' id='word_1_247' title='bbox 1207 1846 1326 1877; x_wconf 86' lang='lat' dir='ltr'><strong>custos</strong></span> <span class='ocrx_word' id='word_1_248' title='bbox 1358 1841 1397 1878; x_wconf 79' lang='lat' dir='ltr'><strong>G.</strong></span> <span class='ocrx_word' id='word_1_249' title='bbox 1447 1849 1587 1879; x_wconf 86' lang='lat' dir='ltr'><strong>saturn.</strong></span> <span class='ocrx_word' id='word_1_250' title='bbox 1630 1883 1633 1885; x_wconf 61' lang='grc'><em>,</em></span> 
     </span>
     <span class='ocr_line' id='line_1_30' title="bbox 135 1890 1515 1930; baseline 0 -2"><span class='ocrx_word' id='word_1_251' title='bbox 135 1893 223 1928; x_wconf 79' lang='lat' dir='ltr'><strong>iuno</strong></span> <span class='ocrx_word' id='word_1_252' title='bbox 256 1893 284 1929; x_wconf 85' lang='lat' dir='ltr'><strong><em>G</em></strong></span> <span class='ocrx_word' id='word_1_253' title='bbox 307 1903 390 1928; x_wconf 71' lang='lat' dir='ltr'><strong>nar.</strong></span> <span class='ocrx_word' id='word_1_254' title='bbox 417 1903 488 1928; x_wconf 86' lang='lat' dir='ltr'><strong>scr.</strong></span> <span class='ocrx_word' id='word_1_255' title='bbox 537 1893 696 1928; x_wconf 77' lang='lat' dir='ltr'><strong>saturnia</strong></span> <span class='ocrx_word' id='word_1_256' title='bbox 724 1893 855 1929; x_wconf 82' lang='lat' dir='ltr'><strong>coniux</strong></span> <span class='ocrx_word' id='word_1_257' title='bbox 887 1890 930 1929; x_wconf 74' lang='grc' dir='ltr'><em>Ψ</em></span> <span class='ocrx_word' id='word_1_258' title='bbox 951 1905 1034 1930; x_wconf 72' lang='lat' dir='ltr'><strong>aar.</strong></span> <span class='ocrx_word' id='word_1_259' title='bbox 1062 1904 1132 1929; x_wconf 87' lang='lat' dir='ltr'><strong>scr.</strong></span> <span class='ocrx_word' id='word_1_260' title='bbox 1177 1891 1339 1928; x_wconf 84' lang='lat' dir='ltr'><strong>saturnia</strong></span> <span class='ocrx_word' id='word_1_261' title='bbox 1365 1891 1450 1927; x_wconf 90' lang='lat' dir='ltr'><strong>ciuis</strong></span> <span class='ocrx_word' id='word_1_262' title='bbox 1477 1893 1515 1928; x_wconf 88' lang='grc'><strong>6.</strong></span> 
     </span>
     <span class='ocr_line' id='line_1_31' title="bbox 185 1941 1588 1991; baseline 0.001 -13"><span class='ocrx_word' id='word_1_263' title='bbox 185 1944 272 1978; x_wconf 90' lang='grc'><strong>266.</strong></span> <span class='ocrx_word' id='word_1_264' title='bbox 301 1942 485 1991; x_wconf 82' lang='lat' dir='ltr'><strong>appositas</strong></span> <span class='ocrx_word' id='word_1_265' title='bbox 511 1944 545 1977; x_wconf 92' lang='lat' dir='ltr'><strong><em>P</em></strong></span> <span class='ocrx_word' id='word_1_266' title='bbox 562 1945 622 1978; x_wconf 91' lang='grc'><strong>33.</strong></span> <span class='ocrx_word' id='word_1_267' title='bbox 664 1945 742 1989; x_wconf 78' lang='lat' dir='ltr'><strong>Ita,</strong></span> <span class='ocrx_word' id='word_1_268' title='bbox 770 1944 853 1990; x_wconf 88' lang='lat' dir='ltr'><strong>ins.‚</strong></span> <span class='ocrx_word' id='word_1_269' title='bbox 884 1945 1062 1980; x_wconf 80' lang='lat' dir='ltr'><em>BCDM</em></span> <span class='ocrx_word' id='word_1_270' title='bbox 1079 1944 1161 1979; x_wconf 79' lang='lat'><strong>520</strong></span> <span class='ocrx_word' id='word_1_271' title='bbox 1185 1941 1364 1979; x_wconf 61' lang='lat' dir='ltr'><strong>tredecim.</strong></span> <span class='ocrx_word' id='word_1_272' title='bbox 1409 1941 1588 1980; x_wconf 85' lang='lat' dir='ltr'><strong>inuidiosa</strong></span> 
     </span>
     <span class='ocr_line' id='line_1_32' title="bbox 135 1992 1588 2042; baseline -0.001 -13"><span class='ocrx_word' id='word_1_273' title='bbox 135 1992 264 2042; x_wconf 74' lang='lat' dir='ltr'><strong>reliqui</strong></span> <span class='ocrx_word' id='word_1_274' title='bbox 290 2005 370 2029; x_wconf 80' lang='lat' dir='ltr'><strong>cum</strong></span> <span class='ocrx_word' id='word_1_275' title='bbox 395 1997 481 2028; x_wconf 72' lang='lat' dir='ltr'><strong>neit.</strong></span> <span class='ocrx_word' id='word_1_276' title='bbox 509 1994 614 2040; x_wconf 75' lang='lat' dir='ltr'><strong>impr.</strong></span> <span class='ocrx_word' id='word_1_277' title='bbox 656 1993 843 2040; x_wconf 81' lang='lat' dir='ltr'><strong>ingeniosa</strong></span> <span class='ocrx_word' id='word_1_278' title='bbox 871 1995 913 2030; x_wconf 92' lang='lat' dir='ltr'><strong><em>N</em></strong></span> <span class='ocrx_word' id='word_1_279' title='bbox 930 2006 1013 2031; x_wconf 68' lang='lat' dir='ltr'><strong>mir.</strong></span> <span class='ocrx_word' id='word_1_280' title='bbox 1038 2006 1109 2031; x_wconf 85' lang='lat' dir='ltr'><strong>scr.</strong></span> <span class='ocrx_word' id='word_1_281' title='bbox 1211 1994 1297 2028; x_wconf 82' lang='lat'><strong>268.</strong></span> <span class='ocrx_word' id='word_1_282' title='bbox 1327 1992 1412 2032; x_wconf 85' lang='lat' dir='ltr'><strong>noui</strong></span> <span class='ocrx_word' id='word_1_283' title='bbox 1437 1992 1475 2028; x_wconf 81' lang='lat' dir='ltr'><strong><em>A</em></strong></span> <span class='ocrx_word' id='word_1_284' title='bbox 1499 1996 1588 2030; x_wconf 70' lang='lat' dir='ltr'><strong>teste</strong></span> 
     </span>
     <span class='ocr_line' id='line_1_33' title="bbox 139 2043 1585 2094; baseline -0.001 -14"><span class='ocrx_word' id='word_1_285' title='bbox 139 2045 254 2080; x_wconf 83' lang='lat' dir='ltr'><strong>Gron.</strong></span> <span class='ocrx_word' id='word_1_286' title='bbox 271 2045 342 2087; x_wconf 78' lang='lat'><strong>433</strong></span> <span class='ocrx_word' id='word_1_287' title='bbox 370 2054 393 2090; x_wconf 82' lang='lat' dir='ltr'><em>p</em></span> <span class='ocrx_word' id='word_1_288' title='bbox 415 2054 588 2079; x_wconf 78' lang='lat' dir='ltr'><strong>nar.·scr.</strong></span> <span class='ocrx_word' id='word_1_289' title='bbox 629 2044 727 2079; x_wconf 89' lang='lat' dir='ltr'><strong>moui</strong></span> <span class='ocrx_word' id='word_1_290' title='bbox 753 2043 954 2080; x_wconf 79' lang='lat' dir='ltr'><strong>calliditatis</strong></span> <span class='ocrx_word' id='word_1_291' title='bbox 983 2058 1043 2094; x_wconf 88' lang='lat' dir='ltr'><strong>op.</strong></span> <span class='ocrx_word' id='word_1_292' title='bbox 1072 2047 1144 2091; x_wconf 79' lang='lat'><strong>233</strong></span> <span class='ocrx_word' id='word_1_293' title='bbox 1171 2045 1266 2080; x_wconf 84' lang='lat' dir='ltr'><strong>MT·</strong></span> <span class='ocrx_word' id='word_1_294' title='bbox 1285 2054 1368 2079; x_wconf 73' lang='lat' dir='ltr'><strong>aar.</strong></span> <span class='ocrx_word' id='word_1_295' title='bbox 1388 2054 1459 2079; x_wconf 83' lang='lat' dir='ltr'><strong>scr.</strong></span> <span class='ocrx_word' id='word_1_296' title='bbox 1499 2043 1585 2079; x_wconf 78' lang='lat' dir='ltr'><strong>artis</strong></span> 
     </span>
     <span class='ocr_line' id='line_1_34' title="bbox 135 2090 1584 2143; baseline -0.001 -13"><span class='ocrx_word' id='word_1_297' title='bbox 135 2106 244 2143; x_wconf 82' lang='lat' dir='ltr'><strong>opem</strong></span> <span class='ocrx_word' id='word_1_298' title='bbox 272 2090 476 2130; x_wconf 82' lang='lat' dir='ltr'><em>FMHA</em></span> <span class='ocrx_word' id='word_1_299' title='bbox 489 2091 583 2141; x_wconf 76' lang='lat' dir='ltr'><strong>Tfy</strong></span> <span class='ocrx_word' id='word_1_300' title='bbox 594 2093 646 2130; x_wconf 82' lang='lat' dir='ltr'><strong>hs</strong></span> <span class='ocrx_word' id='word_1_301' title='bbox 673 2095 721 2129; x_wconf 87' lang='lat'><strong>47</strong></span> <span class='ocrx_word' id='word_1_302' title='bbox 747 2096 877 2142; x_wconf 66' lang='lat' dir='ltr'><strong>uiginti</strong></span> <span class='ocrx_word' id='word_1_303' title='bbox 904 2100 1060 2143; x_wconf 78' lang='lat' dir='ltr'><strong>quatuor</strong></span> <span class='ocrx_word' id='word_1_304' title='bbox 1086 2099 1119 2130; x_wconf 84' lang='lat' dir='ltr'><strong>ct</strong></span> <span class='ocrx_word' id='word_1_305' title='bbox 1143 2097 1231 2130; x_wconf 71' lang='lat' dir='ltr'><strong>vett.</strong></span> <span class='ocrx_word' id='word_1_306' title='bbox 1258 2094 1386 2141; x_wconf 72' lang='lat' dir='ltr'><strong>impr.;</strong></span> <span class='ocrx_word' id='word_1_307' title='bbox 1423 2094 1584 2141; x_wconf 83' lang='grc' dir='ltr'><strong>ΕΜΡρ</strong></span> 
     </span>
     <span class='ocr_line' id='line_1_35' title="bbox 135 2143 1584 2194; baseline -0.001 -14"><span class='ocrx_word' id='word_1_308' title='bbox 135 2155 220 2180; x_wconf 70' lang='lat' dir='ltr'><strong>aar.</strong></span> <span class='ocrx_word' id='word_1_309' title='bbox 235 2155 306 2180; x_wconf 85' lang='lat' dir='ltr'><strong>scr.</strong></span> <span class='ocrx_word' id='word_1_310' title='bbox 408 2145 496 2179; x_wconf 84' lang='lat'><strong>269.</strong></span> <span class='ocrx_word' id='word_1_311' title='bbox 522 2145 673 2180; x_wconf 77' lang='lat' dir='ltr'><strong>fontana</strong></span> <span class='ocrx_word' id='word_1_312' title='bbox 701 2145 836 2180; x_wconf 87' lang='lat' dir='ltr'><strong>resolui</strong></span> <span class='ocrx_word' id='word_1_313' title='bbox 855 2144 908 2191; x_wconf 79' lang='lat' dir='ltr'><strong>bf</strong></span> <span class='ocrx_word' id='word_1_314' title='bbox 920 2148 970 2181; x_wconf 90' lang='grc'><strong>20</strong></span> <span class='ocrx_word' id='word_1_315' title='bbox 990 2150 1159 2194; x_wconf 80' lang='lat' dir='ltr'><strong>quatuor.</strong></span> <span class='ocrx_word' id='word_1_316' title='bbox 1263 2145 1351 2179; x_wconf 87' lang='lat'><strong>270.</strong></span> <span class='ocrx_word' id='word_1_317' title='bbox 1377 2143 1584 2192; x_wconf 87' lang='lat' dir='ltr'><strong>repentinas</strong></span> 
     </span>
     <span class='ocr_line' id='line_1_36' title="bbox 135 2193 1585 2242; baseline 0 -13"><span class='ocrx_word' id='word_1_318' title='bbox 135 2201 174 2229; x_wconf 74' lang='lat' dir='ltr'><strong>et</strong></span> <span class='ocrx_word' id='word_1_319' title='bbox 198 2194 373 2230; x_wconf 83' lang='lat' dir='ltr'><strong>iaculatus</strong></span> <span class='ocrx_word' id='word_1_320' title='bbox 393 2195 429 2229; x_wconf 88' lang='lat' dir='ltr'><em>A</em></span> <span class='ocrx_word' id='word_1_321' title='bbox 444 2195 488 2230; x_wconf 88' lang='lat'><strong>0.</strong></span> <span class='ocrx_word' id='word_1_322' title='bbox 592 2196 680 2231; x_wconf 82' lang='lat'><strong>271.</strong></span> <span class='ocrx_word' id='word_1_323' title='bbox 708 2201 828 2231; x_wconf 77' lang='lat' dir='ltr'><strong>tamen</strong></span> <span class='ocrx_word' id='word_1_324' title='bbox 855 2196 1004 2232; x_wconf 86' lang='lat' dir='ltr'><strong>modicis</strong></span> <span class='ocrx_word' id='word_1_325' title='bbox 1025 2196 1062 2234; x_wconf 79' lang='lat' dir='ltr'><strong>h.</strong></span> <span class='ocrx_word' id='word_1_326' title='bbox 1100 2203 1220 2231; x_wconf 81' lang='lat' dir='ltr'><strong>tamen</strong></span> <span class='ocrx_word' id='word_1_327' title='bbox 1244 2193 1364 2230; x_wconf 79' lang='lat' dir='ltr'><strong>calidis</strong></span> <span class='ocrx_word' id='word_1_328' title='bbox 1390 2195 1472 2242; x_wconf 69' lang='lat'><strong>2²33</strong></span> <span class='ocrx_word' id='word_1_329' title='bbox 1487 2196 1585 2238; x_wconf 62' lang='lat' dir='ltr'><strong>oeten</strong></span> 
     </span>
     <span class='ocr_line' id='line_1_37' title="bbox 134 2243 1585 2292; baseline -0.001 -12"><span class='ocrx_word' id='word_1_330' title='bbox 134 2247 195 2292; x_wconf 79' lang='lat'><strong>98</strong></span> <span class='ocrx_word' id='word_1_331' title='bbox 218 2256 302 2281; x_wconf 66' lang='lat' dir='ltr'><strong>aar.</strong></span> <span class='ocrx_word' id='word_1_332' title='bbox 322 2256 392 2281; x_wconf 86' lang='lat' dir='ltr'><strong>scr.</strong></span> <span class='ocrx_word' id='word_1_333' title='bbox 433 2244 528 2281; x_wconf 80' lang='lat' dir='ltr'><strong>mad.</strong></span> <span class='ocrx_word' id='word_1_334' title='bbox 557 2245 722 2281; x_wconf 85' lang='lat' dir='ltr'><strong>submoui</strong></span> <span class='ocrx_word' id='word_1_335' title='bbox 749 2247 785 2281; x_wconf 84' lang='lat'><strong>7.</strong></span> <span class='ocrx_word' id='word_1_336' title='bbox 825 2245 922 2283; x_wconf 84' lang='lat' dir='ltr'><strong>mad.</strong></span> <span class='ocrx_word' id='word_1_337' title='bbox 951 2247 1053 2282; x_wconf 87' lang='lat' dir='ltr'><strong>inieci</strong></span> <span class='ocrx_word' id='word_1_338' title='bbox 1070 2245 1103 2282; x_wconf 82' lang='lat' dir='ltr'><strong>b.</strong></span> <span class='ocrx_word' id='word_1_339' title='bbox 1130 2245 1267 2282; x_wconf 81' lang='lat' dir='ltr'><strong>sulfora</strong></span> <span class='ocrx_word' id='word_1_340' title='bbox 1286 2246 1331 2280; x_wconf 89' lang='lat' dir='ltr'><strong>P.</strong></span> <span class='ocrx_word' id='word_1_341' title='bbox 1428 2243 1517 2277; x_wconf 85' lang='grc'><strong>272.</strong></span> <span class='ocrx_word' id='word_1_342' title='bbox 1543 2249 1585 2279; x_wconf 94' lang='lat' dir='ltr'><strong>ut</strong></span> 
     </span>
     <span class='ocr_line' id='line_1_38' title="bbox 136 2289 1583 2334; baseline 0 -4"><span class='ocrx_word' id='word_1_343' title='bbox 136 2296 230 2331; x_wconf 69' lang='lat' dir='ltr'><strong>racio</strong></span> <span class='ocrx_word' id='word_1_344' title='bbox 256 2292 540 2332; x_wconf 80' lang='lat' dir='ltr'><strong>EGI‘MOr‚</strong></span> <span class='ocrx_word' id='word_1_345' title='bbox 591 2302 631 2331; x_wconf 90' lang='lat' dir='ltr'><strong>ut</strong></span> <span class='ocrx_word' id='word_1_346' title='bbox 658 2295 743 2331; x_wconf 82' lang='lat' dir='ltr'><strong>latio</strong></span> <span class='ocrx_word' id='word_1_347' title='bbox 770 2298 814 2332; x_wconf 93' lang='lat' dir='ltr'><strong>P.</strong></span> <span class='ocrx_word' id='word_1_348' title='bbox 865 2304 905 2332; x_wconf 89' lang='lat' dir='ltr'><strong>ut</strong></span> <span class='ocrx_word' id='word_1_349' title='bbox 932 2303 1028 2334; x_wconf 82' lang='lat' dir='ltr'><strong>tacto</strong></span> <span class='ocrx_word' id='word_1_350' title='bbox 1056 2299 1108 2333; x_wconf 87' lang='grc' dir='ltr'><strong>Κ.</strong></span> <span class='ocrx_word' id='word_1_351' title='bbox 1158 2303 1198 2332; x_wconf 91' lang='lat' dir='ltr'><strong>ut</strong></span> <span class='ocrx_word' id='word_1_352' title='bbox 1224 2295 1332 2331; x_wconf 85' lang='lat' dir='ltr'><strong>tacito</strong></span> <span class='ocrx_word' id='word_1_353' title='bbox 1359 2289 1406 2328; x_wconf 75' lang='grc' dir='ltr'><strong>Σ.</strong></span> <span class='ocrx_word' id='word_1_354' title='bbox 1452 2298 1492 2328; x_wconf 91' lang='lat' dir='ltr'><strong>ut</strong></span> <span class='ocrx_word' id='word_1_355' title='bbox 1518 2293 1583 2330; x_wconf 80' lang='lat' dir='ltr'><strong>tito</strong></span> 
     </span>
     <span class='ocr_line' id='line_1_39' title="bbox 141 2343 1585 2396; baseline -0.001 -15"><span class='ocrx_word' id='word_1_356' title='bbox 141 2345 172 2381; x_wconf 82' lang='lat' dir='ltr'><strong><em>G</em></strong></span> <span class='ocrx_word' id='word_1_357' title='bbox 194 2356 276 2381; x_wconf 83' lang='lat' dir='ltr'><strong>uar.</strong></span> <span class='ocrx_word' id='word_1_358' title='bbox 301 2357 372 2382; x_wconf 88' lang='lat' dir='ltr'><strong>scr.</strong></span> <span class='ocrx_word' id='word_1_359' title='bbox 482 2347 570 2382; x_wconf 81' lang='lat'><strong>273.</strong></span> <span class='ocrx_word' id='word_1_360' title='bbox 607 2346 719 2381; x_wconf 87' lang='lat' dir='ltr'><strong>Cuius</strong></span> <span class='ocrx_word' id='word_1_361' title='bbox 746 2346 806 2381; x_wconf 86' lang='lat' dir='ltr'><strong>nbi</strong></span> <span class='ocrx_word' id='word_1_362' title='bbox 833 2347 909 2384; x_wconf 83' lang='lat' dir='ltr'><strong>util.</strong></span> <span class='ocrx_word' id='word_1_363' title='bbox 936 2360 984 2384; x_wconf 84' lang='lat' dir='ltr'><strong>m.</strong></span> <span class='ocrx_word' id='word_1_364' title='bbox 1028 2347 1138 2396; x_wconf 87' lang='lat' dir='ltr'><strong>pulsis</strong></span> <span class='ocrx_word' id='word_1_365' title='bbox 1167 2350 1349 2394; x_wconf 85' lang='lat' dir='ltr'><strong>comperta</strong></span> <span class='ocrx_word' id='word_1_366' title='bbox 1374 2344 1425 2381; x_wconf 88' lang='lat' dir='ltr'><strong>D.</strong></span> <span class='ocrx_word' id='word_1_367' title='bbox 1472 2343 1585 2392; x_wconf 81' lang='lat' dir='ltr'><strong>pulsis</strong></span> 
     </span>
     <span class='ocr_line' id='line_1_40' title="bbox 133 2395 1582 2446; baseline 0.001 -17"><span class='ocrx_word' id='word_1_368' title='bbox 133 2401 329 2444; x_wconf 83' lang='lat' dir='ltr'><strong>praecepta</strong></span> <span class='ocrx_word' id='word_1_369' title='bbox 355 2408 392 2432; x_wconf 83' lang='lat' dir='ltr'><strong>m</strong></span> <span class='ocrx_word' id='word_1_370' title='bbox 415 2396 477 2432; x_wconf 79' lang='lat'><strong>44.</strong></span> <span class='ocrx_word' id='word_1_371' title='bbox 583 2397 671 2431; x_wconf 88' lang='grc'><strong>274.</strong></span> <span class='ocrx_word' id='word_1_372' title='bbox 707 2395 888 2446; x_wconf 82' lang='lat' dir='ltr'><strong>Quaeque</strong></span> <span class='ocrx_word' id='word_1_373' title='bbox 914 2398 985 2433; x_wconf 81' lang='lat' dir='ltr'><strong>suit</strong></span> <span class='ocrx_word' id='word_1_374' title='bbox 1012 2404 1090 2434; x_wconf 88' lang='lat' dir='ltr'><strong>tuto</strong></span> <span class='ocrx_word' id='word_1_375' title='bbox 1116 2398 1180 2432; x_wconf 91' lang='grc'><strong>20.</strong></span> <span class='ocrx_word' id='word_1_376' title='bbox 1219 2395 1326 2438; x_wconf 83' lang='lat' dir='ltr'><strong>Quae</strong></span> <span class='ocrx_word' id='word_1_377' title='bbox 1349 2400 1475 2429; x_wconf 81' lang='lat' dir='ltr'><strong>seruat</strong></span> <span class='ocrx_word' id='word_1_378' title='bbox 1501 2399 1582 2430; x_wconf 85' lang='lat' dir='ltr'><strong>tuto</strong></span> 
     </span>
    </p>
   </div>
   <div class='ocr_carea' id='block_1_6' title="bbox 134 2444 1634 2485">
    <p class='ocr_par' dir='ltr' id='par_1_6' title="bbox 134 2444 1634 2485">
     <span class='ocr_line' id='line_1_41' title="bbox 134 2444 1634 2485; baseline 0 -4"><span class='ocrx_word' id='word_1_379' title='bbox 134 2444 199 2481; x_wconf 82' lang='lat' dir='ltr'><strong>A.</strong></span> <span class='ocrx_word' id='word_1_380' title='bbox 232 2445 281 2480; x_wconf 89' lang='lat' dir='ltr'><strong>Et</strong></span> <span class='ocrx_word' id='word_1_381' title='bbox 305 2445 426 2483; x_wconf 71' lang='lat' dir='ltr'><strong>suerat</strong></span> <span class='ocrx_word' id='word_1_382' title='bbox 452 2453 531 2482; x_wconf 87' lang='lat' dir='ltr'><strong>tuto</strong></span> <span class='ocrx_word' id='word_1_383' title='bbox 558 2445 698 2482; x_wconf 83' lang='lat' dir='ltr'><strong>reddita</strong></span> <span class='ocrx_word' id='word_1_384' title='bbox 723 2447 842 2484; x_wconf 80' lang='lat' dir='ltr'><strong>forma</strong></span> <span class='ocrx_word' id='word_1_385' title='bbox 868 2449 948 2485; x_wconf 89' lang='lat' dir='ltr'><strong>loco</strong></span> <span class='ocrx_word' id='word_1_386' title='bbox 969 2446 1016 2485; x_wconf 91' lang='grc' dir='ltr'><strong>Γ.</strong></span> <span class='ocrx_word' id='word_1_387' title='bbox 1050 2448 1167 2484; x_wconf 82' lang='lat' dir='ltr'><strong>forma</strong></span> <span class='ocrx_word' id='word_1_388' title='bbox 1193 2445 1272 2481; x_wconf 87' lang='lat' dir='ltr'><strong>lacu</strong></span> <span class='ocrx_word' id='word_1_389' title='bbox 1294 2448 1348 2479; x_wconf 86' lang='lat' dir='ltr'><strong>est</strong></span> <span class='ocrx_word' id='word_1_390' title='bbox 1366 2445 1584 2481; x_wconf 72' lang='lat' dir='ltr'><strong>Puer-scr.</strong></span> <span class='ocrx_word' id='word_1_391' title='bbox 1630 2468 1634 2470; x_wconf 98' lang='lat'>-</span> 
     </span>
    </p>
   </div>
   <div class='ocr_carea' id='block_1_7' title="bbox 133 2492 1583 2683">
    <p class='ocr_par' dir='ltr' id='par_1_7' title="bbox 133 2492 1583 2683">
     <span class='ocr_line' id='line_1_42' title="bbox 133 2492 1581 2539; baseline -0.001 -8"><span class='ocrx_word' id='word_1_392' title='bbox 133 2503 189 2531; x_wconf 80' lang='lat' dir='ltr'><strong>est</strong></span> <span class='ocrx_word' id='word_1_393' title='bbox 213 2507 282 2531; x_wconf 84' lang='lat' dir='ltr'><strong>om.</strong></span> <span class='ocrx_word' id='word_1_394' title='bbox 312 2492 360 2533; x_wconf 80' lang='grc' dir='ltr'><strong>Σ.</strong></span> <span class='ocrx_word' id='word_1_395' title='bbox 474 2499 562 2533; x_wconf 85' lang='grc'><strong>276.</strong></span> <span class='ocrx_word' id='word_1_396' title='bbox 598 2497 703 2532; x_wconf 85' lang='lat' dir='ltr'><strong>Hanc</strong></span> <span class='ocrx_word' id='word_1_397' title='bbox 727 2496 852 2534; x_wconf 82' lang='lat' dir='ltr'><strong>adolet</strong></span> <span class='ocrx_word' id='word_1_398' title='bbox 878 2501 928 2535; x_wconf 87' lang='lat' dir='ltr'><strong>D.</strong></span> <span class='ocrx_word' id='word_1_399' title='bbox 971 2499 1076 2534; x_wconf 82' lang='lat' dir='ltr'><strong>Hane</strong></span> <span class='ocrx_word' id='word_1_400' title='bbox 1102 2495 1249 2532; x_wconf 84' lang='lat' dir='ltr'><strong>adolent</strong></span> <span class='ocrx_word' id='word_1_401' title='bbox 1274 2495 1299 2529; x_wconf 89' lang='lat'><strong>6</strong></span> <span class='ocrx_word' id='word_1_402' title='bbox 1324 2495 1412 2538; x_wconf 78' lang='lat' dir='ltr'><strong>(soc.</strong></span> <span class='ocrx_word' id='word_1_403' title='bbox 1439 2492 1581 2539; x_wconf 68' lang='lat' dir='ltr'><strong>sched.;</strong></span> 
     </span>
     <span class='ocr_line' id='line_1_43' title="bbox 134 2541 1583 2592; baseline -0.001 -11"><span class='ocrx_word' id='word_1_404' title='bbox 134 2546 173 2582; x_wconf 76' lang='grc' dir='ltr'><strong>ὶη</strong></span> <span class='ocrx_word' id='word_1_405' title='bbox 191 2544 245 2581; x_wconf 80' lang='lat' dir='ltr'><strong>ed.</strong></span> <span class='ocrx_word' id='word_1_406' title='bbox 263 2545 346 2592; x_wconf 83' lang='lat'>14).</span> <span class='ocrx_word' id='word_1_407' title='bbox 385 2547 534 2583; x_wconf 80' lang='lat' dir='ltr'><strong>flammis</strong></span> <span class='ocrx_word' id='word_1_408' title='bbox 563 2559 630 2583; x_wconf 88' lang='lat' dir='ltr'><strong>con</strong></span> <span class='ocrx_word' id='word_1_409' title='bbox 657 2553 757 2583; x_wconf 87' lang='lat' dir='ltr'><strong>strue</strong></span> <span class='ocrx_word' id='word_1_410' title='bbox 783 2551 917 2585; x_wconf 86' lang='lat' dir='ltr'><strong>MPm</strong></span> <span class='ocrx_word' id='word_1_411' title='bbox 938 2548 1020 2585; x_wconf 71' lang='lat' dir='ltr'><strong>(luo.</strong></span> <span class='ocrx_word' id='word_1_412' title='bbox 1053 2545 1204 2582; x_wconf 81' lang='lat' dir='ltr'><strong>flammis</strong></span> <span class='ocrx_word' id='word_1_413' title='bbox 1231 2555 1253 2580; x_wconf 88' lang='lat' dir='ltr'><strong>a</strong></span> <span class='ocrx_word' id='word_1_414' title='bbox 1279 2549 1379 2580; x_wconf 89' lang='lat' dir='ltr'><strong>strue</strong></span> <span class='ocrx_word' id='word_1_415' title='bbox 1411 2541 1463 2580; x_wconf 77' lang='grc' dir='ltr'><strong>Ψ.</strong></span> <span class='ocrx_word' id='word_1_416' title='bbox 1499 2555 1583 2580; x_wconf 87' lang='lat' dir='ltr'><strong>cum</strong></span> 
     </span>
     <span class='ocr_line' id='line_1_44' title="bbox 135 2594 1581 2645; baseline -0.001 -14"><span class='ocrx_word' id='word_1_417' title='bbox 135 2595 210 2633; x_wconf 84' lang='lat' dir='ltr'><strong>sale</strong></span> <span class='ocrx_word' id='word_1_418' title='bbox 233 2594 332 2631; x_wconf 85' lang='lat' dir='ltr'><strong>sarra</strong></span> <span class='ocrx_word' id='word_1_419' title='bbox 357 2607 378 2631; x_wconf 86' lang='lat' dir='ltr'><strong>s</strong></span> <span class='ocrx_word' id='word_1_420' title='bbox 403 2601 494 2640; x_wconf 76' lang='lat' dir='ltr'><strong>tres3</strong></span> <span class='ocrx_word' id='word_1_421' title='bbox 519 2609 543 2645; x_wconf 80' lang='lat'><strong><em>9</em></strong></span> <span class='ocrx_word' id='word_1_422' title='bbox 567 2609 651 2634; x_wconf 71' lang='lat' dir='ltr'><strong>nar.</strong></span> <span class='ocrx_word' id='word_1_423' title='bbox 680 2608 750 2634; x_wconf 86' lang='lat' dir='ltr'><strong>scr.</strong></span> <span class='ocrx_word' id='word_1_424' title='bbox 788 2605 888 2635; x_wconf 85' lang='lat' dir='ltr'><strong>strue</strong></span> <span class='ocrx_word' id='word_1_425' title='bbox 912 2598 1008 2635; x_wconf 81' lang='lat' dir='ltr'><strong>sarta</strong></span> <span class='ocrx_word' id='word_1_426' title='bbox 1034 2609 1053 2633; x_wconf 92' lang='lat' dir='ltr'><strong>r</strong></span> <span class='ocrx_word' id='word_1_427' title='bbox 1078 2608 1152 2632; x_wconf 79' lang='lat' dir='ltr'><strong>ma.</strong></span> <span class='ocrx_word' id='word_1_428' title='bbox 1180 2606 1236 2644; x_wconf 77' lang='lat' dir='ltr'><strong>pr.</strong></span> <span class='ocrx_word' id='word_1_429' title='bbox 1283 2600 1382 2631; x_wconf 87' lang='lat' dir='ltr'><strong>strue</strong></span> <span class='ocrx_word' id='word_1_430' title='bbox 1408 2600 1511 2630; x_wconf 83' lang='lat' dir='ltr'><strong>turra</strong></span> <span class='ocrx_word' id='word_1_431' title='bbox 1535 2595 1581 2630; x_wconf 90' lang='lat' dir='ltr'><strong>P.</strong></span> 
     </span>
     <span class='ocr_line' id='line_1_45' title="bbox 134 2645 548 2683; baseline 0 -1"><span class='ocrx_word' id='word_1_432' title='bbox 134 2652 233 2683; x_wconf 81' lang='lat' dir='ltr'><strong>strue</strong></span> <span class='ocrx_word' id='word_1_433' title='bbox 257 2645 364 2682; x_wconf 83' lang='lat' dir='ltr'><strong>thura</strong></span> <span class='ocrx_word' id='word_1_434' title='bbox 390 2649 411 2681; x_wconf 87' lang='grc'><strong>3</strong></span> <span class='ocrx_word' id='word_1_435' title='bbox 440 2646 548 2682; x_wconf 70' lang='lat' dir='ltr'><strong>altus.</strong></span> 
     </span>
    </p>
   </div>
   <div class='ocr_carea' id='block_1_8' title="bbox 1644 0 1685 2954">
    <p class='ocr_par' dir='ltr' id='par_1_8' title="bbox 1644 0 1685 2954">
     <span class='ocr_line' id='line_1_46' title="bbox 1644 0 1685 2954; baseline 0 0"><span class='ocrx_word' id='word_1_436' title='bbox 1644 0 1685 2954; x_wconf 95' lang='lat' dir='ltr'><strong> </strong></span> 
     </span>
    </p>
   </div>
  </div>
 </body>
</html>
