1685 2954
108 96 243 125 Lxxlv
680 93 974 126 ASTRONOMICA

304 197 354 233 Et
375 194 519 241 frustra
541 191 709 242 pecudem
733 206 881 244 quaeres
905 195 1188 234 Athamantidos
1216 196 1352 244 Helles,

369 257 554 303 Siynaque
577 254 667 291 dant
691 255 832 301 imbres,
858 258 1088 306 exoriturque
1112 261 1226 296 cartis.

105 317 244 356 Verum
279 317 408 353 Arietis
444 328 611 352 occasum
642 315 710 353 hoc
742 317 801 354 die
834 317 969 353 frustra
1004 331 1156 368 quaeres
1190 321 1225 356 in
1262 325 1547 359 astronomorum

107 380 271 429 scriptis,
308 384 346 414 et
373 389 437 414 uer
463 377 620 414 medium
651 391 755 415 nemo
794 391 952 428 unquam
979 381 1166 417 contendit
1192 381 1372 417 diuersum
1399 392 1478 418 esse
1503 383 1549 418 ab

107 439 334 490 aequinoctio
363 450 489 476 uerno.
536 438 650 476 Priori
678 451 800 477 mense
828 439 926 489 apud
951 440 1118 478 Clodium
1144 443 1424 492 aequinoctium,
1450 443 1550 480 Arie-

108 510 200 547 tem,
228 502 384 544 imbres,
411 500 531 537 omnia
557 501 731 538 inuenies.
786 501 902 549 Finge
927 501 1080 550 scriptos
1105 503 1184 540 illos
1209 517 1334 540 uersus
1360 504 1407 540 de
1431 510 1550 541 extre-

107 564 174 600 mis
191 563 313 599 Martii
340 562 480 609 diebus,
507 562 605 611 quod
632 575 699 612 per
726 563 881 611 primum
910 561 1076 610 profecto
1103 564 1200 610 licet,
1227 564 1315 600 nibil
1340 565 1408 601 erit
1432 565 1547 615 impe-

103 625 264 671 dimenti,
292 624 357 661 nisi
377 622 474 673 quod
495 624 643 660 Clodius
672 619 799 659 ἕωθεν
819 616 993 669 ἀνίσχειν
1021 625 1179 662 Arietem
1200 626 1302 662 dixit.
1347 627 1392 662 At
1418 625 1452 662 id
1474 627 1550 663 sor-

104 692 201 725 tasse
235 686 389 724 Ouidius
424 686 579 722 correxit
614 697 680 721 sua
714 684 957 733 experientia,
994 697 1076 721 nain
1109 687 1269 723 Idelerus
1303 688 1456 736 septimo
1493 687 1552 725 die

106 755 192 786 ante
219 754 306 785 tunc
325 748 466 784 Romae
493 746 635 796 uesperi
662 745 833 781 occidisse
857 745 975 782 docet.
1023 742 1181 784 Postli'ac
1208 759 1294 783 uero
1321 748 1404 796 quia
1429 760 1552 785 mense

104 809 237 847 Martio
266 809 377 859 paulo
413 814 498 844 ante
533 819 615 843 eum
654 807 747 843 diem
774 807 904 843 Arietis
940 807 975 843 in
1010 808 1079 844 alia
1103 809 1228 845 fabula
1254 809 1385 845 mentio
1411 808 1552 856 suisset,

105 872 205 908 illine
231 873 360 907 remoti
387 877 471 906 sunt
497 868 652 905 suffecto
677 869 761 916 illo,
798 869 895 918 quod
931 868 1040 906 hodie
1075 870 1250 919 legimus,
1287 870 1440 906 disticho
1462 872 1551 918 877,

101 935 166 970 78.
219 933 311 976 Quis
336 933 371 968 in
400 932 559 981 Aprilem
584 931 831 978 transtulerit,
867 943 951 966 num
979 936 1062 978 post
1087 931 1242 968 Nasonis
1268 937 1420 968 mortem
1446 931 1551 979 alius,

102 995 306 1041 nescimus,
343 993 408 1030 sed
442 994 541 1029 illum
579 993 687 1029 etiam
714 992 909 1028 clausulam
936 995 1166 1042 exoriturque
1192 995 1295 1030 canis
1321 1004 1361 1029 se
1386 991 1552 1041 dignissi-

100 1068 198 1094 mam
233 1054 414 1092 addidisse
449 1053 675 1091 crediderim.
736 1053 832 1090 Sunt
865 1053 972 1089 etiam
1007 1054 1064 1089 alii
1093 1066 1243 1101 uersus,
1279 1067 1370 1104 quos
1407 1066 1479 1090 non
1506 1066 1551 1091 eo

103 1118 208 1166 loco,
234 1130 308 1167 quo
334 1118 526 1166 leguntur,
553 1116 736 1166 positurus
761 1113 872 1150 fuisse
899 1113 1054 1152 Ouidius
1081 1115 1237 1152 uidetur.
1289 1116 1384 1152 Nam
1411 1118 1450 1163 3,
1476 1117 1551 1153 399

102 1180 195 1217 alter
221 1191 265 1216 ex
289 1179 453 1215 Piscibus
488 1181 595 1216 tertia
620 1181 721 1214 nocte
755 1175 920 1213 occidere
946 1176 1084 1212 dicitur.
1138 1177 1188 1214 Vt
1212 1190 1308 1214 nunc
1334 1185 1411 1225 est,
1446 1178 1550 1214 tertia

99 1252 173 1278 nox
199 1253 221 1277 a
239 1240 416 1277 Kalendis
434 1240 543 1277 Mart.
571 1239 791 1287 intelligitur.
846 1239 892 1274 At
918 1238 1062 1284 mirum,
1091 1238 1156 1273 nisi
1183 1239 1229 1275 de
1254 1240 1360 1275 tertia
1385 1251 1408 1275 a
1434 1238 1550 1275 Nonis

99 1301 224 1352 scripti
248 1301 410 1339 fuerunt.
463 1303 573 1338 Tunc
599 1301 692 1337 enim
719 1299 887 1336 Clodius:
925 1297 975 1348 τῇ
1002 1292 1079 1346 πρὸ
1109 1293 1140 1343 ζ’
1167 1297 1283 1336 εἰδῶν
1309 1320 1358 1329 -
1384 1296 1450 1336 καὶ
1477 1294 1550 1349 ὄρ-

99 1363 210 1412 θρου
233 1356 254 1400 ὅ
277 1358 400 1411 ἰχθὺς
421 1357 498 1399 ἀπὸ
522 1360 595 1398 τοῦ
614 1356 734 1398 νότου
753 1355 920 1409 ἄρχεται
944 1353 1210 1407 κρύπτεσθαι,
1236 1361 1297 1398 ubi
1315 1373 1434 1412 aeque
1455 1362 1551 1399 male

100 1425 137 1462 ln
165 1426 267 1462 Hasii
294 1424 592 1474 interpretatione
619 1430 673 1460 est
705 1425 815 1472 piscis
841 1435 866 1460 a
891 1427 1050 1470 temore,
1088 1434 1195 1471 quam
1233 1423 1339 1460 tertio
1374 1423 1433 1459 die
1466 1428 1550 1473 post

99 1481 221 1523 νότου
247 1493 373 1523 contra
399 1485 584 1533 codicem,
618 1486 769 1535 expulso
803 1480 955 1529 νώτου,
988 1484 1082 1520 inter
1105 1483 1198 1531 Lydi
1227 1485 1338 1521 uerba
1371 1484 1464 1521 adeo
1490 1496 1549 1522 re-

100 1554 262 1598 ceptum.
329 1548 506 1585 Australis
549 1548 641 1584 enim
685 1546 936 1596 intelligendus
976 1551 1031 1582 est
1077 1545 1183 1594 piscis
1227 1545 1326 1595 apud
1361 1545 1548 1594 Ouidium,

99 1616 228 1646 contra
263 1616 374 1659 atque
409 1609 568 1646 Idelerus
602 1609 797 1645 arbitratus
835 1614 900 1644 est.
961 1607 1054 1643 Dein
1082 1608 1122 1654 5,
1148 1608 1224 1642 723
1251 1607 1349 1656 quod
1376 1607 1423 1645 de
1448 1619 1483 1644 a.
1509 1608 1547 1644 d.

98 1671 150 1708 XI
176 1670 239 1707 ΚΓ
265 1671 345 1707 lun.
372 1672 547 1717 traditur,
573 1670 706 1706 frustra
734 1681 886 1718 quaeras
914 1668 1011 1718 apud
1040 1668 1230 1704 Clodium:
1265 1676 1303 1704 at
1329 1668 1388 1705 sac
1413 1673 1549 1706 noctem

98 1732 196 1768 illam
221 1736 421 1780 sequentem
448 1731 493 1767 ad
522 1732 604 1767 idus
631 1732 824 1780 pertinere,
852 1730 965 1766 disces
992 1730 1037 1765 ab
1065 1731 1125 1765 illo
1147 1741 1312 1765 occasum
1335 1733 1548 1767 matutinum

99 1805 178 1830 esse
204 1792 488 1841 intelligendum.
544 1792 665 1828 Habes
691 1792 737 1828 de
764 1792 928 1827 omnibus
954 1791 1111 1827 siderum
1139 1790 1232 1826 notis
1260 1791 1357 1840 apud
1377 1790 1548 1829 Ouidium

98 1854 198 1905 quod
225 1855 400 1891 existimo.

764 2001 808 2061 ς.
837 2002 876 2044 3.

200 2099 383 2144 Quoniam
411 2100 696 2137 demonstratum
736 2106 814 2146 est,
851 2104 1102 2148 argumentum
1137 2099 1304 2136 carminis
1330 2096 1499 2135 Ouidiani
1524 2109 1546 2135 e

97 2167 188 2212 quot
214 2169 251 2198 et
277 2162 442 2211 qualibus
468 2161 646 2212 partibus,
674 2166 711 2196 et
733 2160 830 2196 unde
848 2161 1098 2196 concinnatum
1119 2167 1227 2207 esset,
1254 2161 1416 2209 proxima
1432 2170 1545 2208 quae-

95 2224 164 2260 stio
190 2223 259 2259 erit
285 2223 331 2259 de
358 2223 638 2274 pertractatione
666 2222 898 2268 lemmatum,
934 2222 980 2257 de
1014 2222 1123 2270 ipsius
1159 2227 1291 2272 poetae
1331 2222 1367 2257 in
1404 2220 1473 2257 hac
1505 2231 1545 2257 re

95 2284 322 2332 eruditione,
359 2286 405 2322 de
432 2285 618 2322 doctrinae
653 2282 816 2319 subsidiis
853 2290 890 2319 et
925 2283 1162 2330 adiumentis,
1199 2283 1328 2333 quibus
1356 2295 1441 2319 usus
1476 2288 1543 2318 est.

94 2346 245 2383 Dicetur
270 2347 386 2395 primo
413 2348 493 2383 loco
513 2346 559 2383 de
584 2345 759 2381 fastorum
781 2352 817 2381 et
838 2351 1057 2395 temporum,
1085 2344 1131 2381 de
1151 2345 1279 2394 quibus
1304 2356 1415 2394 supra
1437 2333 1544 2380 etiam

95 2415 310 2458 occoeptum
337 2415 405 2456 est,
430 2408 592 2445 scientia.

202 2470 297 2506 Anni
323 2470 477 2507 Romani
512 2471 666 2519 priscam
702 2469 876 2505 rationem
914 2467 1083 2505 credibile
1116 2474 1169 2505 est
1196 2474 1336 2504 ueteres
1362 2467 1543 2504 annalium

98 2533 297 2582 scriptores
326 2533 530 2576 tradidisse,
559 2532 776 2581 antiquiores
805 2531 913 2567 etiam
941 2529 1028 2577 illis,
1063 2531 1122 2579 qui
1149 2542 1169 2565 a
1195 2529 1381 2565 Macrobio
1407 2535 1474 2565 sat.
1505 2532 1542 2574 1,

98 2598 159 2642 13,
187 2607 223 2644 p.
237 2595 311 2629 253
332 2594 449 2630 Gron·
472 2594 505 2629 in
533 2606 575 2631 ea
602 2605 642 2631 re
669 2594 913 2639 nominantur,
940 2592 1072 2628 saeculi
1098 2590 1174 2627 sere
1191 2591 1236 2626 ab
1257 2590 1301 2627 V.
1324 2590 1366 2626 C.
1387 2588 1541 2637 septimi.

96 2656 193 2694 Fieri
230 2656 338 2705 igitur
374 2656 534 2704 potuisse
569 2655 756 2700 existimo,
799 2661 837 2690 ut
864 2654 908 2691 C.
937 2654 1094 2691 Licinius
1122 2651 1245 2689 Macer
1281 2662 1323 2688 ea
1349 2649 1544 2697 sententia,
