1685 2954
562 69 805 100 mleARVM
834 69 872 100 1..
902 69 991 100 xv1.
1325 67 1501 101 ccnvn

52 171 136 209 coll.
162 172 237 208 698
267 176 305 209 et
334 168 545 220 exprimitur
578 169 614 206 in
644 182 756 206 numo
781 168 913 220 Lepidi
947 175 1049 220 pont.
1076 181 1172 206 max.
1197 166 1295 219 apud
1321 168 1495 209 Vaillant.

52 234 180 270 Aemil.
198 236 261 270 18.
287 231 365 270 Csr.
378 231 448 267 Dio
466 230 568 268 Cass.
583 231 648 279 55,
662 237 699 270 9.
736 231 843 268 Attici
868 238 1024 269 statuam
1046 232 1249 268 habuerunt
1274 235 1366 268 teste
1382 231 1493 269 Paus.

53 282 92 343 1,
115 297 176 342 18,
196 298 232 340 3,
259 293 535 330 Hermionenses
564 292 686 330 focum
714 298 869 339 tantum,
894 293 944 330 id.
966 297 1005 341 2,
1024 295 1071 329 35
1098 294 1148 330 in.
1199 291 1341 330 Deinde
1362 303 1495 342 graeco

50 357 218 407 exemplo
244 353 420 393 confictae
453 359 538 390 sunt
563 353 711 391 fabulae
736 355 775 401 6,
795 356 868 390 313
887 366 983 403 sqq„
1009 354 1083 391 375
1103 367 1182 404 sqq.
1235 353 1384 391 Hesiodi
1408 365 1496 391 uer-

50 431 131 455 sum
152 418 273 466 theog.
289 416 363 453 4⁵3
390 415 510 453 reddit
531 414 684 453 Ouidius
699 416 738 463 6,
753 417 842 452 279.
888 415 1081 465 Aliquanto
1109 416 1292 452 obscurior
1314 422 1369 453 est
1394 415 1496 465 origo

49 480 126 518 eius
158 479 328 526 fabulae,
360 489 455 527 quae
489 477 613 514 subest
639 480 675 522 3,
692 478 766 526 293
792 478 890 525 4183
916 479 1011 525 4233
1037 478 1077 524 6,
1093 479 1180 521 227,
1214 478 1274 514 ubi
1300 477 1416 517 Vesta
1447 477 1496 514 ab

48 541 114 578 llio
139 540 331 590 repetitur,
359 551 440 576 cum
469 543 506 587 1,
532 538 607 575 528
634 551 739 576 sacra
765 539 873 576 Iliaca
900 538 947 575 ad
973 550 1053 575 eam
1080 538 1325 587 perferantur.
1374 539 1497 576 Secu-

47 608 106 639 tus
131 608 188 638 est
210 607 320 651 poeta
345 599 577 650 Propertium
604 599 644 648 5,
661 602 701 648 4,
718 596 768 637 69
793 606 830 637 et
856 600 957 649 Virg.
976 603 1066 637 Aen.
1096 604 1133 645 2,
1151 602 1245 648 2963
1270 600 1311 648 5,
1329 601 1428 648 7443
1453 602 1495 649 9,

40 663 123 700 Υ259
148 668 186 700 et
211 668 424 712 praeterea,
451 669 492 698 ut
521 661 688 709 uidetur,
715 662 988 710 grammaticum
1014 662 1191 711 aliquem,
1218 662 1280 711 qui
1305 661 1495 710 docuerat,

46 723 147 774 quod
171 735 194 760 a
220 723 415 760 Clausenio
442 724 588 773 egregie
614 722 818 772 disputatur
843 737 881 774 p.
906 726 1000 771 167,
1034 723 1208 772 insignem
1232 722 1332 772 apud
1358 722 1494 759 Troia-

46 798 114 822 nos
140 786 276 822 Vestae
301 785 510 834 religionem
537 785 662 822 fuisse.
715 785 969 835 Interpretatio
988 785 1122 822 Vestae
1149 784 1195 820 de
1221 790 1334 832 terra,
1361 783 1436 821 Ou.
1455 786 1496 832 6,

45 849 122 884 267
134 859 231 896 sqq.,
257 853 377 896 potest
404 847 569 897 profecto
602 847 779 884 Varronis
806 859 900 894 esse,
929 846 1004 882 uid.
1031 845 1078 882 fr.
1095 847 1142 882 16
1169 851 1205 882 et
1230 846 1384 895 August.
1403 858 1435 882 c.
1454 845 1492 883 d.

44 909 86 956 7,
108 910 176 945 16:
219 911 368 945 Vestam
395 921 531 957 quoque
563 910 684 958 ipsam
713 912 902 958 propterea
934 906 1084 944 demvm
1108 908 1314 944 ‘maximam
1337 911 1496 956 putaue-

42 974 153 1018 runt,
187 969 283 1018 quod
307 971 390 1018 ipsa
415 971 465 1005 sit
491 973 600 1006 terra.
654 969 887 1019 Quamquam
912 967 1012 1018 apud
1036 968 1262 1006 Macrobium
1285 975 1354 1008 sat.
1383 972 1419 1014 l,
1443 971 1494 1006 23

42 1038 130 1069 sunt
155 1043 280 1068 uersus
305 1030 510 1078 Euripidis:

305 1088 389 1127 Καὶ
416 1088 456 1126 Γ
454 1092 524 1127 afa
548 1090 696 1140 μῆτερ’
717 1084 852 1135 Ἓςιάν
877 1085 924 1128 δέ
948 1084 991 1128 σ’
1020 1085 1059 1127 οἱ
1085 1087 1212 1142 σοφοί

306 1150 477 1200 Βροτῶν
502 1151 694 1189 καλοῦσιν
721 1146 871 1201 ἦμένην
898 1149 939 1189 ἐν
967 1148 1116 1203 αἰθέρι.

40 1212 159 1250 Huius
184 1224 269 1263 pars
294 1214 495 1251 sententiae
519 1215 589 1252 fuit
614 1214 848 1265 Empedoclis
875 1221 913 1253 et
937 1214 1188 1265 Pythagorae,
1212 1214 1286 1255 uid.
1310 1214 1492 1255 Brandisii

36 1274 125 1314 hist.
151 1275 283 1326 philos.
310 1279 348 1324 l,
373 1279 518 1326 p-213,
537 1279 626 1317 474.

710 1425 757 1485 g.
794 1426 834 1469 5.

140 1522 262 1572 Pergo
286 1522 323 1560 in
350 1522 582 1560 contexenda
608 1523 775 1558 carminis
804 1521 976 1560 Ouidiani
1002 1523 1163 1560 historia.
1216 1523 1298 1560 Hoc
1323 1524 1434 1572 enim,
1460 1526 1492 1561 si

42 1584 174 1632 nescis,
200 1584 380 1622 beneuole
405 1586 541 1633 lector,
567 1585 758 1633 hucusque
784 1585 943 1633 egimus,
970 1592 1010 1621 ut
1037 1585 1247 1622 adiumenta
1271 1587 1493 1623 extrinsecus

42 1659 118 1697 quo
145 1645 271 1682 ordine
300 1646 461 1695 petenda
495 1646 666 1693 suerunt,
700 1645 829 1682 eodem
861 1658 1215 1695 recognosceremus.
1269 1647 1494 1684 Deuenimus

42 1709 153 1758 igitur
188 1706 236 1743 ad
269 1707 381 1756 ipsius
419 1714 552 1757 poetae
586 1708 622 1744 in
660 1707 819 1744 carmine
849 1708 1040 1744 scribendo
1078 1721 1229 1758 operam
1261 1709 1490 1746 collocatam.

41 1770 125 1806 Erit
155 1774 277 1805 autem
304 1767 396 1804 haec
421 1769 586 1817 quaestio
621 1780 696 1804 non
730 1767 777 1804 de
811 1769 931 1817 operis
965 1770 1158 1806 uirtutibus
1185 1776 1249 1806 aut
1274 1769 1321 1806 de
1346 1770 1493 1818 ingenio

41 1838 197 1882 poetae,
231 1840 375 1879 quaeue
401 1830 471 1866 alia
496 1828 701 1865 huiusmodi
733 1829 892 1877 gratuita
917 1830 978 1866 uel
1004 1831 1161 1879 gratiosa
1194 1830 1370 1880 disputari
1400 1843 1492 1880 pos-

40 1899 140 1931 sunt.
190 1892 277 1929 Non
302 1890 488 1928 diffitebor
512 1891 583 1927 hoc
608 1902 722 1940 genus
747 1891 971 1940 scriptionis,
1000 1891 1098 1941 quod
1124 1892 1161 1928 in
1189 1892 1341 1929 Tibullo
1366 1893 1492 1930 Hora-

38 1956 93 1992 tio
120 1955 274 2005 ipsoque
299 1953 431 2002 partim
459 1951 596 1989 Ouidio
621 1952 781 1988 exerceri
807 1965 926 2002 nuper
952 1953 1092 2002 coepit,
1117 1952 1227 1990 ualde
1253 1953 1340 1990 mihi
1365 1954 1491 2004 displi-

0 2050 1 2060 ,
42 2028 141 2064 cere,
165 2015 278 2065 idque
303 2012 416 2064 plane
441 2026 521 2051 eam
548 2014 595 2051 ob
622 2025 781 2060 causam,
808 2026 918 2063 quam
943 2015 1172 2064 suspicantur
1197 2014 1491 2051 uerecundissimi

0 2066 1 2074 ἵ
40 2083 81 2114 et
105 2076 362 2125 elegantissimi
396 2076 604 2125 scriptores.
656 2075 742 2112 Non
775 2087 923 2125 possum
959 2077 1158 2124 generatim
1190 2076 1388 2124 disserere,
1419 2076 1490 2114 hoc

40 2145 111 2187 est,
138 2139 192 2175 uti
217 2137 340 2185 uelim,
367 2149 440 2174 non
469 2143 508 2174 ut
533 2137 584 2173 illi
610 2137 744 2184 solent,
771 2137 818 2173 de
837 2138 945 2173 rebus
961 2137 1095 2174 multis.
1133 2138 1293 2174 Dubium
1319 2151 1392 2175 non
1418 2144 1490 2187 est,

10 2249 14 2252 ι
39 2201 129 2251 quin
154 2201 206 2237 ita
231 2199 377 2236 demum
411 2205 544 2248 poetae
571 2198 760 2235 artificium
787 2198 1049 2248 perspiciatur,
1081 2199 1111 2235 si
1136 2199 1276 2248 singula
1302 2201 1378 2237 eius
1403 2213 1489 2236 mo-

37 2266 165 2300 'menta
191 2273 310 2311 aeque
334 2261 571 2310 probabiliter
594 2261 828 2310 replicentur,
855 2267 966 2309 atque
991 2260 1029 2296 id
1054 2261 1089 2296 in
1114 2260 1299 2297 doen-inae
1324 2261 1490 2298 subsidiis

42 2323 273 2360 tentauimus.
318 2323 457 2366 Quanti
483 2329 602 2359 tamen
629 2322 668 2358 id
693 2323 738 2359 sit
757 2322 961 2370 moliminis,
989 2322 1210 2371 experietur,
1237 2322 1299 2371 qui
1319 2322 1379 2359 uel
1396 2321 1489 2359 haee

37 2384 113 2421 -tria
135 2385 172 2421 in
198 2385 447 2435 quaestionem
475 2385 683 2421 uocauerit:
721 2396 816 2434 quae
848 2384 940 2420 ratio
971 2384 1215 2420 intercesserit
1241 2383 1377 2421 Ouidio
1404 2396 1488 2420 cum

43 2443 193 2495 Virgilio
220 2447 435 2496 praesertim
461 2446 498 2482 in
532 2447 726 2483 uerborum
751 2446 901 2493 formis,
927 2457 1017 2492 usu,
1049 2451 1250 2493 structura,
1284 2457 1379 2494 quae
1404 2457 1488 2481 cum

45 2504 247 2545 rhetoribus
278 2509 315 2545 in
341 2509 565 2556 elocutione,
598 2520 694 2557 quae
721 2520 801 2544 curn
830 2506 1042 2543 Callimachi
1065 2503 1228 2550 Αἰτίοις
1259 2508 1293 2543 in
1321 2507 1488 2543 carminis

44 2574 273 2615 argumento.
313 2569 424 2614 Quod
451 2569 498 2606 ad
525 2583 681 2620 primum
707 2570 849 2617 attinet,
876 2568 942 2605 csr.
964 2568 1038 2605 Ou.
1057 2570 1180 2616 2543:
1210 2571 1426 2619 Naupactoo
1450 2571 1488 2613 et

45 2626 152 2679 virg.
180 2630 271 2668 Aen.
299 2635 338 2681 3,
357 2631 431 2670 533
448 2622 595 2681 Eure,
627 2632 679 2670 ib.
703 2634 744 2681 3,
760 2633 834 2669 τοι
865 2631 988 2670 Geloi:
1021 2629 1096 2669 ου.
1114 2634 1154 2681 2,
1173 2633 1265 2669 109:
1298 2628 1488 2670 Flebilzbus
