1685 2954
153 56 239 100 286
706 71 1030 105 rasrorrvu

262 167 414 223 Turpia
438 169 637 212 femineae
664 176 782 226 terga
808 172 961 215 dedere
982 174 1121 229 fiigae.

205 235 313 289 Quid
337 236 445 290 petis
472 237 578 291 hino,
606 244 805 293 cognorat
832 240 953 294 enim,
980 248 1198 285 matertera
1223 241 1412 287 Bacchi?

259 305 327 345 An
353 317 504 345 numen
532 305 639 359 quod
666 318 746 360 me,
775 312 818 348 te
846 319 1007 363 quoque
1034 317 1172 365 uexat,
1200 308 1295 353 ait?

203 373 276 413 Illa
302 372 425 413 docet
451 373 611 426 partim,
639 374 784 426 partim
811 375 1045 427 praesentia
1071 378 1158 418 nati

257 438 464 491 Continet,
493 446 538 480 et
565 440 677 480 furiis
704 441 744 481 in
774 442 912 484 scelus
939 442 1026 485 isse
1054 446 1192 498 pudet.
1501 449 1582 486 520

200 505 373 558 Rumor,
401 512 446 547 ut
475 512 542 548 est
568 507 711 560 uelox,
738 510 909 564 agitatis
937 513 1123 565 peruolat
1148 511 1237 564 alis,

252 573 414 626 Estque
441 573 645 627 frequens,
673 576 758 626 lno,
787 587 935 617 nomen
962 576 1004 618 in
1032 591 1102 619 ore
1131 585 1258 619 tuum.

196 640 374 693 Hospita
402 640 633 682 Carmentis
661 640 767 680 fidos
793 641 971 682 intrasse
999 649 1176 695 penates

250 705 422 760 Diceris,
454 713 498 748 et
526 709 690 761 longam
719 707 964 760 deposuisse
989 710 1151 750 famem.

191 775 295 815 Liba
323 787 399 815 sua
427 781 642 827 properata
671 786 792 815 manu
821 776 1020 828 Tegeaea
1047 777 1245 819 sacerdos
1498 782 1577 818 525

247 841 435 883 Traditur
464 848 507 883 et
534 842 669 882 subito
699 847 819 883 cocta
844 842 1012 883 dedisse
1037 843 1145 884 foco.

191 909 317 950 Nunc
347 922 508 963 quoque
534 909 614 950 liba
642 907 784 950 iuuant
809 909 927 951 festis
955 911 1198 953 Matralibus
1225 912 1345 952 illam.

247 976 424 1016 Rustica
453 976 653 1017 sedulitas
682 976 836 1030 gratior
863 983 952 1018 arte
980 978 1066 1019 fuit.

187 1043 323 1096 Nunc,
354 1045 423 1095 ait,
454 1055 478 1082 o
508 1049 640 1095 uates,
669 1043 877 1084 uenientia
905 1044 991 1085 fata
1018 1047 1197 1100 resigna,

244 1108 337 1160 Qua
364 1109 474 1150 licet.
512 1110 700 1162 hospitiis
727 1112 807 1152 hoc
835 1124 978 1164 precor
1005 1112 1112 1153 adde
1143 1111 1259 1153 meis.
1494 1116 1575 1152 530

184 1177 318 1218 Parua
345 1190 458 1218 mora
483 1183 562 1230 est,
593 1179 752 1219 caelum
780 1185 901 1220 uates
926 1192 978 1220 ac
1006 1180 1170 1220 numina
1198 1179 1335 1232 sumit,

180 1271 265 1308 517.
295 1271 368 1315 Qui
393 1276 471 1321 pet.
498 1273 543 1308 E.
585 1272 675 1318 petit
698 1270 824 1309 Φηια.
840 1285 896 1321 pr.
937 1272 1019 1309 hinc
1045 1285 1114 1310 om.
1134 1285 1170 1308 m
1182 1284 1257 1309 ma.
1267 1283 1324 1321 pr.
1364 1278 1440 1322 pet.
1467 1272 1526 1309 liic
1547 1274 1590 1311 G-

129 1320 373 1360 EAMma.
391 1334 458 1358 sec.
476 1319 714 1370 ΡΠΣΤόρ
740 1322 994 1370 duodeuiyinti.
1036 1330 1111 1371 pet.
1140 1323 1223 1359 huic
1248 1325 1457 1360 Puar.scr.
1496 1330 1573 1373 pet.

128 1372 225 1410 hanc
248 1384 355 1409 unus.
396 1371 479 1407 hinc
506 1379 659 1419 agnorat
687 1376 745 1409 11.
785 1374 823 1410 h.
851 1373 1022 1421 cognouit
1047 1371 1184 1410 Gff‘m.
1287 1374 1373 1409 518.
1399 1375 1447 1410 At
1473 1386 1508 1410 n.
1537 1371 1577 1410 Σ

127 1436 177 1461 m.
221 1422 319 1473 quod
345 1429 381 1458 te
406 1434 465 1458 me
495 1421 564 1467 Tf.
609 1429 717 1458 uexat
744 1434 807 1459 are
834 1422 853 1459 b
870 1435 944 1459 nia.
961 1434 1017 1471 pr.
1120 1424 1206 1459 519.
1237 1423 1301 1460 llle
1327 1422 1434 1459 bma.
1447 1435 1504 1471 pr.
1541 1424 1572 1463 1.

127 1473 228 1510 dolet
255 1476 288 1510 B
303 1473 506 1510 GDEFG
520 1470 1321 1522 ΨΜΡΨΔΣυηηα.3εσ.ρνι3204044
1338 1472 1506 1518 sedecion
1532 1475 1576 1510 N

126 1535 212 1562 var.
229 1535 300 1561 sor.
344 1523 425 1559 doe.
452 1530 592 1571 partem
620 1530 759 1572 partem
780 1525 874 1560 NT.
977 1525 1063 1560 520.
1090 1523 1140 1559 Et
1167 1524 1267 1559 timet
1294 1529 1330 1558 et
1352 1525 1400 1558 D.
1438 1523 1508 1559 isse
1532 1525 1572 1560 in

128 1586 205 1612 ras.
233 1586 283 1611 m.
327 1573 413 1609 scel.
440 1573 494 1609 ire
520 1570 578 1608 Π.
619 1585 669 1609 sc.
698 1585 777 1609 esse
803 1577 966 1622 quatuor.
1004 1586 1053 1610 sc.
1082 1574 1158 1622 ipse
1184 1572 1266 1609 duo.
1306 1571 1426 1610 Gloss.
1444 1575 1500 1609 D:
1527 1574 1572 1610 ti-

124 1627 214 1670 met]
243 1636 265 1660 a
290 1623 428 1660 dolore.
530 1624 617 1660 521.
647 1623 716 1662 uel.
744 1624 898 1672 agitatus
932 1624 970 1660 G.
1072 1624 1160 1659 522.
1186 1623 1247 1658 ino
1274 1634 1343 1659 om.
1372 1621 1455 1659 dito.
1494 1621 1569 1659 sre-

126 1687 241 1724 quens
267 1674 350 1710 ideo
377 1685 508 1710 nomen
534 1686 640 1710 terius.
691 1673 863 1721 frequens
890 1684 1020 1708 nomen
1047 1684 1191 1722 semper
1216 1672 1252 1708 in
1279 1684 1342 1709 ore
1370 1674 1569 1710 BDEFG

126 1720 797 1772 ‹DAMPHWAEbeprcaozn
821 1722 1099 1771 duodetriyinta.
1138 1721 1310 1771 frequens
1337 1734 1467 1759 nomen
1494 1723 1568 1759 sr'ffr

123 1776 266 1823 (matris
291 1773 377 1811 alibi
402 1775 604 1818 enotatum)
631 1775 666 1810 in
695 1777 730 1810 3.
784 1774 843 1809 ino
869 1785 1013 1823 semper
1038 1775 1074 1809 in
1108 1773 1138 1810 G
1151 1784 1232 1809 aar.
1249 1784 1319 1809 scr.
1367 1773 1402 1809 in
1429 1773 1519 1809 orbe
1541 1785 1567 1822 p

122 1838 206 1864 aar.
224 1837 294 1862 scr.
344 1836 409 1861 ore
439 1837 543 1861 suurn
570 1821 608 1860 E
616 1821 665 1859 Π
673 1825 742 1870 41;
774 1825 802 1861 G
817 1835 982 1860 nar-scr.
1032 1835 1097 1861 ore
1128 1829 1191 1859 tuo
1227 1824 1299 1870 443
1326 1825 1376 1859 M
1390 1835 1472 1860 near.
1496 1834 1567 1859 scr.

123 1889 188 1913 ore
217 1888 283 1912 suo
308 1886 417 1911 aemes.
519 1876 606 1910 523.
635 1875 749 1923 Hosp.
768 1880 975 1910 carmentae
995 1878 1054 1911 12.
1157 1875 1245 1912 524.
1273 1873 1361 1909 ceris
1387 1879 1423 1909 et
1448 1872 1567 1919 sylla-

123 1926 189 1964 bae
212 1928 252 1963 in
279 1937 355 1962 ras.
381 1937 429 1962 m.
467 1924 608 1961 Dixeris
634 1924 665 1971 f.
713 1924 873 1960 Dieceris
898 1936 931 1960 r.
973 1924 1057 1972 dep.
1084 1923 1205 1960 famen
1237 1924 1283 1960 G.
1331 1922 1416 1971 dep.
1443 1922 1567 1971 fugam

129 1975 355 2015 ²P'uar.sor.
458 1975 545 2013 525.
572 1981 678 2023 tegea
705 1972 1054 2021 DEFGrDAbfr
1072 1974 1149 2011 alis.
1250 1974 1337 2010 526.
1364 1972 1504 2009 Dicitur
1529 1979 1568 2009 et

126 2030 162 2064 Τ
175 2027 258 2063 duo.
297 2026 367 2061 Tr.
386 2025 422 2061 in
443 2026 521 2061 sub.
546 2026 764 2073 Gmmawr.
780 2026 803 2059 4
818 2028 861 2060 13
875 2027 925 2059 20
935 2028 980 2061 33
1002 2029 1168 2074 quatuor.
1270 2024 1357 2059 527.
1384 2035 1446 2072 qu.
1470 2022 1566 2059 festa

123 2078 198 2114 inu.
225 2089 262 2113 m
276 2087 420 2124 nia-pr.
468 2077 554 2123 Ita,
580 2075 698 2120 illam,
729 2072 954 2123 ‹DMNAy
965 2078 1091 2112 m612
1104 2077 1210 2110 2033
1231 2072 1416 2118 tredecinr3
1441 2084 1466 2121 p
1482 2083 1565 2110 aar.

122 2139 191 2164 scr.
241 2132 346 2163 matr.
373 2127 439 2161 ista
471 2123 522 2162 Ψ.
573 2132 677 2162 matr.
704 2124 788 2170 (hic
814 2127 940 2175 interp.
970 2125 990 2162 b
1015 2129 1102 2161 veett.
1123 2124 1204 2170 ed.)
1237 2124 1297 2160 illa
1323 2123 1463 2172 rel-iqui.

174 2179 261 2214 528.
290 2176 429 2224 gracior
455 2178 491 2212 D
508 2177 554 2213 G.
595 2175 671 2212 sed.
698 2175 868 2224 grandior
893 2182 979 2213 ante
1003 2187 1109 2212 unus.
1147 2187 1201 2224 gr.
1227 2180 1313 2210 ante
1337 2173 1363 2209 s.
1391 2176 1439 2209 33
1465 2175 1560 2215 ootof

121 2239 319 2277 fruar-sor.
421 2226 509 2263 529.
538 2226 573 2261 T
577 2238 646 2262 unc
671 2228 786 2263 Ema.
798 2238 867 2262 sec.
878 2228 929 2263 N.
969 2226 1137 2263 Protinus
1162 2238 1183 2261 o
1211 2230 1311 2261 uates
1339 2225 1458 2259 1220.
1496 2229 1558 2255 ue-

122 2279 263 2315 niencia
291 2280 341 2314 D.
381 2275 458 2313 fata
484 2288 554 2313 om.
581 2289 612 2312 r.
652 2277 794 2324 resigna
816 2279 854 2313 in
874 2288 952 2313 ras.
980 2279 1042 2312 20.
1143 2276 1230 2312 530.
1261 2274 1430 2317 Qualibet
1451 2269 1555 2316 hosp.

126 2330 156 2366 G
166 2331 198 2366 F
212 2327 294 2365 duo.
335 2327 454 2371 Quam
482 2327 564 2363 lic'et
588 2324 640 2364 Φ.
680 2326 888 2369 Quamlibet
915 2327 1017 2376 hosp.
1037 2329 1095 2364 M.
1137 2324 1247 2368 Quod
1274 2325 1330 2360 lic.
1352 2324 1555 2360 Eum-8⁶¹·-

120 2379 316 2423 Quaelibet
341 2377 450 2427 hosp.
471 2389 578 2414 tutus.
626 2377 791 2426 hospiciis
816 2379 898 2414 DE
907 2378 952 2414 G.
995 2378 1052 2414 lic.
1081 2375 1205 2413 officiis
1234 2378 1293 2411 ll.
1337 2372 1438 2417 hosp.
1465 2369 1558 2426 llaec

120 2442 176 2479 pr.
208 2430 333 2464 BDN
354 2439 422 2464 sex
447 2431 481 2464 et
505 2426 582 2468 edd.
609 2429 687 2464 Vic.
715 2429 821 2471 Vcn.;
846 2440 870 2476 p
891 2439 974 2464 uar-
993 2440 1062 2465 scr.
1108 2425 1204 2463 adde
1237 2424 1302 2460 tuis
1336 2419 1355 2456 b
1373 2422 1416 2454 11
1446 2417 1556 2454 alitus.
1617 2466 1622 2471 .

122 2478 215 2516 adde
239 2479 326 2514 meis
353 2489 460 2514 imus.
492 2477 626 2515 Gloss.
646 2481 703 2514 D:
730 2477 836 2514 Vnde
862 2479 986 2514 elenus
1013 2487 1149 2514 aeneae
1175 2473 1361 2524 probibent
1387 2480 1469 2504 nam
1496 2477 1557 2502 ce-

120 2537 198 2566 tera
224 2539 345 2579 parce.
464 2529 550 2565 531.
584 2528 723 2565 caelum
750 2528 908 2565 ascendit
933 2540 976 2564 ac
1002 2540 1100 2565 num.
1127 2522 1248 2562 1141.
1297 2526 1397 2555 uates
1425 2515 1555 2575 omns·

121 2587 223 2616 uates
249 2585 286 2615 et
311 2577 456 2614 numina
482 2579 589 2615 sentit
621 2579 659 2615 G.
704 2579 849 2615 numina
874 2579 1013 2616 scandit
1037 2577 1125 2621 ἄπιος
1155 2574 1276 2611 enar.
1294 2581 1363 2606 scr.
1410 2577 1556 2605 numina

119 2630 227 2666 soluit
253 2628 285 2664 b.
324 2627 468 2665 numina
495 2629 605 2666 sensit
630 2631 756 2666 Puar.
770 2640 841 2666 scr.
