<?xml version="1.0" encoding="UTF-8"?>
<!DOCTYPE html PUBLIC "-//W3C//DTD XHTML 1.0 Transitional//EN"
    "http://www.w3.org/TR/xhtml1/DTD/xhtml1-transitional.dtd">
<html xmlns="http://www.w3.org/1999/xhtml" xml:lang="en" lang="en">
 <head>
  <title>
</title>
<meta http-equiv="Content-Type" content="text/html;charset=utf-8" />
  <meta name='ocr-system' content='tesseract 3.04.00' />
  <meta name='ocr-capabilities' content='ocr_page ocr_carea ocr_par ocr_line ocrx_word'/>
</head>
<body>
  <div class='ocr_page' id='page_1' title='image "./fastorumlibrisex00oviduoft_0033.png"; bbox 0 0 1685 2954; ppageno 0'>
   <div class='ocr_carea' id='block_1_1' title="bbox 598 42 1542 73">
    <p class='ocr_par' dir='ltr' id='par_1_1' title="bbox 598 42 1542 73">
     <span class='ocr_line' id='line_1_1' title="bbox 598 42 1542 73; baseline 0 -2"><span class='ocrx_word' id='word_1_1' title='bbox 598 43 788 72; x_wconf 75' lang='lat' dir='ltr'>FRAVDES</span> <span class='ocrx_word' id='word_1_2' title='bbox 819 42 1036 73; x_wconf 77' lang='lat' dir='ltr'>ITALORVM</span> <span class='ocrx_word' id='word_1_3' title='bbox 1451 43 1542 71; x_wconf 77' lang='lat' dir='ltr'>XXV</span> 
     </span>
    </p>
   </div>
   <div class='ocr_carea' id='block_1_2' title="bbox 44 141 1555 2174">
    <p class='ocr_par' dir='ltr' id='par_1_2' title="bbox 100 141 1546 256">
     <span class='ocr_line' id='line_1_2' title="bbox 100 141 1545 194; baseline 0 -14"><span class='ocrx_word' id='word_1_4' title='bbox 100 143 252 181; x_wconf 88' lang='lat' dir='ltr'>credidit</span> <span class='ocrx_word' id='word_1_5' title='bbox 278 144 325 181; x_wconf 86' lang='lat' dir='ltr'>ad</span> <span class='ocrx_word' id='word_1_6' title='bbox 354 141 540 181; x_wconf 84' lang='lat' dir='ltr'>Kalendas</span> <span class='ocrx_word' id='word_1_7' title='bbox 564 143 801 192; x_wconf 80' lang='lat' dir='ltr'><strong>pertinuisse:</strong></span> <span class='ocrx_word' id='word_1_8' title='bbox 837 143 924 180; x_wconf 87' lang='lat' dir='ltr'>nihil</span> <span class='ocrx_word' id='word_1_9' title='bbox 952 155 1095 191; x_wconf 68' lang='lat' dir='ltr'>mororg</span> <span class='ocrx_word' id='word_1_10' title='bbox 1132 144 1298 194; x_wconf 83' lang='lat' dir='ltr'>quamuis</span> <span class='ocrx_word' id='word_1_11' title='bbox 1325 144 1418 180; x_wconf 90' lang='lat' dir='ltr'>enim</span> <span class='ocrx_word' id='word_1_12' title='bbox 1445 143 1545 186; x_wconf 80' lang='lat' dir='ltr'>apud</span> 
     </span>
     <span class='ocr_line' id='line_1_3' title="bbox 100 203 1546 256; baseline 0 -14"><span class='ocrx_word' id='word_1_13' title='bbox 100 218 227 243; x_wconf 92' lang='lat' dir='ltr'>omnes</span> <span class='ocrx_word' id='word_1_14' title='bbox 254 206 408 244; x_wconf 82' lang='lat' dir='ltr'>editores</span> <span class='ocrx_word' id='word_1_15' title='bbox 434 204 480 241; x_wconf 91' lang='lat' dir='ltr'>ab</span> <span class='ocrx_word' id='word_1_16' title='bbox 507 203 599 241; x_wconf 89' lang='lat' dir='ltr'>Aldo</span> <span class='ocrx_word' id='word_1_17' title='bbox 625 204 674 241; x_wconf 84' lang='lat' dir='ltr'>ad</span> <span class='ocrx_word' id='word_1_18' title='bbox 700 204 878 241; x_wconf 89' lang='lat' dir='ltr'>Orellium</span> <span class='ocrx_word' id='word_1_19' title='bbox 906 213 1026 254; x_wconf 86' lang='lat' dir='ltr'>extet,</span> <span class='ocrx_word' id='word_1_20' title='bbox 1062 214 1159 243; x_wconf 87' lang='lat' dir='ltr'>certe</span> <span class='ocrx_word' id='word_1_21' title='bbox 1186 207 1395 256; x_wconf 87' lang='lat' dir='ltr'>figmentum</span> <span class='ocrx_word' id='word_1_22' title='bbox 1421 212 1476 242; x_wconf 85' lang='lat' dir='ltr'>est</span> <span class='ocrx_word' id='word_1_23' title='bbox 1501 218 1546 242; x_wconf 87' lang='lat' dir='ltr'>ex</span> 
     </span>
    </p>

    <p class='ocr_par' dir='ltr' id='par_1_3' title="bbox 44 266 1555 2174">
     <span class='ocr_line' id='line_1_4' title="bbox 101 266 1545 316; baseline 0 -12"><span class='ocrx_word' id='word_1_24' title='bbox 101 267 254 305; x_wconf 89' lang='lat' dir='ltr'>Sueton.</span> <span class='ocrx_word' id='word_1_25' title='bbox 283 267 366 305; x_wconf 87' lang='lat' dir='ltr'>Oct.</span> <span class='ocrx_word' id='word_1_26' title='bbox 394 268 445 301; x_wconf 33' lang='lat'>31⁷</span> <span class='ocrx_word' id='word_1_27' title='bbox 470 266 644 315; x_wconf 88' lang='lat' dir='ltr'>petitum:</span> <span class='ocrx_word' id='word_1_28' title='bbox 676 266 934 316; x_wconf 68' lang='lat' dir='ltr'>Gon&#39;tpitaliciis</span> <span class='ocrx_word' id='word_1_29' title='bbox 959 267 1056 303; x_wconf 83' lang='lat' dir='ltr'>lares</span> <span class='ocrx_word' id='word_1_30' title='bbox 1082 280 1212 305; x_wconf 82' lang='lat' dir='ltr'>ornare</span> <span class='ocrx_word' id='word_1_31' title='bbox 1237 267 1290 305; x_wconf 75' lang='lat' dir='ltr'>bis</span> <span class='ocrx_word' id='word_1_32' title='bbox 1316 280 1411 305; x_wconf 71' lang='lat' dir='ltr'>anno</span> <span class='ocrx_word' id='word_1_33' title='bbox 1435 269 1545 304; x_wconf 54' lang='lat' dir='ltr'>instif-</span> 
     </span>
     <span class='ocr_line' id='line_1_5' title="bbox 57 316 1546 380; baseline -0.001 -15"><span class='ocrx_word' id='word_1_34' title='bbox 57 316 59 318; x_wconf 29' lang='lat'>¹</span> <span class='ocrx_word' id='word_1_35' title='bbox 101 331 193 376; x_wconf 75' lang='lat' dir='ltr'>tuit,</span> <span class='ocrx_word' id='word_1_36' title='bbox 217 330 338 366; x_wconf 72' lang='lat' dir='ltr'>uernis</span> <span class='ocrx_word' id='word_1_37' title='bbox 364 317 512 374; x_wconf 74' lang='lat' dir='ltr'>floribus</span> <span class='ocrx_word' id='word_1_38' title='bbox 538 332 572 364; x_wconf 82' lang='lat' dir='ltr'>et</span> <span class='ocrx_word' id='word_1_39' title='bbox 597 331 758 365; x_wconf 68' lang='lat' dir='ltr'>aestiuis,</span> <span class='ocrx_word' id='word_1_40' title='bbox 810 328 894 364; x_wconf 91' lang='lat' dir='ltr'>Non</span> <span class='ocrx_word' id='word_1_41' title='bbox 923 334 977 364; x_wconf 90' lang='lat' dir='ltr'>est</span> <span class='ocrx_word' id='word_1_42' title='bbox 1003 329 1188 377; x_wconf 77' lang='lat' dir='ltr'>ignotum,</span> <span class='ocrx_word' id='word_1_43' title='bbox 1216 331 1369 380; x_wconf 80' lang='lat' dir='ltr'>opinor,</span> <span class='ocrx_word' id='word_1_44' title='bbox 1397 330 1546 378; x_wconf 86' lang='lat' dir='ltr'>Compi-</span> 
     </span>
     <span class='ocr_line' id='line_1_6' title="bbox 101 387 1546 440; baseline 0 -14"><span class='ocrx_word' id='word_1_45' title='bbox 101 391 189 427; x_wconf 80' lang='lat' dir='ltr'>talia</span> <span class='ocrx_word' id='word_1_46' title='bbox 209 387 481 438; x_wconf 82' lang='lat' dir='ltr'>nunquam&#39;non</span> <span class='ocrx_word' id='word_1_47' title='bbox 503 391 735 440; x_wconf 86' lang='lat' dir='ltr'>conceptiuas</span> <span class='ocrx_word' id='word_1_48' title='bbox 756 390 864 426; x_wconf 86' lang='lat' dir='ltr'>ferias</span> <span class='ocrx_word' id='word_1_49' title='bbox 888 389 1012 435; x_wconf 81' lang='lat' dir='ltr'>fuisse,</span> <span class='ocrx_word' id='word_1_50' title='bbox 1039 390 1085 426; x_wconf 88' lang='lat' dir='ltr'>de</span> <span class='ocrx_word' id='word_1_51' title='bbox 1107 404 1178 440; x_wconf 90' lang='lat' dir='ltr'>quo</span> <span class='ocrx_word' id='word_1_52' title='bbox 1199 404 1330 440; x_wconf 77' lang='lat' dir='ltr'>genere</span> <span class='ocrx_word' id='word_1_53' title='bbox 1352 390 1546 440; x_wconf 88' lang='lat' dir='ltr'>aliquando</span> 
     </span>
     <span class='ocr_line' id='line_1_7' title="bbox 101 450 1546 502; baseline 0.002 -16"><span class='ocrx_word' id='word_1_54' title='bbox 101 450 197 487; x_wconf 83' lang='lat' dir='ltr'>infra</span> <span class='ocrx_word' id='word_1_55' title='bbox 221 461 380 499; x_wconf 85' lang='lat' dir='ltr'>agemus.</span> <span class='ocrx_word' id='word_1_56' title='bbox 428 451 605 501; x_wconf 89' lang='lat' dir='ltr'><strong>Sequenti</strong></span> <span class='ocrx_word' id='word_1_57' title='bbox 631 454 764 489; x_wconf 78' lang='lat' dir='ltr'><strong>mensis</strong></span> <span class='ocrx_word' id='word_1_58' title='bbox 788 452 876 488; x_wconf 88' lang='lat' dir='ltr'>Maii</span> <span class='ocrx_word' id='word_1_59' title='bbox 904 451 1012 487; x_wconf 86' lang='lat' dir='ltr'>biduo</span> <span class='ocrx_word' id='word_1_60' title='bbox 1041 451 1229 489; x_wconf 87' lang='lat' dir='ltr'>discedunt</span> <span class='ocrx_word' id='word_1_61' title='bbox 1256 453 1546 502; x_wconf 78' lang='lat' dir='ltr'>interpolatores.</span> 
     </span>
     <span class='ocr_line' id='line_1_8' title="bbox 100 511 1547 563; baseline 0.001 -15"><span class='ocrx_word' id='word_1_62' title='bbox 100 511 211 548; x_wconf 86' lang='lat' dir='ltr'>Aldus</span> <span class='ocrx_word' id='word_1_63' title='bbox 238 520 275 548; x_wconf 91' lang='lat' dir='ltr'>et</span> <span class='ocrx_word' id='word_1_64' title='bbox 301 514 363 562; x_wconf 93' lang='lat' dir='ltr'>qui</span> <span class='ocrx_word' id='word_1_65' title='bbox 389 525 470 549; x_wconf 92' lang='lat' dir='ltr'>eum</span> <span class='ocrx_word' id='word_1_66' title='bbox 496 522 713 563; x_wconf 89' lang='lat' dir='ltr'>sequuntur,</span> <span class='ocrx_word' id='word_1_67' title='bbox 740 514 947 551; x_wconf 85' lang='lat' dir='ltr'>Morcellius</span> <span class='ocrx_word' id='word_1_68' title='bbox 970 518 1006 549; x_wconf 85' lang='lat' dir='ltr'>et</span> <span class='ocrx_word' id='word_1_69' title='bbox 1026 514 1206 550; x_wconf 80' lang='lat' dir='ltr'>Gruterus</span> <span class='ocrx_word' id='word_1_70' title='bbox 1235 521 1428 562; x_wconf 88' lang='lat' dir='ltr'>utrumque</span> <span class='ocrx_word' id='word_1_71' title='bbox 1454 514 1547 549; x_wconf 91' lang='lat' dir='ltr'>diem</span> 
     </span>
     <span class='ocr_line' id='line_1_9' title="bbox 101 573 1548 626; baseline 0.001 -17"><span class='ocrx_word' id='word_1_72' title='bbox 101 573 314 610; x_wconf 88' lang='lat' dir='ltr'>comitialem</span> <span class='ocrx_word' id='word_1_73' title='bbox 349 573 508 623; x_wconf 83' lang='lat' dir='ltr'>faciunt,</span> <span class='ocrx_word' id='word_1_74' title='bbox 543 576 589 612; x_wconf 88' lang='lat' dir='ltr'>ad</span> <span class='ocrx_word' id='word_1_75' title='bbox 626 576 734 613; x_wconf 87' lang='lat' dir='ltr'>fidem</span> <span class='ocrx_word' id='word_1_76' title='bbox 770 577 964 626; x_wconf 82' lang='lat' dir='ltr'>fragmenti</span> <span class='ocrx_word' id='word_1_77' title='bbox 992 576 1163 612; x_wconf 83' lang='lat' dir='ltr'>Venusini</span> <span class='ocrx_word' id='word_1_78' title='bbox 1196 577 1272 612; x_wconf 87' lang='lat' dir='ltr'>sine</span> <span class='ocrx_word' id='word_1_79' title='bbox 1298 575 1428 611; x_wconf 83' lang='lat' dir='ltr'>dubio:</span> <span class='ocrx_word' id='word_1_80' title='bbox 1467 587 1548 611; x_wconf 88' lang='lat' dir='ltr'>eam</span> 
     </span>
     <span class='ocr_line' id='line_1_10' title="bbox 100 636 1550 686; baseline 0.001 -16"><span class='ocrx_word' id='word_1_81' title='bbox 100 640 224 671; x_wconf 86' lang='lat' dir='ltr'>notam</span> <span class='ocrx_word' id='word_1_82' title='bbox 250 637 420 672; x_wconf 82' lang='lat' dir='ltr'>omittunt</span> <span class='ocrx_word' id='word_1_83' title='bbox 445 637 641 686; x_wconf 81' lang='lat' dir='ltr'>Fogginius</span> <span class='ocrx_word' id='word_1_84' title='bbox 669 640 849 675; x_wconf 87' lang='lat' dir='ltr'>Graeuius</span> <span class='ocrx_word' id='word_1_85' title='bbox 877 644 914 674; x_wconf 88' lang='lat' dir='ltr'>et</span> <span class='ocrx_word' id='word_1_86' title='bbox 939 636 1098 674; x_wconf 85' lang='lat' dir='ltr'>Orellius</span> <span class='ocrx_word' id='word_1_87' title='bbox 1125 638 1248 686; x_wconf 87' lang='lat' dir='ltr'>priore</span> <span class='ocrx_word' id='word_1_88' title='bbox 1282 637 1361 684; x_wconf 90' lang='lat' dir='ltr'>die,</span> <span class='ocrx_word' id='word_1_89' title='bbox 1391 636 1454 672; x_wconf 89' lang='lat' dir='ltr'>sed</span> <span class='ocrx_word' id='word_1_90' title='bbox 1488 649 1550 673; x_wconf 88' lang='lat' dir='ltr'>se-</span> 
     </span>
     <span class='ocr_line' id='line_1_11' title="bbox 100 697 1549 748; baseline 0.001 -16"><span class='ocrx_word' id='word_1_91' title='bbox 100 703 270 745; x_wconf 88' lang='lat' dir='ltr'>quentem</span> <span class='ocrx_word' id='word_1_92' title='bbox 297 698 431 735; x_wconf 85' lang='lat' dir='ltr'>scilicet</span> <span class='ocrx_word' id='word_1_93' title='bbox 454 698 615 735; x_wconf 84' lang='lat' dir='ltr'>doctiore</span> <span class='ocrx_word' id='word_1_94' title='bbox 638 700 787 736; x_wconf 65' lang='lat' dir='ltr'>artificio</span> <span class='ocrx_word' id='word_1_95' title='bbox 808 700 878 736; x_wconf 85' lang='lat' dir='ltr'>EN</span> <span class='ocrx_word' id='word_1_96' title='bbox 903 700 1059 748; x_wconf 83' lang='lat' dir='ltr'>signant,</span> <span class='ocrx_word' id='word_1_97' title='bbox 1087 698 1184 748; x_wconf 89' lang='lat' dir='ltr'>quod</span> <span class='ocrx_word' id='word_1_98' title='bbox 1206 697 1301 734; x_wconf 87' lang='lat' dir='ltr'>unde</span> <span class='ocrx_word' id='word_1_99' title='bbox 1318 699 1549 748; x_wconf 82' lang='lat' dir='ltr'>sumpserint,</span> 
     </span>
     <span class='ocr_line' id='line_1_12' title="bbox 101 759 1550 798; baseline 0.002 -4"><span class='ocrx_word' id='word_1_100' title='bbox 101 771 174 794; x_wconf 90' lang='lat' dir='ltr'>non</span> <span class='ocrx_word' id='word_1_101' title='bbox 200 759 360 796; x_wconf 86' lang='lat' dir='ltr'>inuenio.</span> <span class='ocrx_word' id='word_1_102' title='bbox 414 761 536 797; x_wconf 86' lang='lat' dir='ltr'>Credo</span> <span class='ocrx_word' id='word_1_103' title='bbox 563 762 711 797; x_wconf 83' lang='lat' dir='ltr'>miratos</span> <span class='ocrx_word' id='word_1_104' title='bbox 746 773 824 798; x_wconf 87' lang='lat' dir='ltr'>esse</span> <span class='ocrx_word' id='word_1_105' title='bbox 854 768 926 798; x_wconf 89' lang='lat' dir='ltr'>tam</span> <span class='ocrx_word' id='word_1_106' title='bbox 954 772 1036 796; x_wconf 86' lang='lat' dir='ltr'>raro</span> <span class='ocrx_word' id='word_1_107' title='bbox 1062 760 1250 796; x_wconf 87' lang='lat' dir='ltr'>intercisos</span> <span class='ocrx_word' id='word_1_108' title='bbox 1277 759 1352 796; x_wconf 89' lang='lat' dir='ltr'>dies</span> <span class='ocrx_word' id='word_1_109' title='bbox 1377 760 1550 797; x_wconf 86' lang='lat' dir='ltr'>inueniri:</span> 
     </span>
     <span class='ocr_line' id='line_1_13' title="bbox 99 819 1552 872; baseline 0.003 -17"><span class='ocrx_word' id='word_1_110' title='bbox 99 819 187 856; x_wconf 80' lang='lat' dir='ltr'>fecit</span> <span class='ocrx_word' id='word_1_111' title='bbox 211 820 249 856; x_wconf 92' lang='lat' dir='ltr'>id</span> <span class='ocrx_word' id='word_1_112' title='bbox 270 822 379 858; x_wconf 88' lang='lat' dir='ltr'>etiam</span> <span class='ocrx_word' id='word_1_113' title='bbox 400 822 561 871; x_wconf 85' lang='lat' dir='ltr'>Pighius,</span> <span class='ocrx_word' id='word_1_114' title='bbox 586 823 647 872; x_wconf 90' lang='lat' dir='ltr'>qui</span> <span class='ocrx_word' id='word_1_115' title='bbox 670 835 802 859; x_wconf 89' lang='lat' dir='ltr'>nouem</span> <span class='ocrx_word' id='word_1_116' title='bbox 824 822 954 858; x_wconf 79' lang='lat' dir='ltr'>adesse</span> <span class='ocrx_word' id='word_1_117' title='bbox 977 821 1155 869; x_wconf 82' lang='lat' dir='ltr'>affirmat3</span> <span class='ocrx_word' id='word_1_118' title='bbox 1183 821 1269 858; x_wconf 87' lang='lat' dir='ltr'>nihil</span> <span class='ocrx_word' id='word_1_119' title='bbox 1295 822 1405 871; x_wconf 81' lang='lat' dir='ltr'>igitur</span> <span class='ocrx_word' id='word_1_120' title='bbox 1424 823 1552 859; x_wconf 88' lang='lat' dir='ltr'>tribuit</span> 
     </span>
     <span class='ocr_line' id='line_1_14' title="bbox 44 882 1551 934; baseline 0.002 -16"><span class='ocrx_word' id='word_1_121' title='bbox 44 908 47 910; x_wconf 94' lang='lat'>-</span> <span class='ocrx_word' id='word_1_122' title='bbox 100 882 159 918; x_wconf 90' lang='lat' dir='ltr'>isti</span> <span class='ocrx_word' id='word_1_123' title='bbox 186 891 416 932; x_wconf 80' lang='lat' dir='ltr'>commento,</span> <span class='ocrx_word' id='word_1_124' title='bbox 444 884 543 933; x_wconf 93' lang='lat' dir='ltr'>quod</span> <span class='ocrx_word' id='word_1_125' title='bbox 569 896 613 920; x_wconf 85' lang='lat' dir='ltr'>ex</span> <span class='ocrx_word' id='word_1_126' title='bbox 638 884 806 920; x_wconf 86' lang='lat' dir='ltr'>Montani</span> <span class='ocrx_word' id='word_1_127' title='bbox 832 883 1044 933; x_wconf 82' lang='lat' dir='ltr'>apographo</span> <span class='ocrx_word' id='word_1_128' title='bbox 1071 896 1178 920; x_wconf 84' lang='lat' dir='ltr'>nosse</span> <span class='ocrx_word' id='word_1_129' title='bbox 1202 885 1334 934; x_wconf 90' lang='lat' dir='ltr'>potuit.</span> <span class='ocrx_word' id='word_1_130' title='bbox 1385 884 1445 920; x_wconf 91' lang='lat' dir='ltr'>Ne</span> <span class='ocrx_word' id='word_1_131' title='bbox 1471 885 1551 933; x_wconf 87' lang='lat' dir='ltr'>quis</span> 
     </span>
     <span class='ocr_line' id='line_1_15' title="bbox 100 945 1553 995; baseline 0.002 -14"><span class='ocrx_word' id='word_1_132' title='bbox 100 945 254 981; x_wconf 88' lang='lat' dir='ltr'>miretur</span> <span class='ocrx_word' id='word_1_133' title='bbox 281 946 429 981; x_wconf 86' lang='lat' dir='ltr'>nimium</span> <span class='ocrx_word' id='word_1_134' title='bbox 457 952 643 995; x_wconf 83' lang='lat' dir='ltr'>stuporem</span> <span class='ocrx_word' id='word_1_135' title='bbox 678 946 829 982; x_wconf 89' lang='lat' dir='ltr'>istorum</span> <span class='ocrx_word' id='word_1_136' title='bbox 863 946 1073 993; x_wconf 86' lang='lat' dir='ltr'>hominum,</span> <span class='ocrx_word' id='word_1_137' title='bbox 1108 946 1172 995; x_wconf 89' lang='lat' dir='ltr'>qui</span> <span class='ocrx_word' id='word_1_138' title='bbox 1204 959 1276 982; x_wconf 90' lang='lat' dir='ltr'>non</span> <span class='ocrx_word' id='word_1_139' title='bbox 1309 947 1553 985; x_wconf 80' lang='lat' dir='ltr'>intellexerint</span> 
     </span>
     <span class='ocr_line' id='line_1_16' title="bbox 102 1006 1552 1056; baseline 0.003 -14"><span class='ocrx_word' id='word_1_140' title='bbox 102 1006 208 1043; x_wconf 90' lang='lat' dir='ltr'>ludos</span> <span class='ocrx_word' id='word_1_141' title='bbox 233 1007 366 1043; x_wconf 84' lang='lat' dir='ltr'>Florae</span> <span class='ocrx_word' id='word_1_142' title='bbox 391 1006 616 1056; x_wconf 88' lang='lat' dir='ltr'>supplendos</span> <span class='ocrx_word' id='word_1_143' title='bbox 641 1007 754 1044; x_wconf 80' lang='lat' dir='ltr'>fuisse</span> <span class='ocrx_word' id='word_1_144' title='bbox 781 1013 866 1044; x_wconf 89' lang='lat' dir='ltr'>ante</span> <span class='ocrx_word' id='word_1_145' title='bbox 897 1009 1030 1052; x_wconf 87' lang='lat' dir='ltr'>omnia,</span> <span class='ocrx_word' id='word_1_146' title='bbox 1057 1008 1243 1044; x_wconf 87' lang='lat' dir='ltr'>sciendum</span> <span class='ocrx_word' id='word_1_147' title='bbox 1271 1015 1326 1045; x_wconf 87' lang='lat' dir='ltr'>est</span> <span class='ocrx_word' id='word_1_148' title='bbox 1350 1009 1386 1045; x_wconf 90' lang='lat' dir='ltr'>in</span> <span class='ocrx_word' id='word_1_149' title='bbox 1414 1010 1457 1045; x_wconf 91' lang='lat' dir='ltr'>iis</span> <span class='ocrx_word' id='word_1_150' title='bbox 1478 1010 1552 1046; x_wconf 87' lang='lat' dir='ltr'>Ve-</span> 
     </span>
     <span class='ocr_line' id='line_1_17' title="bbox 100 1068 1552 1119; baseline 0.002 -15"><span class='ocrx_word' id='word_1_151' title='bbox 100 1069 221 1104; x_wconf 87' lang='lat' dir='ltr'>nusini</span> <span class='ocrx_word' id='word_1_152' title='bbox 247 1068 441 1117; x_wconf 81' lang='lat' dir='ltr'>fragmenti</span> <span class='ocrx_word' id='word_1_153' title='bbox 467 1068 711 1118; x_wconf 84' lang='lat' dir='ltr'>apographis,</span> <span class='ocrx_word' id='word_1_154' title='bbox 747 1081 842 1119; x_wconf 88' lang='lat' dir='ltr'>quae</span> <span class='ocrx_word' id='word_1_155' title='bbox 867 1070 1012 1106; x_wconf 89' lang='lat' dir='ltr'>saeculo</span> <span class='ocrx_word' id='word_1_156' title='bbox 1038 1069 1123 1106; x_wconf 85' lang='lat' dir='ltr'>XVI</span> <span class='ocrx_word' id='word_1_157' title='bbox 1149 1071 1363 1118; x_wconf 85' lang='lat' dir='ltr'>innotuere,</span> <span class='ocrx_word' id='word_1_158' title='bbox 1389 1083 1462 1107; x_wconf 85' lang='lat' dir='ltr'>non</span> <span class='ocrx_word' id='word_1_159' title='bbox 1488 1072 1552 1116; x_wconf 88' lang='lat' dir='ltr'>ita,</span> 
     </span>
     <span class='ocr_line' id='line_1_18' title="bbox 99 1130 1552 1180; baseline 0.003 -14"><span class='ocrx_word' id='word_1_160' title='bbox 99 1130 154 1167; x_wconf 90' lang='lat' dir='ltr'>uti</span> <span class='ocrx_word' id='word_1_161' title='bbox 178 1130 276 1180; x_wconf 89' lang='lat' dir='ltr'>apud</span> <span class='ocrx_word' id='word_1_162' title='bbox 296 1130 327 1166; x_wconf 93' lang='lat' dir='ltr'><strong>F</strong></span> <span class='ocrx_word' id='word_1_163' title='bbox 330 1131 528 1179; x_wconf 83' lang='lat' dir='ltr'>ogginium,</span> <span class='ocrx_word' id='word_1_164' title='bbox 555 1131 674 1167; x_wconf 90' lang='lat' dir='ltr'>LVDI</span> <span class='ocrx_word' id='word_1_165' title='bbox 695 1137 732 1167; x_wconf 88' lang='lat' dir='ltr'>et</span> <span class='ocrx_word' id='word_1_166' title='bbox 751 1131 870 1168; x_wconf 91' lang='lat' dir='ltr'><strong>LVDI</strong></span> <span class='ocrx_word' id='word_1_167' title='bbox 889 1132 941 1168; x_wconf 85' lang='grc' dir='ltr'>ΙΝ</span> <span class='ocrx_word' id='word_1_168' title='bbox 962 1132 1118 1170; x_wconf 89' lang='lat' dir='ltr'>ClRCO</span> <span class='ocrx_word' id='word_1_169' title='bbox 1139 1131 1342 1169; x_wconf 89' lang='lat' dir='ltr'><strong>FLORAE</strong></span> <span class='ocrx_word' id='word_1_170' title='bbox 1369 1144 1459 1180; x_wconf 90' lang='lat' dir='ltr'>esse,</span> <span class='ocrx_word' id='word_1_171' title='bbox 1487 1134 1552 1171; x_wconf 85' lang='lat' dir='ltr'>sed</span> 
     </span>
     <span class='ocr_line' id='line_1_19' title="bbox 100 1192 1551 1246; baseline 0.003 -18"><span class='ocrx_word' id='word_1_172' title='bbox 100 1192 178 1229; x_wconf 76' lang='lat' dir='ltr'>lud.</span> <span class='ocrx_word' id='word_1_173' title='bbox 205 1199 345 1229; x_wconf 89' lang='lat' dir='ltr'>tantum</span> <span class='ocrx_word' id='word_1_174' title='bbox 372 1200 428 1228; x_wconf 90' lang='lat' dir='ltr'>ter</span> <span class='ocrx_word' id='word_1_175' title='bbox 454 1193 608 1240; x_wconf 81' lang='lat' dir='ltr'>ascribi,</span> <span class='ocrx_word' id='word_1_176' title='bbox 635 1194 694 1228; x_wconf 91' lang='lat' dir='ltr'>cui</span> <span class='ocrx_word' id='word_1_177' title='bbox 720 1205 800 1229; x_wconf 88' lang='lat' dir='ltr'>cum</span> <span class='ocrx_word' id='word_1_178' title='bbox 827 1193 1004 1230; x_wconf 84' lang='lat' dir='ltr'>Kalendis</span> <span class='ocrx_word' id='word_1_179' title='bbox 1031 1194 1188 1230; x_wconf 83' lang='lat' dir='ltr'>addatur</span> <span class='ocrx_word' id='word_1_180' title='bbox 1213 1194 1282 1231; x_wconf 77' lang='lat' dir='ltr'>lar.</span> <span class='ocrx_word' id='word_1_181' title='bbox 1310 1194 1355 1241; x_wconf 72' lang='lat' dir='ltr'>fi,</span> <span class='ocrx_word' id='word_1_182' title='bbox 1383 1197 1435 1232; x_wconf 92' lang='lat' dir='ltr'>uti</span> <span class='ocrx_word' id='word_1_183' title='bbox 1461 1196 1551 1246; x_wconf 82' lang='lat' dir='ltr'>dixi,</span> 
     </span>
     <span class='ocr_line' id='line_1_20' title="bbox 101 1254 1553 1306; baseline 0.002 -14"><span class='ocrx_word' id='word_1_184' title='bbox 101 1255 169 1292; x_wconf 90' lang='lat' dir='ltr'>nisi</span> <span class='ocrx_word' id='word_1_185' title='bbox 193 1255 301 1292; x_wconf 85' lang='lat' dir='ltr'>fallor</span> <span class='ocrx_word' id='word_1_186' title='bbox 333 1255 592 1292; x_wconf 79' lang='lat' dir='ltr'>intellexerunt</span> <span class='ocrx_word' id='word_1_187' title='bbox 617 1254 723 1290; x_wconf 89' lang='lat' dir='ltr'>ludos</span> <span class='ocrx_word' id='word_1_188' title='bbox 757 1255 886 1292; x_wconf 86' lang='lat' dir='ltr'>larium</span> <span class='ocrx_word' id='word_1_189' title='bbox 920 1256 1177 1306; x_wconf 89' lang='lat' dir='ltr'>compitalicios</span> <span class='ocrx_word' id='word_1_190' title='bbox 1203 1256 1323 1292; x_wconf 90' lang='lat' dir='ltr'>triduo</span> <span class='ocrx_word' id='word_1_191' title='bbox 1350 1258 1553 1296; x_wconf 86' lang='lat' dir='ltr'>celebratos</span> 
     </span>
     <span class='ocr_line' id='line_1_21' title="bbox 103 1317 1553 1368; baseline 0.003 -14"><span class='ocrx_word' id='word_1_192' title='bbox 103 1323 194 1354; x_wconf 71' lang='lat' dir='ltr'>teste</span> <span class='ocrx_word' id='word_1_193' title='bbox 219 1317 331 1354; x_wconf 90' lang='lat' dir='ltr'>Festo</span> <span class='ocrx_word' id='word_1_194' title='bbox 359 1330 395 1366; x_wconf 91' lang='lat' dir='ltr'>p.</span> <span class='ocrx_word' id='word_1_195' title='bbox 411 1319 475 1364; x_wconf 75' lang='lat'>64,</span> <span class='ocrx_word' id='word_1_196' title='bbox 502 1318 552 1352; x_wconf 82' lang='lat'>34</span> <span class='ocrx_word' id='word_1_197' title='bbox 577 1317 660 1353; x_wconf 86' lang='lat' dir='ltr'>Vrs.</span> <span class='ocrx_word' id='word_1_198' title='bbox 714 1317 882 1366; x_wconf 84' lang='lat' dir='ltr'>Inprimis</span> <span class='ocrx_word' id='word_1_199' title='bbox 916 1317 1004 1353; x_wconf 91' lang='lat' dir='ltr'>illud</span> <span class='ocrx_word' id='word_1_200' title='bbox 1037 1318 1080 1353; x_wconf 90' lang='lat' dir='ltr'>iis</span> <span class='ocrx_word' id='word_1_201' title='bbox 1112 1318 1258 1363; x_wconf 85' lang='lat' dir='ltr'>nocuit,</span> <span class='ocrx_word' id='word_1_202' title='bbox 1291 1319 1389 1368; x_wconf 91' lang='lat' dir='ltr'>quod</span> <span class='ocrx_word' id='word_1_203' title='bbox 1425 1321 1462 1356; x_wconf 92' lang='lat' dir='ltr'>in</span> <span class='ocrx_word' id='word_1_204' title='bbox 1486 1333 1553 1358; x_wconf 70' lang='lat' dir='ltr'>sex</span> 
     </span>
     <span class='ocr_line' id='line_1_22' title="bbox 98 1377 1552 1432; baseline 0.003 -16"><span class='ocrx_word' id='word_1_205' title='bbox 98 1381 262 1428; x_wconf 73' lang='lat' dir='ltr'>priorum</span> <span class='ocrx_word' id='word_1_206' title='bbox 286 1381 462 1416; x_wconf 76' lang='lat' dir='ltr'>mensium</span> <span class='ocrx_word' id='word_1_207' title='bbox 487 1377 682 1427; x_wconf 74' lang='lat' dir='ltr'>diyestione</span> <span class='ocrx_word' id='word_1_208' title='bbox 709 1391 755 1415; x_wconf 73' lang='lat' dir='ltr'>ex</span> <span class='ocrx_word' id='word_1_209' title='bbox 789 1391 855 1416; x_wconf 68' lang='lat' dir='ltr'>sea·</span> <span class='ocrx_word' id='word_1_210' title='bbox 884 1377 1011 1416; x_wconf 65' lang='lat' dir='ltr'>Ouid-22</span> <span class='ocrx_word' id='word_1_211' title='bbox 1035 1379 1220 1426; x_wconf 75' lang='lat' dir='ltr'>fastorum</span> <span class='ocrx_word' id='word_1_212' title='bbox 1246 1380 1347 1417; x_wconf 63' lang='lat' dir='ltr'>libris</span> <span class='ocrx_word' id='word_1_213' title='bbox 1371 1388 1552 1432; x_wconf 77' lang='lat' dir='ltr'>excerpta,</span> 
     </span>
     <span class='ocr_line' id='line_1_23' title="bbox 100 1440 1551 1492; baseline 0.003 -14"><span class='ocrx_word' id='word_1_214' title='bbox 100 1454 196 1492; x_wconf 90' lang='lat' dir='ltr'>quae</span> <span class='ocrx_word' id='word_1_215' title='bbox 221 1441 256 1478; x_wconf 93' lang='lat' dir='ltr'>in</span> <span class='ocrx_word' id='word_1_216' title='bbox 284 1441 364 1478; x_wconf 88' lang='lat' dir='ltr'>Aldi</span> <span class='ocrx_word' id='word_1_217' title='bbox 387 1440 510 1477; x_wconf 90' lang='lat' dir='ltr'>Ouidii</span> <span class='ocrx_word' id='word_1_218' title='bbox 536 1449 624 1477; x_wconf 90' lang='lat' dir='ltr'>tom.</span> <span class='ocrx_word' id='word_1_219' title='bbox 651 1442 699 1478; x_wconf 87' lang='grc' dir='ltr'>ΙΙΙ</span> <span class='ocrx_word' id='word_1_220' title='bbox 724 1442 982 1491; x_wconf 84' lang='lat' dir='ltr'>praemittitur,</span> <span class='ocrx_word' id='word_1_221' title='bbox 1012 1442 1087 1478; x_wconf 91' lang='lat' dir='ltr'>ludi</span> <span class='ocrx_word' id='word_1_222' title='bbox 1106 1443 1238 1479; x_wconf 85' lang='lat' dir='ltr'>Florae</span> <span class='ocrx_word' id='word_1_223' title='bbox 1266 1455 1337 1478; x_wconf 90' lang='lat' dir='ltr'>non</span> <span class='ocrx_word' id='word_1_224' title='bbox 1365 1450 1551 1483; x_wconf 82' lang='lat' dir='ltr'>notantur.</span> 
     </span>
     <span class='ocr_line' id='line_1_24' title="bbox 100 1503 1553 1554; baseline 0.003 -15"><span class='ocrx_word' id='word_1_225' title='bbox 100 1505 148 1540; x_wconf 89' lang='lat' dir='ltr'>At</span> <span class='ocrx_word' id='word_1_226' title='bbox 167 1503 344 1540; x_wconf 82' lang='lat' dir='ltr'>Kalendis</span> <span class='ocrx_word' id='word_1_227' title='bbox 370 1505 465 1551; x_wconf 67' lang='lat' dir='ltr'>lun„</span> <span class='ocrx_word' id='word_1_228' title='bbox 494 1505 580 1554; x_wconf 88' lang='lat' dir='ltr'>quia</span> <span class='ocrx_word' id='word_1_229' title='bbox 606 1504 679 1540; x_wconf 85' lang='lat' dir='ltr'>illic</span> <span class='ocrx_word' id='word_1_230' title='bbox 705 1505 822 1540; x_wconf 89' lang='lat' dir='ltr'>trinae</span> <span class='ocrx_word' id='word_1_231' title='bbox 847 1504 962 1540; x_wconf 87' lang='lat' dir='ltr'>feriae</span> <span class='ocrx_word' id='word_1_232' title='bbox 988 1505 1119 1540; x_wconf 88' lang='lat' dir='ltr'>rectius</span> <span class='ocrx_word' id='word_1_233' title='bbox 1147 1517 1190 1540; x_wconf 90' lang='lat' dir='ltr'>ex</span> <span class='ocrx_word' id='word_1_234' title='bbox 1219 1504 1354 1541; x_wconf 88' lang='lat' dir='ltr'>Ouidio</span> <span class='ocrx_word' id='word_1_235' title='bbox 1382 1512 1553 1544; x_wconf 87' lang='lat' dir='ltr'>enotatae</span> 
     </span>
     <span class='ocr_line' id='line_1_25' title="bbox 101 1565 1555 1618; baseline 0.002 -16"><span class='ocrx_word' id='word_1_236' title='bbox 101 1571 207 1614; x_wconf 89' lang='lat' dir='ltr'>sunt,</span> <span class='ocrx_word' id='word_1_237' title='bbox 239 1565 443 1602; x_wconf 89' lang='lat' dir='ltr'>incredibili</span> <span class='ocrx_word' id='word_1_238' title='bbox 465 1566 688 1611; x_wconf 84' lang='lat' dir='ltr'>temeritate,</span> <span class='ocrx_word' id='word_1_239' title='bbox 723 1579 804 1603; x_wconf 87' lang='lat' dir='ltr'>cum</span> <span class='ocrx_word' id='word_1_240' title='bbox 831 1567 954 1603; x_wconf 90' lang='lat' dir='ltr'>littera</span> <span class='ocrx_word' id='word_1_241' title='bbox 980 1566 1016 1602; x_wconf 92' lang='lat' dir='ltr'>N</span> <span class='ocrx_word' id='word_1_242' title='bbox 1041 1567 1168 1602; x_wconf 86' lang='lat' dir='ltr'>ultima</span> <span class='ocrx_word' id='word_1_243' title='bbox 1193 1567 1372 1604; x_wconf 89' lang='lat' dir='ltr'>lemmatis</span> <span class='ocrx_word' id='word_1_244' title='bbox 1395 1570 1555 1618; x_wconf 88' lang='lat' dir='ltr'>supersit</span> 
     </span>
     <span class='ocr_line' id='line_1_26' title="bbox 101 1626 1555 1674; baseline 0.003 -10"><span class='ocrx_word' id='word_1_245' title='bbox 101 1628 139 1664; x_wconf 88' lang='lat' dir='ltr'>in</span> <span class='ocrx_word' id='word_1_246' title='bbox 163 1628 289 1664; x_wconf 89' lang='lat' dir='ltr'>tabula</span> <span class='ocrx_word' id='word_1_247' title='bbox 315 1626 436 1674; x_wconf 80' lang='lat' dir='ltr'>Maffi,</span> <span class='ocrx_word' id='word_1_248' title='bbox 462 1627 686 1665; x_wconf 84' lang='lat' dir='ltr'>refluxerunt</span> <span class='ocrx_word' id='word_1_249' title='bbox 713 1629 760 1665; x_wconf 91' lang='lat' dir='ltr'>H.</span> <span class='ocrx_word' id='word_1_250' title='bbox 780 1629 832 1666; x_wconf 90' lang='lat' dir='ltr'>K.</span> <span class='ocrx_word' id='word_1_251' title='bbox 854 1628 953 1666; x_wconf 90' lang='lat' dir='ltr'>lVN.</span> <span class='ocrx_word' id='word_1_252' title='bbox 974 1628 1024 1665; x_wconf 92' lang='lat' dir='ltr'>N.</span> <span class='ocrx_word' id='word_1_253' title='bbox 1044 1628 1202 1665; x_wconf 89' lang='lat' dir='ltr'><strong>MART.</strong></span> <span class='ocrx_word' id='word_1_254' title='bbox 1219 1629 1330 1666; x_wconf 87' lang='lat' dir='ltr'><strong>CAR.</strong></span> <span class='ocrx_word' id='word_1_255' title='bbox 1353 1629 1555 1668; x_wconf 85' lang='lat' dir='ltr'><strong>MONET.</strong></span> 
     </span>
     <span class='ocr_line' id='line_1_27' title="bbox 102 1688 1554 1741; baseline 0.002 -17"><span class='ocrx_word' id='word_1_256' title='bbox 102 1688 219 1725; x_wconf 89' lang='lat' dir='ltr'>Plane</span> <span class='ocrx_word' id='word_1_257' title='bbox 250 1689 362 1724; x_wconf 88' lang='lat' dir='ltr'>miror</span> <span class='ocrx_word' id='word_1_258' title='bbox 392 1689 668 1738; x_wconf 88' lang='lat' dir='ltr'>Tempestatem</span> <span class='ocrx_word' id='word_1_259' title='bbox 700 1691 881 1727; x_wconf 88' lang='lat' dir='ltr'>omissam.</span> <span class='ocrx_word' id='word_1_260' title='bbox 933 1691 974 1727; x_wconf 92' lang='lat' dir='ltr'>Id</span> <span class='ocrx_word' id='word_1_261' title='bbox 1001 1691 1294 1741; x_wconf 89' lang='lat' dir='ltr'>supplementum</span> <span class='ocrx_word' id='word_1_262' title='bbox 1323 1691 1420 1728; x_wconf 92' lang='lat' dir='ltr'>unde</span> <span class='ocrx_word' id='word_1_263' title='bbox 1445 1698 1554 1741; x_wconf 89' lang='lat' dir='ltr'>esset,</span> 
     </span>
     <span class='ocr_line' id='line_1_28' title="bbox 103 1750 1555 1803; baseline 0.003 -16"><span class='ocrx_word' id='word_1_264' title='bbox 103 1750 217 1787; x_wconf 88' lang='lat' dir='ltr'>Aldus</span> <span class='ocrx_word' id='word_1_265' title='bbox 243 1751 430 1799; x_wconf 77' lang='lat' dir='ltr'>ignorasse</span> <span class='ocrx_word' id='word_1_266' title='bbox 457 1750 624 1798; x_wconf 89' lang='lat' dir='ltr'>uidetur,</span> <span class='ocrx_word' id='word_1_267' title='bbox 661 1764 781 1801; x_wconf 90' lang='lat' dir='ltr'>neque</span> <span class='ocrx_word' id='word_1_268' title='bbox 814 1753 912 1789; x_wconf 90' lang='lat' dir='ltr'>enim</span> <span class='ocrx_word' id='word_1_269' title='bbox 937 1752 1140 1799; x_wconf 83' lang='lat' dir='ltr'>Kalendis,</span> <span class='ocrx_word' id='word_1_270' title='bbox 1176 1753 1229 1788; x_wconf 89' lang='lat' dir='ltr'>uti</span> <span class='ocrx_word' id='word_1_271' title='bbox 1255 1752 1354 1801; x_wconf 88' lang='lat' dir='ltr'>apud</span> <span class='ocrx_word' id='word_1_272' title='bbox 1380 1753 1555 1803; x_wconf 84' lang='lat' dir='ltr'>Foggin.‚</span> 
     </span>
     <span class='ocr_line' id='line_1_29' title="bbox 103 1810 1554 1863; baseline 0.003 -13"><span class='ocrx_word' id='word_1_273' title='bbox 103 1814 230 1860; x_wconf 90' lang='lat' dir='ltr'>Grut.,</span> <span class='ocrx_word' id='word_1_274' title='bbox 258 1811 392 1859; x_wconf 84' lang='lat' dir='ltr'>Orell.‚</span> <span class='ocrx_word' id='word_1_275' title='bbox 418 1810 481 1847; x_wconf 91' lang='lat' dir='ltr'>sed</span> <span class='ocrx_word' id='word_1_276' title='bbox 508 1811 559 1848; x_wconf 85' lang='lat' dir='ltr'>1V</span> <span class='ocrx_word' id='word_1_277' title='bbox 578 1812 677 1849; x_wconf 90' lang='lat' dir='ltr'>Non.</span> <span class='ocrx_word' id='word_1_278' title='bbox 706 1813 803 1863; x_wconf 86' lang='lat' dir='ltr'>apud</span> <span class='ocrx_word' id='word_1_279' title='bbox 831 1825 913 1849; x_wconf 91' lang='lat' dir='ltr'>eum</span> <span class='ocrx_word' id='word_1_280' title='bbox 940 1822 977 1850; x_wconf 89' lang='lat' dir='ltr'>et</span> <span class='ocrx_word' id='word_1_281' title='bbox 998 1814 1114 1850; x_wconf 86' lang='lat' dir='ltr'>More.</span> <span class='ocrx_word' id='word_1_282' title='bbox 1143 1814 1286 1862; x_wconf 83' lang='lat' dir='ltr'>legitur.</span> <span class='ocrx_word' id='word_1_283' title='bbox 1339 1815 1434 1851; x_wconf 92' lang='lat' dir='ltr'>Eum</span> <span class='ocrx_word' id='word_1_284' title='bbox 1457 1816 1554 1854; x_wconf 88' lang='lat' dir='ltr'>diem</span> 
     </span>
     <span class='ocr_line' id='line_1_30' title="bbox 102 1873 1552 1924; baseline 0.001 -11"><span class='ocrx_word' id='word_1_285' title='bbox 102 1876 151 1913; x_wconf 89' lang='lat' dir='ltr'>IV</span> <span class='ocrx_word' id='word_1_286' title='bbox 182 1875 281 1912; x_wconf 91' lang='lat' dir='ltr'>Non.</span> <span class='ocrx_word' id='word_1_287' title='bbox 309 1885 435 1910; x_wconf 89' lang='lat' dir='ltr'>omnes</span> <span class='ocrx_word' id='word_1_288' title='bbox 460 1873 594 1910; x_wconf 86' lang='lat' dir='ltr'>fastum</span> <span class='ocrx_word' id='word_1_289' title='bbox 620 1874 788 1911; x_wconf 82' lang='lat' dir='ltr'>fecerunt</span> <span class='ocrx_word' id='word_1_290' title='bbox 815 1875 1015 1911; x_wconf 89' lang='lat' dir='ltr'>secundum</span> <span class='ocrx_word' id='word_1_291' title='bbox 1040 1875 1283 1924; x_wconf 77' lang='lat' dir='ltr'>fragmentum</span> <span class='ocrx_word' id='word_1_292' title='bbox 1310 1875 1552 1916; x_wconf 82' lang='lat' dir='ltr'>venusinum.</span> 
     </span>
     <span class='ocr_line' id='line_1_31' title="bbox 101 1935 1554 1987; baseline 0.001 -13"><span class='ocrx_word' id='word_1_293' title='bbox 101 1937 290 1975; x_wconf 86' lang='lat' dir='ltr'>Kalendas</span> <span class='ocrx_word' id='word_1_294' title='bbox 316 1937 496 1985; x_wconf 81' lang='lat' dir='ltr'>Augustas</span> <span class='ocrx_word' id='word_1_295' title='bbox 521 1935 633 1971; x_wconf 91' lang='lat' dir='ltr'>Aldus</span> <span class='ocrx_word' id='word_1_296' title='bbox 659 1949 768 1986; x_wconf 86' lang='lat' dir='ltr'>quam</span> <span class='ocrx_word' id='word_1_297' title='bbox 796 1944 894 1974; x_wconf 89' lang='lat' dir='ltr'>recte</span> <span class='ocrx_word' id='word_1_298' title='bbox 922 1936 1080 1974; x_wconf 86' lang='lat' dir='ltr'>nefastas</span> <span class='ocrx_word' id='word_1_299' title='bbox 1105 1936 1256 1985; x_wconf 85' lang='lat' dir='ltr'>fecerit,</span> <span class='ocrx_word' id='word_1_300' title='bbox 1293 1938 1352 1974; x_wconf 92' lang='lat' dir='ltr'>uel</span> <span class='ocrx_word' id='word_1_301' title='bbox 1384 1950 1457 1987; x_wconf 86' lang='lat' dir='ltr'>qno</span> <span class='ocrx_word' id='word_1_302' title='bbox 1494 1951 1554 1975; x_wconf 84' lang='lat' dir='ltr'>ar-</span> 
     </span>
     <span class='ocr_line' id='line_1_32' title="bbox 102 1997 1553 2050; baseline 0.001 -14"><span class='ocrx_word' id='word_1_303' title='bbox 102 2005 276 2050; x_wconf 85' lang='lat' dir='ltr'>gumento</span> <span class='ocrx_word' id='word_1_304' title='bbox 303 1997 463 2034; x_wconf 90' lang='lat' dir='ltr'>Orellius</span> <span class='ocrx_word' id='word_1_305' title='bbox 488 1997 556 2033; x_wconf 92' lang='lat' dir='ltr'>NP</span> <span class='ocrx_word' id='word_1_306' title='bbox 583 1998 718 2046; x_wconf 83' lang='lat' dir='ltr'>signari</span> <span class='ocrx_word' id='word_1_307' title='bbox 752 1999 934 2046; x_wconf 77' lang='lat' dir='ltr'>uoluerit,</span> <span class='ocrx_word' id='word_1_308' title='bbox 969 1999 1118 2035; x_wconf 87' lang='lat' dir='ltr'>difficile</span> <span class='ocrx_word' id='word_1_309' title='bbox 1151 1998 1239 2035; x_wconf 81' lang='lat' dir='ltr'>mihi</span> <span class='ocrx_word' id='word_1_310' title='bbox 1268 2005 1323 2036; x_wconf 91' lang='lat' dir='ltr'>est</span> <span class='ocrx_word' id='word_1_311' title='bbox 1346 2001 1553 2050; x_wconf 86' lang='lat' dir='ltr'>anquirere.</span> 
     </span>
     <span class='ocr_line' id='line_1_33' title="bbox 102 2059 1552 2110; baseline 0.001 -11"><span class='ocrx_word' id='word_1_312' title='bbox 102 2063 200 2099; x_wconf 88' lang='lat' dir='ltr'>Huic</span> <span class='ocrx_word' id='word_1_313' title='bbox 225 2068 346 2098; x_wconf 85' lang='lat' dir='ltr'>tamen</span> <span class='ocrx_word' id='word_1_314' title='bbox 372 2059 570 2104; x_wconf 87' lang='lat' dir='ltr'>assentior,</span> <span class='ocrx_word' id='word_1_315' title='bbox 602 2060 688 2109; x_wconf 86' lang='lat' dir='ltr'>quia</span> <span class='ocrx_word' id='word_1_316' title='bbox 714 2062 829 2097; x_wconf 86' lang='lat' dir='ltr'>uerba</span> <span class='ocrx_word' id='word_1_317' title='bbox 856 2060 975 2098; x_wconf 90' lang='lat' dir='ltr'>HOC.</span> <span class='ocrx_word' id='word_1_318' title='bbox 1005 2061 1089 2097; x_wconf 89' lang='lat' dir='ltr'>DIE</span> <span class='ocrx_word' id='word_1_319' title='bbox 1119 2061 1274 2107; x_wconf 78' lang='lat' dir='ltr'>[Caesar</span> <span class='ocrx_word' id='word_1_320' title='bbox 1300 2060 1349 2098; x_wconf 78' lang='lat' dir='ltr'>ad</span> <span class='ocrx_word' id='word_1_321' title='bbox 1374 2061 1552 2110; x_wconf 66' lang='lat' dir='ltr'>Phamtm]</span> 
     </span>
     <span class='ocr_line' id='line_1_34' title="bbox 101 2122 1554 2174; baseline 0.001 -13"><span class='ocrx_word' id='word_1_322' title='bbox 101 2123 241 2161; x_wconf 90' lang='lat' dir='ltr'>VICIT</span> <span class='ocrx_word' id='word_1_323' title='bbox 268 2123 320 2160; x_wconf 90' lang='lat' dir='ltr'>ita</span> <span class='ocrx_word' id='word_1_324' title='bbox 344 2123 480 2171; x_wconf 88' lang='lat' dir='ltr'>scripta</span> <span class='ocrx_word' id='word_1_325' title='bbox 505 2128 590 2159; x_wconf 90' lang='lat' dir='ltr'>sunt</span> <span class='ocrx_word' id='word_1_326' title='bbox 616 2134 638 2158; x_wconf 87' lang='lat' dir='ltr'>a</span> <span class='ocrx_word' id='word_1_327' title='bbox 666 2122 815 2172; x_wconf 84' lang='lat' dir='ltr'>Pighio,</span> <span class='ocrx_word' id='word_1_328' title='bbox 849 2129 890 2160; x_wconf 92' lang='lat' dir='ltr'>ut</span> <span class='ocrx_word' id='word_1_329' title='bbox 917 2122 1085 2159; x_wconf 86' lang='lat' dir='ltr'>dubitare</span> <span class='ocrx_word' id='word_1_330' title='bbox 1111 2135 1183 2159; x_wconf 91' lang='lat' dir='ltr'>non</span> <span class='ocrx_word' id='word_1_331' title='bbox 1211 2123 1367 2172; x_wconf 91' lang='lat' dir='ltr'>possim,</span> <span class='ocrx_word' id='word_1_332' title='bbox 1394 2125 1479 2174; x_wconf 90' lang='lat' dir='ltr'>quin</span> <span class='ocrx_word' id='word_1_333' title='bbox 1507 2125 1554 2162; x_wconf 91' lang='lat' dir='ltr'>ad</span> 
     </span>
    </p>
   </div>
   <div class='ocr_carea' id='block_1_3' title="bbox 102 2184 1556 2235">
    <p class='ocr_par' dir='ltr' id='par_1_4' title="bbox 35 2184 1556 2235">
     <span class='ocr_line' id='line_1_35' title="bbox 102 2184 1556 2235; baseline 0.001 -12.956"><span class='ocrx_word' id='word_1_334' title='bbox 102 2185 289 2222; x_wconf 85' lang='lat' dir='ltr'>Kalendas</span> <span class='ocrx_word' id='word_1_335' title='bbox 315 2184 542 2235; x_wconf 83' lang='lat' dir='ltr'>pertineant:</span> <span class='ocrx_word' id='word_1_336' title='bbox 570 2195 748 2233; x_wconf 87' lang='lat' dir='ltr'>nusquam</span> <span class='ocrx_word' id='word_1_337' title='bbox 776 2198 876 2232; x_wconf 90' lang='lat' dir='ltr'>uero,</span> <span class='ocrx_word' id='word_1_338' title='bbox 905 2186 972 2222; x_wconf 87' lang='lat' dir='ltr'>nisi</span> <span class='ocrx_word' id='word_1_339' title='bbox 997 2185 1095 2222; x_wconf 83' lang='lat' dir='ltr'>feriis</span> <span class='ocrx_word' id='word_1_340' title='bbox 1122 2186 1206 2222; x_wconf 88' lang='lat' dir='ltr'>talia</span> <span class='ocrx_word' id='word_1_341' title='bbox 1227 2186 1397 2222; x_wconf 84' lang='lat' dir='ltr'>lemmata</span> <span class='ocrx_word' id='word_1_342' title='bbox 1422 2187 1460 2223; x_wconf 92' lang='lat' dir='ltr'>in</span> <span class='ocrx_word' id='word_1_343' title='bbox 1487 2186 1556 2224; x_wconf 83' lang='lat' dir='ltr'>hae</span> 
     </span>
    </p>
   </div>
   <div class='ocr_carea' id='block_1_4' title="bbox 102 2244 1556 2670">
    <p class='ocr_par' dir='ltr' id='par_1_5' title="bbox 110 2244 1553 2296">
     <span class='ocr_line' id='line_1_36' title="bbox 110 2244 1553 2296; baseline 0.001 -12"><span class='ocrx_word' id='word_1_344' title='bbox 110 2248 229 2284; x_wconf 71' lang='lat' dir='ltr'>‘abula</span> <span class='ocrx_word' id='word_1_345' title='bbox 254 2247 506 2284; x_wconf 77' lang='lat' dir='ltr'>ascribuntur:</span> <span class='ocrx_word' id='word_1_346' title='bbox 545 2244 661 2282; x_wconf 87' lang='lat' dir='ltr'>feriae</span> <span class='ocrx_word' id='word_1_347' title='bbox 684 2258 774 2283; x_wconf 90' lang='lat' dir='ltr'>uero</span> <span class='ocrx_word' id='word_1_348' title='bbox 803 2247 870 2284; x_wconf 88' lang='lat' dir='ltr'>NP</span> <span class='ocrx_word' id='word_1_349' title='bbox 898 2248 1048 2284; x_wconf 87' lang='lat' dir='ltr'>habent.</span> <span class='ocrx_word' id='word_1_350' title='bbox 1101 2247 1155 2283; x_wconf 89' lang='lat' dir='ltr'>lta</span> <span class='ocrx_word' id='word_1_351' title='bbox 1182 2254 1324 2296; x_wconf 84' lang='lat' dir='ltr'>tamen,</span> <span class='ocrx_word' id='word_1_352' title='bbox 1361 2248 1416 2284; x_wconf 94' lang='lat' dir='ltr'>uti</span> <span class='ocrx_word' id='word_1_353' title='bbox 1444 2249 1553 2286; x_wconf 91' lang='lat' dir='ltr'>modo</span> 
     </span>
    </p>

    <p class='ocr_par' dir='ltr' id='par_1_6' title="bbox 102 2307 1556 2670">
     <span class='ocr_line' id='line_1_37' title="bbox 136 2307 1554 2358; baseline 0 -11"><span class='ocrx_word' id='word_1_354' title='bbox 136 2309 246 2356; x_wconf 64' lang='lat' dir='ltr'>suisti,</span> <span class='ocrx_word' id='word_1_355' title='bbox 282 2307 528 2358; x_wconf 89' lang='lat' dir='ltr'>supplendum</span> <span class='ocrx_word' id='word_1_356' title='bbox 566 2308 695 2357; x_wconf 84' lang='lat' dir='ltr'>putaui</span> <span class='ocrx_word' id='word_1_357' title='bbox 729 2309 929 2346; x_wconf 84' lang='lat' dir='ltr'>secundum</span> <span class='ocrx_word' id='word_1_358' title='bbox 956 2308 1129 2346; x_wconf 87' lang='lat' dir='ltr'>Orosium</span> <span class='ocrx_word' id='word_1_359' title='bbox 1164 2311 1209 2356; x_wconf 87' lang='grc'>6,</span> <span class='ocrx_word' id='word_1_360' title='bbox 1238 2311 1286 2345; x_wconf 88' lang='grc'>19</span> <span class='ocrx_word' id='word_1_361' title='bbox 1322 2315 1359 2346; x_wconf 91' lang='lat' dir='ltr'>et</span> <span class='ocrx_word' id='word_1_362' title='bbox 1392 2310 1554 2348; x_wconf 88' lang='lat' dir='ltr'>tabulam</span> 
     </span>
     <span class='ocr_line' id='line_1_38' title="bbox 102 2358 1555 2422; baseline 0.001 -13"><span class='ocrx_word' id='word_1_363' title='bbox 102 2370 382 2417; x_wconf 54' lang='lat' dir='ltr'>nir-vnfninam,</span> <span class='ocrx_word' id='word_1_364' title='bbox 408 2382 503 2420; x_wconf 87' lang='lat' dir='ltr'>quae</span> <span class='ocrx_word' id='word_1_365' title='bbox 530 2358 610 2405; x_wconf 70' lang='lat' dir='ltr'>hoc‘</span> <span class='ocrx_word' id='word_1_366' title='bbox 626 2369 686 2406; x_wconf 87' lang='lat' dir='ltr'>die</span> <span class='ocrx_word' id='word_1_367' title='bbox 710 2371 760 2407; x_wconf 89' lang='lat' dir='ltr'>ita</span> <span class='ocrx_word' id='word_1_368' title='bbox 786 2371 918 2409; x_wconf 86' lang='lat' dir='ltr'>habet:</span> <span class='ocrx_word' id='word_1_369' title='bbox 949 2372 1075 2408; x_wconf 75' lang='lat' dir='ltr'>Feriae</span> <span class='ocrx_word' id='word_1_370' title='bbox 1099 2382 1145 2406; x_wconf 71' lang='lat' dir='ltr'>ex</span> <span class='ocrx_word' id='word_1_371' title='bbox 1172 2372 1212 2407; x_wconf 90' lang='lat' dir='ltr'>S.</span> <span class='ocrx_word' id='word_1_372' title='bbox 1238 2371 1278 2408; x_wconf 83' lang='lat' dir='ltr'>G.</span> <span class='ocrx_word' id='word_1_373' title='bbox 1299 2384 1333 2420; x_wconf 85' lang='lat' dir='ltr'>q.</span> <span class='ocrx_word' id='word_1_374' title='bbox 1355 2384 1384 2408; x_wconf 82' lang='lat' dir='ltr'>e.</span> <span class='ocrx_word' id='word_1_375' title='bbox 1405 2371 1440 2409; x_wconf 79' lang='lat' dir='ltr'>d.</span> <span class='ocrx_word' id='word_1_376' title='bbox 1460 2375 1555 2422; x_wconf 87' lang='lat' dir='ltr'>Imp.</span> 
     </span>
     <span class='ocr_line' id='line_1_39' title="bbox 105 2431 1556 2484; baseline 0.001 -13"><span class='ocrx_word' id='word_1_377' title='bbox 105 2434 242 2471; x_wconf 78' lang='lat' dir='ltr'>Gaeswr</span> <span class='ocrx_word' id='word_1_378' title='bbox 264 2434 359 2469; x_wconf 63' lang='lat' dir='ltr'>viui,</span> <span class='ocrx_word' id='word_1_379' title='bbox 382 2432 415 2479; x_wconf 75' lang='lat' dir='ltr'>f.</span> <span class='ocrx_word' id='word_1_380' title='bbox 441 2431 647 2481; x_wconf 71' lang='lat' dir='ltr'>rempublic.</span> <span class='ocrx_word' id='word_1_381' title='bbox 673 2434 884 2471; x_wconf 75' lang='lat' dir='ltr'>tristissimo</span> <span class='ocrx_word' id='word_1_382' title='bbox 908 2433 1066 2484; x_wconf 78' lang='lat' dir='ltr'>periculo</span> <span class='ocrx_word' id='word_1_383' title='bbox 1092 2432 1230 2471; x_wconf 74' lang='lat' dir='ltr'>liberat.</span> <span class='ocrx_word' id='word_1_384' title='bbox 1293 2434 1368 2470; x_wconf 87' lang='lat' dir='ltr'>Has</span> <span class='ocrx_word' id='word_1_385' title='bbox 1396 2435 1473 2471; x_wconf 89' lang='lat' dir='ltr'>eius</span> <span class='ocrx_word' id='word_1_386' title='bbox 1500 2442 1556 2472; x_wconf 90' lang='lat' dir='ltr'>ta-</span> 
     </span>
     <span class='ocr_line' id='line_1_40' title="bbox 102 2492 1554 2544; baseline 0.001 -14"><span class='ocrx_word' id='word_1_387' title='bbox 102 2495 213 2531; x_wconf 85' lang='lat' dir='ltr'>bulae</span> <span class='ocrx_word' id='word_1_388' title='bbox 231 2494 402 2543; x_wconf 86' lang='lat' dir='ltr'>ambages</span> <span class='ocrx_word' id='word_1_389' title='bbox 427 2493 589 2530; x_wconf 88' lang='lat' dir='ltr'>solebam</span> <span class='ocrx_word' id='word_1_390' title='bbox 616 2492 705 2529; x_wconf 91' lang='lat' dir='ltr'>mihi</span> <span class='ocrx_word' id='word_1_391' title='bbox 731 2494 816 2530; x_wconf 91' lang='lat' dir='ltr'>olim</span> <span class='ocrx_word' id='word_1_392' title='bbox 843 2495 1076 2544; x_wconf 91' lang='lat' dir='ltr'>interpretari</span> <span class='ocrx_word' id='word_1_393' title='bbox 1100 2507 1145 2531; x_wconf 85' lang='lat' dir='ltr'>ex</span> <span class='ocrx_word' id='word_1_394' title='bbox 1171 2495 1240 2532; x_wconf 91' lang='lat' dir='ltr'>illis</span> <span class='ocrx_word' id='word_1_395' title='bbox 1260 2495 1389 2532; x_wconf 91' lang='lat' dir='ltr'>Dionis</span> <span class='ocrx_word' id='word_1_396' title='bbox 1406 2496 1469 2543; x_wconf 86' lang='lat'>51,</span> <span class='ocrx_word' id='word_1_397' title='bbox 1485 2499 1554 2533; x_wconf 78' lang='lat'>19:</span> 
     </span>
     <span class='ocr_line' id='line_1_41' title="bbox 103 2549 1555 2607; baseline 0.001 -15"><span class='ocrx_word' id='word_1_398' title='bbox 103 2553 174 2593; x_wconf 80' lang='grc' dir='ltr'>τὸν</span> <span class='ocrx_word' id='word_1_399' title='bbox 199 2550 277 2606; x_wconf 75' lang='grc' dir='ltr'>γὰρ</span> <span class='ocrx_word' id='word_1_400' title='bbox 296 2549 509 2595; x_wconf 67' lang='grc' dir='ltr'><em>Ἀντώνιον</em></span> <span class='ocrx_word' id='word_1_401' title='bbox 542 2553 610 2591; x_wconf 69' lang='grc' dir='ltr'>καὶ</span> <span class='ocrx_word' id='word_1_402' title='bbox 645 2551 740 2599; x_wconf 79' lang='grc' dir='ltr'><strong><em>τοὺς</em></strong></span> <span class='ocrx_word' id='word_1_403' title='bbox 766 2551 916 2600; x_wconf 82' lang='grc' dir='ltr'><strong><em>ἄλλους</em></strong></span> <span class='ocrx_word' id='word_1_404' title='bbox 937 2551 1159 2605; x_wconf 77' lang='grc' dir='ltr'><em>Ῥωμαίους</em></span> <span class='ocrx_word' id='word_1_405' title='bbox 1184 2552 1279 2600; x_wconf 78' lang='grc' dir='ltr'><strong><em>τοὺς</em></strong></span> <span class='ocrx_word' id='word_1_406' title='bbox 1314 2552 1388 2594; x_wconf 77' lang='grc' dir='ltr'>σὺν</span> <span class='ocrx_word' id='word_1_407' title='bbox 1420 2553 1555 2607; x_wconf 77' lang='grc' dir='ltr'>ἐκείνῳ</span> 
     </span>
     <span class='ocr_line' id='line_1_42' title="bbox 103 2611 1550 2670; baseline -0.001 -14"><span class='ocrx_word' id='word_1_408' title='bbox 103 2613 343 2668; x_wconf 75' lang='grc' dir='ltr'><strong><em>νικηθέντας</em></strong></span> <span class='ocrx_word' id='word_1_409' title='bbox 369 2612 460 2655; x_wconf 71' lang='grc' dir='ltr'><em>οὔτε</em></span> <span class='ocrx_word' id='word_1_410' title='bbox 487 2611 694 2668; x_wconf 80' lang='grc' dir='ltr'><strong><em>πρότερον,</em></strong></span> <span class='ocrx_word' id='word_1_411' title='bbox 721 2612 811 2656; x_wconf 75' lang='grc' dir='ltr'><em>οὔτε</em></span> <span class='ocrx_word' id='word_1_412' title='bbox 837 2613 941 2668; x_wconf 79' lang='grc' dir='ltr'><em>τότε,</em></span> <span class='ocrx_word' id='word_1_413' title='bbox 962 2611 1017 2664; x_wconf 78' lang='grc' dir='ltr'>ὡς</span> <span class='ocrx_word' id='word_1_414' title='bbox 1040 2615 1106 2656; x_wconf 86' lang='grc' dir='ltr'>καὶ</span> <span class='ocrx_word' id='word_1_415' title='bbox 1131 2612 1334 2670; x_wconf 73' lang='grc' dir='ltr'><em>ἑορτάζειν</em></span> <span class='ocrx_word' id='word_1_416' title='bbox 1359 2618 1470 2670; x_wconf 82' lang='grc' dir='ltr'><strong><em>σφᾶς</em></strong></span> <span class='ocrx_word' id='word_1_417' title='bbox 1495 2613 1550 2656; x_wconf 76' lang='grc' dir='ltr'>ἐπ’</span> 
     </span>
    </p>
   </div>
  </div>
 </body>
</html>
