1685 2954
638 118 737 148 me.
769 118 1017 153 Qvanrvs
1479 108 1558 150 199

171 223 293 264 Absit
314 222 457 274 nuqua
483 219 626 259 fames.
664 219 816 260 herbae
845 217 1090 271 frondesque
1119 219 1336 272 supersint,

231 289 429 341 Quaeque
456 288 597 327 lauent
626 293 759 338 artus,
789 298 977 339 quaeque
1007 286 1212 339 bibantur,
1241 300 1383 341 aquae.

173 359 311 398 Vbera
339 357 458 409 plena
485 367 676 407 premam.
714 354 865 395 referat
892 354 990 394 mihi
1020 366 1171 395 caseus
1199 367 1308 408 aera,

227 426 416 475 Dentque
446 422 552 462 uiam
581 421 732 475 liquido
762 421 910 462 uimina
939 433 1029 461 rara
1057 434 1161 463 sero.
1476 430 1556 465 770

169 494 314 545 Sitque
342 490 459 530 salax
488 491 607 542 aries,
637 495 921 542 conceptaque
950 487 1107 530 semina
1136 490 1313 530 coniunx

220 558 393 609 Reddat,
424 563 467 597 et
494 558 534 597 in
563 557 724 597 stabulo
751 557 875 596 multa
903 555 959 597 sit
988 569 1097 611 agna
1127 570 1238 598 meo:

168 628 362 678 Lanaque
394 625 604 677 proueniat
633 625 764 665 nullas
789 625 951 665 laesura
980 625 1150 677 puellas,

222 693 357 733 Mollis
385 699 427 732 et
456 692 507 732 ad
538 699 699 733 teneras
729 691 950 745 quamlibet
979 698 1079 745 apta
1107 705 1264 733 manus.

166 760 283 812 Quae
309 772 464 813 precor,
495 760 697 800 eueniant.
735 766 777 800 et
807 773 882 800 nos
906 759 1107 801 faciamus
1135 760 1188 801 ad
1217 772 1364 800 annum
1475 767 1555 802 775

221 830 436 868 Pastorum
469 827 656 868 dominae
687 827 860 881 grandia
887 828 968 868 liba
995 828 1095 869 Pali.

160 897 236 937 llis
266 895 345 935 dea
373 896 573 949 placanda
602 903 679 936 est.
719 896 825 936 haec
854 902 899 936 tu
928 908 1156 936 conuersus
1186 896 1240 937 ad
1271 901 1386 937 ortus

221 962 299 1003 Dic
327 969 482 1016 quater,
514 968 557 1002 et
586 962 680 1004 uiuo
709 964 851 1016 perlue
878 976 968 1003 rore
997 976 1155 1005 manus.

163 1034 266 1072 Tum
294 1031 392 1071 licet
419 1031 608 1083 apposita
634 1029 761 1071 ueluti
788 1037 946 1072 cratere
974 1032 1146 1073 camella

217 1100 305 1138 Lac
330 1097 492 1137 niueum
518 1103 641 1150 potes
666 1110 988 1153 purpureamque
1015 1112 1170 1152 sapam.
1473 1103 1556 1139 780

164 1167 347 1218 Moxque
376 1179 448 1218 per
477 1165 670 1206 ardentes
698 1167 877 1219 stipulae
907 1167 1147 1221 crepitantis
1175 1178 1351 1208 aceruos

218 1231 417 1273 'l'raiicias
445 1234 571 1274 celeri
598 1239 768 1275 strenua
794 1235 975 1275 membra
1004 1233 1124 1287 pede.

107 1334 194 1378 gant
221 1327 329 1364 refer.
364 1325 498 1365 Ψυαν.
515 1340 585 1365 scr.
628 1327 734 1364 Neue
761 1339 908 1376 gemens
934 1326 1089 1364 referam
1116 1327 1253 1364 uellera
1281 1330 1346 1377 'I’p
1372 1331 1457 1364 tres.

158 1380 244 1415 767.
272 1378 374 1414 Absit
400 1379 533 1427 ubiqua
558 1378 646 1415 fam.
667 1376 707 1414 Γ
713 1391 787 1415 ma.
800 1390 857 1427 pr.
959 1379 1049 1415 768.
1077 1377 1256 1427 Quaeque
1280 1378 1405 1415 leuant
1423 1379 1468 1414 F.
1503 1378 1555 1415 le-

108 1435 196 1466 uent
222 1432 258 1465 D
275 1428 353 1475 Οἷς
377 1430 419 1464 Ν
432 1441 596 1466 mansor.
646 1436 714 1465 art.
743 1440 888 1477 quaque
913 1426 961 1466 Γ.
1010 1435 1079 1465 art.
1106 1440 1250 1477 quaeue
1277 1430 1328 1474 0;
1353 1439 1555 1477 p‘uar.scr.

107 1480 277 1516 bibentur
307 1478 419 1525 OTf.
454 1479 644 1516 Gloss.D:
672 1480 812 1525 leuent]
840 1479 875 1514 in
903 1486 997 1517 estu.
1032 1496 1034 1498 ·
1098 1480 1185 1516 769.
1213 1491 1398 1528 praemam
1424 1480 1463 1515 in
1479 1491 1556 1516 ras.

110 1533 158 1567 D.
199 1538 388 1579 praemant
414 1529 481 1576 11f.
500 1529 565 1566 sub
582 1542 659 1568 rae.
713 1535 880 1579 premant
903 1542 953 1566 m.
1003 1530 1113 1578 plena
1136 1529 1252 1566 feram
1277 1534 1363 1567 tres.
1466 1531 1557 1566 770.

110 1581 172 1628 liq.
201 1580 348 1615 numina
376 1580 542 1629 bmaqnu
643 1583 732 1619 771.
759 1581 889 1617 coniux
912 1581 958 1617 G.
996 1580 1185 1617 Gloss.E:
1210 1579 1325 1625 salax]
1353 1580 1531 1627 petulcus.

160 1631 247 1665 772.
275 1630 419 1665 Reddet
449 1632 530 1666 BG.
570 1630 705 1667 Reddit
729 1630 760 1677 f.
802 1631 837 1666 in
863 1631 1011 1666 stabulis
1037 1643 1085 1666 m.
1104 1644 1133 1667 s.
1151 1643 1185 1669 a.
1212 1631 1300 1666 meis
1327 1629 1552 1676 Rhamsen.

111 1683 145 1716 Β
154 1682 270 1716 DEF
279 1677 364 1714 ΦΓ
370 1677 456 1715 ΡΠ
467 1678 599 1716 ΨΔΣ
609 1680 820 1726 Tbt'hrsz
846 1680 1044 1729 quindecim
1068 1680 1145 1727 fere
1169 1685 1204 1717 et
1227 1685 1314 1717 vett.
1332 1680 1404 1726 ed.;
1429 1693 1454 1728 p
1471 1692 1554 1717 ναν.

108 1743 179 1767 scr.
283 1732 369 1766 773.
409 1742 480 1778 que
505 1732 694 1779 perueniat
719 1731 809 1767 Ar.
858 1732 1050 1779 proueniet
1074 1731 1163 1767 ΑΡ.
1270 1732 1358 1767 774.
1394 1730 1556 1779 qualibet

109 1780 341 1828 Ilf.ma.pr.
388 1781 563 1828 quaslibet
593 1780 865 1827 GMPb9s33
892 1780 1025 1825 decem3
1055 1783 1183 1817 Buar.
1202 1793 1273 1818 scr.
1316 1781 1500 1829 quaelibet
1531 1780 1556 1817 h

109 1833 274 1880 quinque.
391 1830 477 1865 775.
516 1842 636 1877 praec.
663 1830 834 1876 Ilf.DE.
890 1842 1020 1878 precor
1047 1837 1085 1866 ut
1112 1831 1260 1868 ueniant
1285 1837 1322 1867 et
1347 1829 1449 1876 Ilf.s
1468 1834 1554 1868 tres.

110 1893 209 1930 pree.
226 1880 419 1917 adueniant
439 1883 489 1916 M
504 1880 586 1917 duo.
627 1887 663 1916 et
683 1893 746 1916 uos
767 1880 904 1916 faciatis
928 1880 1010 1924 duo,
1036 1879 1210 1917 edd.Ald.
1228 1882 1334 1930 prim.
1350 1885 1384 1917 et
1399 1880 1553 1918 Mediol.

108 1932 281 1969 faciemus
298 1930 390 1967 DA
403 1928 471 1966 ³1¹1)
492 1930 573 1966 duo.
615 1930 686 1966 sac.
709 1931 743 1980 in
763 1942 847 1967 ann.
872 1933 916 1966 Τ.
1018 1932 1104 1967 776.
1133 1931 1261 1979 grand.
1279 1931 1372 1967 festa
1389 1933 1451 1967 20.
1478 1930 1554 1980 lipa

108 1979 548 2080 22¹²“r‘111'3'51113a12‘5e‘c423213
573 1979 1092 2066 (ιζ’ἔέῑῆῗὲρῖθῖοῗῦὲεῗὲῖ
1111 1980 1290 2068 Ε’ῗςὶἳὲ
1306 1981 1374 2067 ‘³5:3²
1391 1980 1555 2080 {ms}

109 2095 169 2119 sus
195 2082 241 2118 ad
258 2080 319 2119 A.
363 2081 409 2117 ad
436 2088 552 2117 ortum
585 2082 664 2117 GT
674 2085 698 2116 2
714 2086 799 2117 tres.
901 2082 988 2117 778.
1016 2080 1084 2117 Dic
1108 2087 1238 2130 quater
1262 2084 1301 2118 in
1314 2093 1450 2119 rasmz.
1486 2081 1554 2117 Dic

110 2140 237 2169 contra
266 2139 302 2168 et
329 2131 412 2168 duo.
461 2131 528 2166 Dic
554 2138 608 2167 ter
635 2138 671 2166 et
697 2132 731 2166 in
760 2132 844 2167 uiuo
872 2134 918 2166 12
929 2134 991 2167 20.
1039 2138 1076 2168 et
1100 2144 1193 2180 puro
1218 2137 1244 2168 t.
1292 2132 1376 2168 uiuo
1403 2131 1556 2178 perlube

109 2182 177 2229 Ilf.
218 2184 302 2218 uiuo
329 2183 456 2230 prolue
487 2183 567 2229 Gp.
609 2181 736 2229 perlue
761 2182 856 2217 sorte
880 2181 962 2218 (luo.
1071 2183 1158 2218 779.
1194 2182 1290 2218 Dum
1316 2178 1559 2218 ABGEFF

110 2230 768 2280 IUNOPAbfhmma.sec.prst
793 2233 923 2279 uiginti
945 2231 1022 2277 fere
1047 2235 1081 2267 et
1105 2236 1191 2269 neth.
1219 2231 1272 2268 ed.
1321 2233 1431 2267 Tunc
1456 2227 1557 2267 AT

111 2286 276 2333 quinque.
325 2283 423 2318 Tum
450 2282 547 2317 libet>
561 2294 597 2329 9.
644 2281 727 2318 licet
754 2294 774 2317 a
800 2282 917 2330 posita
948 2280 989 2318 Φ
1007 2294 1081 2318 ma.
1102 2294 1158 2329 pr.
1209 2282 1308 2318 uelut
1339 2282 1374 2317 in
1402 2288 1490 2318 crat.
1514 2285 1552 2321 2.

112 2335 224 2371 ueluti
251 2333 423 2369 craterica
450 2332 555 2367 mella
578 2334 638 2367 33.
679 2333 818 2368 camilla
837 2331 1137 2381 11f.GGma.p2-.
1152 2331 1376 2380 bmaqmm.
1414 2331 1553 2368 canella

111 2384 356 2432 hAld.przm.
397 2389 538 2418 cratera
563 2382 688 2418 canela
714 2382 791 2419 edd.
811 2384 888 2418 Vic.
989 2384 1076 2418 780.
1103 2381 1180 2418 Lac
1205 2383 1350 2418 nimium
1366 2379 1428 2419 A.
1465 2394 1552 2431 pur-

113 2445 341 2487 pureumque
366 2445 474 2480 sapar
502 2435 544 2470 F.
585 2444 656 2480 que
682 2446 751 2470 om.
778 2430 827 2468 Γ.
867 2444 991 2468 sauam
1019 2434 1063 2468 E.
1101 2443 1229 2481 sapum
1244 2430 1304 2469 sl.
1346 2432 1467 2469 Gloss.
1494 2444 1552 2467 sa-

115 2483 214 2534 pam]
240 2497 360 2521 serum
385 2482 453 2529 llf.
504 2483 626 2518 uinum
652 2491 793 2519 coctum
821 2485 870 2518 D.
988 2485 1075 2520 781.
1109 2483 1269 2532 Moxque
1299 2482 1359 2518 fac
1385 2482 1462 2518 ard.
1487 2484 1549 2517 33.

117 2534 272 2571 ardentis
285 2533 354 2581 llf.
391 2533 592 2582 crepitami.
605 2560 612 2568 .
626 2559 634 2568 .
645 2535 794 2570 acerbos
810 2532 878 2578 Ilf.
916 2532 1129 2581 crepitantia
1145 2534 1312 2569 sacerbos
1324 2531 1552 2579 Ilf.sub=ras.

117 2585 314 2633 crepitante
340 2585 510 2620 sacerdos
535 2595 721 2632 πητηαῳν.
823 2585 909 2618 782.
938 2583 1102 2629 Tra'rcias
1121 2581 1366 2630 nfinasr.
1403 2583 1438 2617 T
1442 2580 1552 2630 raicia
1601 2589 1631 2617 ψ

118 2635 242 2671 sceleri
257 2638 302 2673 E.
329 2636 364 2671 T
368 2635 505 2671 raiicias
522 2636 704 2671 iuream.
732 2633 972 2670 Transmittas
981 2629 1042 2670 A.
1069 2634 1266 2670 Transilias
1279 2634 1412 2679 106293
1427 2630 1550 2668 Emer.

119 2695 190 2721 scr.
216 2685 389 2723 Traiiciat
405 2686 473 2723 cel.
488 2686 582 2723 433.
616 2692 747 2722 stunua
761 2687 808 2721 D.
841 2691 1013 2721 strennua
1029 2681 1119 2722 GI'.
1152 2692 1263 2722 stren.
1279 2685 1385 2721 turba
1400 2684 1480 2719 433
1489 2681 1550 2718 34.
