1685 2954
566 165 622 192 DE
652 164 773 192 LOCIS
804 165 1041 196 RELIGIOSIS
1396 166 1530 196 CXLIX

79 278 119 315 p.
137 267 199 313 93,
230 268 274 303 13
302 262 493 314 legendnm
521 268 596 299 est.-
623 266 785 300 Furumn
821 262 944 300 bouem
978 264 1381 307 immolabantElorum.
1434 265 1529 302 Nam

80 328 240 364 Aternus
266 326 396 363 fluuius
421 324 588 361 Muelleri
616 326 737 362 nescio
774 325 958 373 quomodo
994 325 1157 375 displicet
1191 332 1228 362 et
1254 325 1394 363 codices
1421 327 1530 375 plane

81 389 210 425 eodem
237 386 344 425 modo
379 385 591 433 discedunt,
627 392 666 422 ut
693 384 867 422 Ouidiani
904 392 1059 436 utroque
1094 389 1127 424 iu
1163 388 1269 434 loco,
1306 400 1459 436 quorum
1493 388 1529 424 in

78 451 190 500 priori
215 461 286 485 non
310 447 474 484 dubitaui
492 446 629 483 Heinsii
655 447 898 483 coniecturam
930 455 1224 496 repraesentare:
1253 448 1350 498 quod
1376 449 1405 485 si
1431 454 1530 485 recte

77 512 172 558 feci,
199 509 319 546 licebit
345 509 588 546 coniecturam
616 520 688 544 non
717 509 948 545 certissimam
976 511 1191 559 concipere,
1226 511 1254 546 si
1282 511 1420 558 minus,
1456 523 1529 547 non

77 573 226 609 multum
255 571 415 614 interest,
443 571 478 606 in
507 569 674 606 tenebras
702 571 822 607 omnia
849 571 1125 608 abstruduntur,
1177 571 1354 608 Nimirum
1383 571 1529 621 quando

76 633 231 671 Ouidius
267 633 364 668 hunc
399 632 517 668 locum
554 632 762 680 religiosum
799 633 1047 669 suburbanum
1081 633 1128 670 acl
1163 645 1348 670 excessum
1385 633 1529 670 Tiberis

74 695 177 731 fluuii
204 706 250 730 ex
280 695 368 730 urbe
401 694 542 743 scripsit
569 693 660 729 libro
687 694 871 741 secundo,
908 707 953 730 ex
980 695 1069 731 libro
1096 703 1198 732 sexto
1225 694 1333 731 credo
1361 695 1528 743 cognosci

73 768 148 792 non
175 767 253 792 esse
287 754 555 803 intelligendam
591 755 773 804 regionem
811 756 953 792 tertiam
989 756 1163 792 decimam
1191 756 1318 792 montis
1345 756 1527 800 Auentini,

74 818 126 854 uti
153 817 357 854 existimant
383 815 601 866 topographi
629 823 713 865 post
738 816 976 864 Panuiuium,
1015 817 1079 854 sed
1107 817 1307 867 proximam
1335 817 1528 854 transtibe-

73 880 201 915 rinam.
256 878 352 914 Nam
379 889 461 913 cum
488 878 630 914 fabulas
667 878 713 914 de
741 878 863 914 Carna
890 885 927 914 et
954 879 1098 915 Cardea
1124 878 1309 927 ingeniose
1333 879 1527 914 concinna-

74 940 167 976 uerit
193 947 326 989 poeta,
353 952 400 976 ne
427 939 633 976 confudisse
659 939 800 985 dicam,
829 939 978 975 Helerni
1005 941 1140 975 mentio
1167 938 1359 975 manifesto
1386 945 1527 989 spectat

73 1001 119 1037 ad
148 1003 222 1037 eius
251 1001 342 1037 deae
369 1013 450 1037 cum
478 1001 563 1036 lano
590 999 907 1047 necessitudinem,
934 1012 1044 1050 quem
1071 1013 1152 1037 cum
1181 1000 1360 1037 habitasse
1386 1001 1526 1037 lanicu-

72 1063 146 1099 lum
172 1062 270 1098 sama
297 1067 405 1108 esset,
434 1060 538 1096 huius
565 1061 695 1098 montis
722 1072 832 1110 rupes
860 1067 896 1097 et
923 1062 1107 1099 anfractus
1128 1075 1259 1099 nomen
1283 1062 1450 1099 Cranaae
1471 1063 1526 1098 in-

71 1123 202 1160 didisse
219 1122 401 1172 nymphae
418 1122 522 1158 finxit
548 1127 669 1170 poeta.
717 1122 771 1157 Ac
792 1122 870 1159 fieri
889 1124 1022 1172 potuit,
1050 1131 1088 1160 ut
1106 1124 1301 1163 Helernum
1326 1125 1372 1161 ab
1399 1124 1525 1169 horna,

70 1197 162 1234 rupe
188 1184 320 1220 dictum
348 1196 427 1220 esse
451 1183 624 1219 scriberet
651 1188 713 1220 aut
742 1183 874 1232 Varro,
903 1192 966 1222 aut
993 1185 1096 1221 alius.

168 1245 225 1281 De
251 1251 423 1294 portae
451 1244 780 1281 Carmentalis
814 1245 988 1293 religione
1014 1250 1053 1294 2,
1074 1249 1146 1282 201
1175 1246 1378 1283 conciliauit
1412 1252 1525 1296 poeta

71 1307 297 1344 diuersorum
325 1312 515 1342 auctorum
541 1305 694 1351 iudicia,
720 1318 816 1355 quae
842 1306 1048 1345 indicantur
1074 1307 1173 1358 apud
1199 1308 1349 1344 Festum
1376 1321 1414 1357 p.
1433 1310 1524 1357 334,

67 1372 90 1405 3
117 1369 183 1406 sin.
213 1368 353 1404 uerbis:
383 1367 589 1417 appellatur
614 1379 638 1404 a
664 1367 890 1416 quibusdam.
942 1369 1027 1405 Aliis
1056 1370 1151 1407 enim
1179 1370 1303 1419 religio
1330 1369 1401 1406 fuit
1429 1371 1524 1407 cirea

66 1437 180 1467 totam
208 1429 476 1466 Carmentalem
504 1437 648 1479 portam
678 1436 716 1466 et
741 1429 917 1478 templum
944 1430 1034 1477 lani,
1063 1430 1162 1480 quod
1191 1438 1270 1467 erat
1297 1437 1398 1468 extra
1426 1444 1523 1480 eam,

66 1499 158 1530 teste
183 1491 286 1528 Fest.
314 1504 351 1541 p.
367 1490 457 1538 285,
473 1491 496 1527 5
514 1491 605 1538 sin.;
643 1491 721 1527 aliis
755 1492 849 1528 circa
876 1490 1043 1528 dextrum
1079 1498 1221 1528 tantum
1248 1498 1378 1542 portae
1403 1492 1521 1529 forni-

65 1567 158 1602 cem,
185 1565 293 1603 quem
319 1553 354 1589 in
383 1552 531 1589 modum
557 1552 682 1589 Liuius
710 1556 749 1599 2,
772 1554 841 1589 49:
867 1551 1013 1599 Infelici
1037 1554 1101 1590 uia
1127 1553 1256 1591 dextro
1281 1556 1368 1591 iano
1392 1558 1522 1603 portae

70 1615 314 1653 Carmentalis
339 1614 491 1664 profecti.
518 1637 588 1651 —.
628 1613 816 1653 Distichon
844 1613 943 1663 quod
970 1622 1025 1651 est
1050 1615 1087 1651 in
1116 1616 1273 1664 uulgatis
1301 1616 1519 1667 exemplari-

66 1678 133 1713 bus
152 1679 240 1724 203,
263 1678 338 1712 204
363 1677 495 1726 partim
518 1687 563 1712 ex
581 1675 698 1713 Paulo
717 1675 881 1712 Diacono
905 1676 1081 1725 effictum,
1108 1679 1241 1727 partim
1267 1677 1429 1727 ineptum
1449 1683 1518 1726 est,

64 1744 181 1775 totum
215 1749 303 1774 uero
340 1739 385 1773 ab
420 1738 549 1777 eximio
585 1737 708 1774 codice
733 1737 928 1776 Parisiensi
960 1743 998 1774 et
1033 1738 1248 1786 quibusdam
1282 1740 1359 1775 aliis
1391 1740 1518 1776 abesse

64 1799 179 1836 uides.
241 1798 299 1834 De
335 1799 404 1835 situ
439 1804 569 1848 portae
605 1799 846 1835 Carmentalis
884 1798 998 1835 adibis
1030 1798 1291 1844 Niebuhrium,
1325 1800 1362 1836 h.
1388 1801 1439 1837 R.
1474 1803 1516 1848 2,

62 1874 104 1911 p.
121 1864 212 1908 222,
240 1872 324 1896 aun.
344 1861 434 1908 444,
463 1859 521 1895 uel
541 1859 705 1897 Bunsen.
733 1859 851 1897 deser.
874 1859 963 1896 Vrb.
991 1865 1042 1896 to.
1065 1863 1102 1908 1,
1127 1872 1165 1910 p.
1179 1861 1269 1908 629,
1295 1866 1346 1899 to.
1359 1863 1399 1909 3,
1424 1866 1513 1898 sect.

63 1927 102 1972 1,
128 1936 166 1973 p.
184 1924 247 1959 27.

161 1983 218 2020 De
244 1982 511 2031 Lupercali
537 1986 575 2030 2,
596 1984 670 2019 379
709 1988 744 2019 et
778 1981 824 2018 de
857 1982 959 2020 fico
984 1983 1223 2020 Ruminali
1252 1996 1289 2020 u.
1308 1985 1384 2021 410
1407 1984 1514 2022 simul

60 2045 242 2095 agendum
277 2050 344 2081 est.
395 2043 491 2080 Nam
528 2044 655 2080 eodem
691 2044 771 2081 loco
807 2044 919 2081 fuisse
951 2045 987 2080 in
1013 2044 1182 2080 Palatino
1208 2049 1332 2082 monte
1359 2052 1513 2083 testatur

59 2107 255 2154 Dionysius
292 2105 638 2153 Halicarnassensis;
687 2105 733 2142 de
752 2104 953 2155 Lupercali
980 2105 1034 2141 his
1062 2105 1179 2140 uerbis
1208 2109 1245 2153 1,
1266 2107 1329 2155 79,
1354 2120 1393 2156 p.
1414 2111 1509 2145 203:

59 2162 210 2216 ἐλέγετο
250 2164 294 2203 δὲ
328 2162 473 2211 Πανὸς
511 2160 609 2204 εἷναι
647 2162 690 2203 τὸ
727 2161 852 2211 νάπος
889 2164 955 2204 καὶ
989 2162 1132 2214 βωμὸς
1166 2156 1216 2215 ἦν
1251 2161 1402 2204 αὐτόθι
1438 2168 1509 2205 τοῦ

57 2228 181 2266 θεοῦ·
211 2249 258 2256 -
287 2224 331 2265 τὸ
358 2225 434 2276 μὲν
460 2219 530 2265 οὖν
558 2224 682 2272 ἄλσος
709 2223 780 2265 οὐκ
806 2223 862 2265 ἔτι
890 2225 1085 2276 διαμένει,
1120 2224 1164 2264 τὸ
1195 2225 1238 2265 δὲ
1267 2225 1433 2278 ἄντρον,
1467 2227 1510 2275 ἐξ

57 2280 106 2328 οῗ)
130 2285 156 2340 ἡ
184 2285 303 2338 λιβὰς
331 2287 546 2338 ἐκδίδοται,
575 2290 630 2342 τῷ
657 2287 880 2341 Παλαντίῳ
909 2287 1326 2341 προσῳκοδομημένον
1354 2287 1508 2328 δείκνυ-

56 2363 124 2390 ται
151 2347 255 2389 κατὰ
281 2348 353 2399 τὴν
389 2349 453 2389 ἐπὶ
479 2349 548 2390 τὸν
576 2348 829 2402 ἱππόδρομον
863 2347 1067 2402 φέρουσαν
1098 2345 1214 2399 ὁδόν,
1252 2354 1394 2402 quicum
1419 2365 1507 2390 con-

57 2413 152 2452 seres
180 2415 261 2451 Liu.
293 2418 328 2461 l,
348 2413 393 2450 ὃς
432 2417 517 2450 Iam
549 2419 626 2451 tuin
661 2416 698 2451 in
730 2414 905 2452 Palatino
936 2419 1054 2451 monte
1080 2414 1263 2463 Lupercal
1294 2414 1360 2451 hoc
1391 2414 1507 2461 fuisse

19 2494 22 2495 ⁷
58 2473 233 2512 hodierum
258 2475 399 2522 fernnt3
427 2475 474 2512 de
496 2476 565 2512 fico
586 2476 770 2512 Ruminali
797 2482 917 2512 autem
946 2476 1014 2522 his,
1042 2488 1135 2525 quae
1161 2476 1322 2525 proxime
1345 2489 1505 2525 sequun-

59 2539 137 2573 tur:
163 2533 227 2573 καὶ
255 2531 416 2584 τέμενός
442 2535 523 2581 ἐςιν
544 2533 668 2573 αὐτοῦ
698 2534 882 2586 πλησίον,
909 2533 1010 2574 ἔνθα
1040 2534 1152 2574 εἰκών
1175 2539 1300 2574 κεῖται
1326 2537 1397 2574 τοῦ
1425 2532 1504 2574 πά-

59 2593 177 2644 θους,
196 2592 367 2635 λύκαινα
387 2596 562 2642 παιδίοις
583 2596 674 2635 δυσὶ
695 2594 787 2642 τοὺς
804 2595 957 2646 μαςούς
982 2596 1192 2648 ἐπέχουσα,
1213 2593 1368 2646 χάλκεα
1386 2594 1503 2648 ποιή-

58 2667 174 2704 ματα
199 2658 374 2704 παλαιᾶς
402 2656 603 2710 ἐργασίας.
655 2661 822 2697 Reiskius
858 2661 948 2698 haec
984 2663 1103 2698 omnia
1128 2661 1376 2712 typographos
1402 2661 1509 2700 iussit⁷

59 2728 129 2766 pro
165 2718 283 2755 uerbis
317 2722 423 2758 Fabii
460 2722 612 2760 Pictoris
650 2723 872 2772 exprimere:
909 2734 1033 2761 eorum
1067 2725 1290 2761 unciolorum
1327 2721 1499 2760 beneficio
