1685 2954
72 62 125 93 cc
342 48 350 54 “
717 60 775 89 nr:
805 59 901 90 nnis

175 161 407 201 Hercules
435 157 496 196 uel
521 156 676 196 maxime
697 157 787 196 dens
812 160 1010 198 communis
1031 159 1204 198 dicendus
1229 159 1298 197 tuit
1322 159 1520 199 secundum

75 224 123 262 fr.
141 227 162 261 1
190 231 228 262 et
252 224 390 272 reliqua
416 231 511 270 quae
536 231 581 257 eo
607 219 688 256 loco
705 220 856 258 Seruius
882 220 1054 271 disputat.
1107 221 1162 258 Ad
1187 221 1234 258 fr.
1256 224 1302 257 ll
1331 221 1521 260 conseren-

77 286 147 324 dus
182 285 278 322 idem
311 289 366 319 est
401 281 449 318 ad
475 281 565 318 Aen.
591 282 631 328 8,
649 283 746 319 203:
786 282 898 319 Solus
925 285 1074 321 Verrius
1099 283 1252 326 {vaccas
1278 281 1364 320 dicit
1393 285 1523 322 Garu-

75 359 163 385 mtm
195 346 312 392 fuisse
336 347 520 393 pastorem
544 354 760 390 ntaynarum
784 346 919 381 uirium
948 346 1009 393 qui
1039 345 1172 382 Cacum
1203 342 1368 391 afflixit,
1403 357 1524 382 ovines

77 413 197 446 autem
218 416 434 454 magnarum
451 405 584 440 uirium
605 403 704 453 apud
723 408 859 442 usim-es
876 406 1050 443 Hercules
1072 406 1198 443 dictos.
1237 405 1384 441 Falsum
1402 405 1524 443 Aurel-

78 469 262 506 Victorem
289 480 322 503 c.
343 467 368 502 6
401 465 448 502 de
473 465 666 501 Recarano
704 478 776 502 non
814 467 923 504 credo
962 466 1180 504 audiendum
1217 478 1309 503 esse.
1360 466 1417 501 De
1448 466 1526 502 eius

76 530 231 567 numinis
257 528 413 566 Romam
440 526 676 563 translatione
709 527 776 563 sub
810 529 1025 577 cognomine
1049 530 1249 565 Musarum
1275 534 1312 564 et
1344 526 1526 574 Custodia,

79 590 156 628 Ou.
183 592 222 638 6,
238 590 330 638 7943
356 590 446 635 209,
474 588 609 624 nullum
637 595 692 624 est
718 589 916 636 negotium.
954 589 1156 625 Eumenius
1183 588 1306 625 rhetor
1331 589 1367 625 in
1394 600 1526 638 paneg.

79 665 148 703 pro
174 657 329 688 restaur.
355 650 468 688 schol.
497 662 529 686 c.
548 652 584 686 7.
613 648 671 685 ed.
700 649 857 685 Cellar.:
899 649 1052 686 Fuluius
1081 649 1141 686 ille
1167 648 1333 687 Nobilior
1356 667 1408 679 ν-
1434 648 1528 699 quod

78 715 119 751 in
146 715 305 752 Graecia
333 725 410 751 cum
436 715 528 748 esset
553 713 761 759 imperator,
788 715 973 758 acceperat
991 709 1180 747 Herculem
1198 712 1417 758 Musayeten
1441 723 1528 756 esse,

79 774 119 811 id
150 778 204 811 est
236 776 397 811 comitem
429 772 619 820 ducemque
644 773 855 808 Musarum.
910 771 1103 807 Herculem
1131 769 1329 807 Custodem
1362 772 1398 807 in
1435 772 1530 809 circo

77 836 259 873 Flaminio
286 834 490 886 putauerim
519 844 598 869 esse
624 833 852 869 Graecorum
874 825 1129 880 Παραςάτην
1157 832 1193 867 in
1221 833 1427 880 gymnasiis,
1454 832 1529 870 uid.

79 897 240 934 Pausan.
259 898 296 941 5,
322 899 362 943 8,
390 900 431 943 13
461 896 519 939 14,
546 896 590 941 73
618 895 654 937 6,
681 897 742 937 23,
768 897 802 930 3.
857 892 941 929 Non
970 894 1063 930 male
1090 893 1183 929 enim
1211 895 1407 930 conuenire
1432 907 1531 943 reor,

80 958 180 1009 quod
207 958 352 994 duobus
379 969 423 992 ex
451 955 505 992 his
532 955 617 991 locis
644 955 673 990 is
696 954 870 990 Hercules
891 955 1018 992 Idaeus
1048 955 1216 1002 traditur,
1245 955 1435 992 Herculem
1456 957 1532 993 Cu-

81 1019 224 1056 stodem
253 1031 341 1056 uero
368 1029 413 1054 ex
441 1017 613 1052 librorum
641 1015 901 1063 Sibyllinorum
930 1018 1144 1054 auctoritate
1174 1025 1421 1054 consecratum
1447 1017 1534 1055 dicit

83 1080 241 1120 Ouidius
269 1093 304 1117 u.
327 1081 413 1116 210.
465 1077 614 1113 Idaeum
640 1077 734 1114 enim
757 1077 948 1114 Herculem
975 1079 1021 1115 ad
1043 1079 1218 1126 Sibyllam
1245 1092 1353 1128 quam
1379 1080 1534 1116 maxime

82 1142 267 1192 pertinere
285 1140 429 1178 memini
449 1139 580 1175 docere
600 1139 832 1175 Clausenium
854 1151 892 1188 p.
908 1142 973 1187 22,
992 1143 1081 1187 237,
1096 1143 1182 1178 261.
1220 1140 1336 1176 Multo
1356 1140 1534 1177 difficilior

84 1209 140 1240 est
165 1215 223 1239 res
250 1201 296 1238 de
322 1203 362 1238 iis
388 1201 563 1247 saeculis,
595 1201 724 1250 quibus
758 1206 929 1237 externae
963 1201 1155 1250 religiones
1183 1214 1255 1237 non
1282 1201 1443 1251 integrae
1470 1213 1533 1238 as·-

84 1270 253 1313 sumptae
278 1269 376 1311 sunt,
403 1262 466 1298 sed
494 1263 595 1312 quasi
623 1263 849 1311 irrepserunt
874 1261 910 1298 in
939 1263 1165 1300 uernaculas.
1207 1262 1292 1298 Non
1318 1263 1427 1299 credo
1452 1264 1534 1300 sciri

85 1337 208 1376 posse,
235 1324 332 1361 unde
358 1324 580 1374 potissimum
603 1324 769 1360 Herculis
796 1323 928 1370 cultus,
956 1323 1016 1372 qui
1045 1337 1188 1360 omnem
1207 1324 1456 1360 Romanorum
1480 1325 1534 1360 ui-

86 1387 215 1423 ciniam
241 1386 471 1436 oppleuerat,
499 1386 654 1422 Romam
680 1384 882 1421 deueuerit.
934 1385 1081 1422 Romuli
1108 1392 1229 1422 aetate
1255 1384 1400 1422 affuisse
1426 1391 1537 1422 testa-

86 1454 149 1484 tur
174 1448 266 1495 Aug.
289 1459 321 1483 c.
341 1447 378 1484 d.
405 1449 444 1495 4,
458 1450 519 1483 23.
573 1447 694 1497 Ipsum
724 1458 854 1483 nomen
881 1458 998 1495 aeque
1025 1453 1124 1483 recte
1150 1458 1171 1483 e
1196 1458 1362 1483 sermone
1381 1447 1537 1485 Etrusco

87 1521 132 1546 ac
157 1506 279 1546 Siculo
308 1521 414 1557 posse
440 1509 596 1545 deriuari
623 1509 770 1557 egregie
796 1508 919 1544 docuit
949 1508 998 1546 O.
1018 1508 1216 1544 Muellerus
1242 1508 1323 1557 Etr,
1341 1513 1380 1555 2,
1407 1521 1445 1558 p.
1462 1510 1538 1545 279

90 1582 177 1607 ann.
200 1573 262 1606 47.
302 1570 403 1606 Idem
432 1571 479 1606 ib.
508 1583 545 1620 p.
566 1572 614 1606 75
641 1571 676 1606 in
703 1570 850 1606 Etruria
884 1577 1009 1606 notum
1037 1570 1148 1606 fuisse
1175 1569 1282 1606 deum
1309 1569 1540 1606 demonstra-

89 1632 155 1669 uit.
206 1632 247 1668 In
275 1632 422 1668 Corsica
450 1633 613 1670 Herculis
639 1644 742 1668 sacra
768 1631 878 1668 fuisse
905 1638 1084 1668 testantur
1110 1631 1245 1667 Strabo
1273 1632 1313 1678 5,
1340 1635 1380 1678 2,
1409 1644 1446 1680 p.
1463 1633 1537 1667 363

91 1692 277 1737 Tauchn.,
296 1693 493 1729 Pausanias
522 1696 580 1736 10,
604 1695 662 1730 17.
717 1693 852 1729 ibidem
880 1693 965 1741 quia
992 1699 1083 1729 teste
1101 1693 1262 1728 Timaeo
1289 1693 1386 1741 apud
1409 1693 1540 1732 Tzetz«.

91 1754 138 1790 ad
165 1754 349 1803 Lycoplir.
378 1756 452 1790 796
484 1754 545 1789 filii
584 1760 752 1802 parentes
785 1754 1084 1801 septuagenarios
1117 1749 1217 1800 πρὸς
1252 1747 1411 1800 ἀχανεῖς
1445 1766 1541 1803 κρη-

91 1810 217 1863 μνοὺς
252 1815 538 1858 :carmani-neg
572 1821 778 1850 mactarunt
804 1815 988 1862 Saturno,
1019 1814 1104 1851 inde
1135 1822 1237 1865 patet
1269 1816 1306 1852 in
1338 1817 1540 1865 Argeorum

93 1877 312 1913 cerimoniae
338 1876 593 1926 explicatione,
621 1874 694 1913 Ou.
716 1875 755 1922 5,
777 1877 865 1923 629,
893 1877 953 1925 qui
973 1876 1166 1914 Herculem
1192 1876 1449 1927 adhibuerunt,
1476 1879 1542 1916 ali-

92 1944 230 1987 quanto
254 1939 362 1974 etiam
383 1937 555 1974 eruditius
575 1949 650 1973 rem
678 1937 840 1986 gessisse,
867 1949 976 1986 quam
997 1939 1175 1987 opinabar
1199 1950 1308 1987 supra
1335 1952 1372 1988 p.
1388 1951 1541 1977 chxn

91 1999 156 2036 sed
191 2007 315 2036 tamen
345 1999 454 2036 nihilo
489 1999 601 2047 magis
635 2005 778 2035 constat
804 1999 965 2036 Saturno
1000 2000 1036 2035 id
1069 2012 1212 2036 sacrum
1238 2001 1379 2038 Romae
1404 2001 1542 2038 sactum

92 2071 185 2099 esse.
237 2060 295 2097 De
322 2061 511 2110 Campano
541 2059 699 2095 Hercule
727 2059 836 2096 tradit
863 2060 1013 2097 Seruius
1038 2061 1084 2097 ad
1111 2061 1202 2097 Aen.
1223 2063 1261 2109 6,
1278 2060 1369 2109 1073
1398 2064 1437 2107 7,
1451 2063 1540 2108 662,

93 2121 192 2159 unde
218 2121 264 2158 ad
283 2122 445 2158 Euandri
468 2128 506 2158 et
529 2121 732 2158 Carmentis
756 2120 933 2169 fabulam,
962 2121 1036 2159 Ou.
1057 2127 1092 2170 l,
1109 2122 1182 2157 543
1202 2134 1282 2170 sqq.
1309 2124 1346 2169 6,
1361 2124 1542 2172 519sqq.‚

93 2184 287 2220 accessisse
315 2183 428 2220 uideri
457 2183 649 2220 Herculem
683 2183 792 2230 paulo
826 2190 910 2219 ante
937 2184 1072 2220 monui.
1124 2183 1260 2219 Verum
1289 2183 1452 2220 Herculis
1478 2184 1542 2221 Vi-

93 2244 203 2280 ctoris
230 2257 361 2294 magna
386 2245 456 2281 suit
483 2251 519 2281 et
546 2244 689 2294 publica
718 2250 756 2280 et
791 2250 935 2281 uetusta
962 2245 1106 2294 religio,
1143 2256 1250 2294 quam
1278 2258 1349 2282 non
1376 2252 1431 2282 est
1456 2258 1542 2295 pro·

95 2305 218 2341 babile
252 2312 404 2355 propter
440 2306 527 2342 Caci
568 2305 729 2342 fabulam
763 2306 965 2342 Cumanam
1000 2306 1112 2343 fuisse
1149 2307 1358 2344 institutam.
1416 2307 1543 2344 Ferias

96 2367 172 2403 eius
210 2367 240 2402 si
278 2374 376 2404 recte
411 2367 557 2403 tradidit
584 2367 707 2414 Lydus
734 2366 781 2404 de
808 2378 923 2404 mens.
951 2369 990 2414 4,
1010 2369 1059 2403 46
1085 2380 1119 2405 a.
1148 2368 1185 2404 d.
1212 2369 1260 2404 111
1286 2368 1384 2406 Non.
1412 2370 1542 2418 April„

97 2426 252 2464 Ouidius
280 2428 541 2475 praetermisit,
575 2440 776 2477 cognomen
803 2435 1021 2478 perpetuum
1049 2429 1175 2474 (Seru.
1202 2429 1249 2466 ad
1275 2431 1367 2466 Aen.
1394 2432 1433 2477 8,
1455 2433 1543 2475 203,

98 2490 191 2535 362)
220 2489 407 2536 usurpauit
427 2489 627 2526 secundum
655 2490 763 2527 libros
787 2491 940 2539 optimos
964 2495 1000 2538 1,
1017 2493 1103 2528 562.
1146 2491 1235 2527 Eius
1253 2492 1404 2527 nominis
1430 2492 1545 2528 altera

99 2555 155 2588 est
181 2550 417 2598 signifieatiO,
451 2562 558 2598 quam
589 2552 778 2600 usurpauit
805 2552 955 2587 Plautus
983 2552 1158 2600 Amphitr.
1186 2553 1278 2602 prol.
1308 2552 1370 2588 fin.
1401 2559 1436 2589 et
1463 2553 1545 2589 illu-

98 2610 226 2649 strauit
254 2610 361 2647 Seru.
391 2609 437 2647 ad
467 2613 555 2648 Aen
584 2613 750 2660 10,409‚
787 2612 847 2650 ubi
883 2626 964 2652 cum
1003 2614 1119 2651 uerbis
1147 2614 1351 2663 virgilianis
1382 2613 1545 2652 conseres
