1718 2998
658 140 713 168 ΕΤ
743 139 974 169 HONORARII
1498 137 1544 168 xl

104 243 156 280 bis
184 241 292 279 tradit
316 242 385 278 Dio
409 240 609 276 institutum
637 251 717 276 esse
742 251 838 276 anno
865 242 964 288 726,
1000 240 1061 277 lib.
1085 239 1149 287 53,
1174 242 1220 276 2:
1259 234 1366 275 οὕτω
1389 233 1467 288 γὰρ
1493 232 1546 287 δὴ

104 302 243 341 πολλοὶ
270 301 382 352 σφῶν
410 298 573 350 πένητες
601 295 843 350 ἒγὲγόνεσαν,
872 296 973 339 ὥστε
996 295 1101 351 μηδ’
1130 296 1437 351 ἀγορανομῆσαί
1452 308 1548 337 ’τινα

105 362 172 402 διὰ
195 362 239 402 τὸ
257 360 428 413 μέγεθος
445 363 525 400 ,τῶν
549 357 827 410 ἀναλωμάτων
855 361 1064 411 ἐθελῆσαι,
1093 358 1196 400 ἀλλὰ
1217 357 1267 400 τά
1289 357 1327 399 τ’
1356 356 1458 398 ἄλλα
1481 358 1548 398 καὶ

105 424 156 465 τὰ
183 420 393 474 δικαςήρια
421 420 471 462 τὰ
506 425 556 476 τῇ
592 420 839 477 ἀγορανομίᾳ
867 419 1122 473 προσήκοντα
1150 427 1234 469 τοῖς
1260 424 1474 474 ςρατηγοΐς
1498 441 1548 454 -—

105 487 428 538 προσταχθῆναι,
456 493 493 524 et
519 487 766 523 confirmatum
794 499 872 524 esse
898 499 993 523 anno
1014 489 1103 533 732,
1130 486 1190 523 lib.
1212 488 1275 534 54,
1291 491 1337 523 2:
1365 487 1450 529 τοῖς
1473 480 1548 533 μὲν

105 551 344 599 στρατηγοῖς
378 545 451 593 τὰς
487 544 729 598 πανηγύρεις
761 543 895 592 πάσας
930 544 1185 596 προσέταξεν.
1241 548 1361 584 Credo
1389 547 1549 596 singulos

103 611 162 649 uel
188 613 294 648 etiam
321 612 443 661 plures
469 623 513 649 ex
540 611 688 657 decem,
725 611 782 646 uel
810 610 1023 657 duodecim,
1058 611 1115 646 uel
1141 609 1296 646 sedecim
1322 609 1550 659 praetoribus

102 673 260 723 singulos
287 673 390 710 ludos
417 673 534 710 sortiri
560 673 683 709 solitos
718 685 810 709 esse.
861 672 980 708 Druso
1009 673 1168 723 praetori
1201 678 1318 708 certos
1354 672 1458 710 ludos
1484 672 1551 710 ob-

103 736 224 784 tigisse
248 736 370 772 scribit
388 736 457 772 Dio
477 736 540 782 54,
558 737 620 782 34,
643 742 679 771 et
699 741 841 771 uetusto
867 747 968 770 more
995 734 1085 771 duos
1112 741 1298 784 praetores
1325 747 1452 770 munus
1473 735 1551 784 gla-

102 797 293 834 diatorium
320 799 465 834 sortitos
490 798 554 845 59,
584 798 645 833 14.
705 797 798 832 Hinc
831 796 939 844 igitur
973 804 1051 843 est,
1090 795 1189 845 quod
1214 796 1405 845 Dionysius
1432 797 1551 833 Halic.

103 862 142 908 2,
163 861 211 895 19
237 859 341 896 ludos
365 859 592 908 Megalenses
619 871 639 895 a
665 859 892 909 praetoribus
919 857 1033 894 editos
1060 865 1249 905 memorat,
1277 858 1373 907 quod
1397 859 1552 895 Seianus

105 927 142 957 et
159 921 280 958 Galba
303 928 488 971 praetores
508 921 672 958 Florales
692 920 861 957 exhibent
886 919 1112 955 narrantibus
1131 919 1249 956 Dione
1268 921 1332 968 58,
1355 922 1415 968 19,
1446 920 1551 958 Suet.

105 981 214 1020 Galb.
236 985 274 1030 6,
302 983 398 1033 quod
426 984 552 1020 mimos
577 988 727 1032 praetor
753 992 873 1018 emere
898 980 1027 1017 dicitur
1052 982 1098 1017 ab
1122 980 1255 1018 Ouidio
1273 983 1386 1019 Trist.
1406 986 1445 1029 2,
1461 982 1553 1031 508,

105 1044 203 1093 quod
239 1058 324 1093 erga
360 1042 456 1088 τούς
488 1056 531 1080 τε
567 1038 818 1094 στρατηγοὺς
848 1039 913 1079 καὶ
948 1038 1044 1087 τοὺς
1079 1035 1258 1087 ὑπάτους
1291 1056 1370 1081 sese
1396 1043 1554 1082 efferunt

106 1118 281 1155 equorum
308 1106 502 1155 agitatores
528 1104 628 1155 apud
652 1105 761 1142 Dion.
788 1107 853 1153 61,
873 1107 909 1142 6.
962 1105 1073 1148 Quod
1101 1119 1181 1142 cum
1207 1107 1408 1143 institutum
1436 1108 1481 1144 sit
1507 1119 1553 1144 eo

105 1180 178 1217 quo
205 1167 360 1204 indicaui
386 1174 574 1217 tempore,
610 1179 704 1202 anno
731 1168 805 1203 746
831 1166 905 1202 duo
941 1169 1163 1216 potissimum
1191 1181 1325 1218 genera
1351 1169 1553 1207 ordinario-

105 1241 184 1265 rum
211 1236 386 1266 statorum
413 1235 451 1265 et
476 1229 803 1266 anniuersariorum
829 1228 997 1265 ludorum
1033 1230 1204 1279 fuerunt,
1241 1237 1406 1268 ueterum
1433 1237 1470 1268 et
1495 1243 1554 1269 re-

106 1292 321 1339 centiorum,
349 1291 409 1341 qui
435 1298 499 1328 aut
525 1303 548 1328 a
571 1291 813 1341 praetoribus,
842 1296 905 1327 aut
931 1302 952 1326 a
979 1292 1183 1329 consulibus
1209 1299 1435 1338 curarentur,
1462 1306 1554 1344 quo-

104 1365 185 1389 rum
211 1354 365 1390 alterum
391 1361 514 1390 utrum
539 1353 773 1390 honorarium
799 1353 933 1389 dictum
960 1365 1039 1390 esse
1066 1361 1102 1391 et
1128 1354 1203 1391 dies
1230 1361 1293 1391 aut
1318 1368 1464 1401 omnes,
1491 1361 1555 1393 aut

105 1422 204 1453 certe
234 1429 277 1453 eo
305 1427 412 1466 quem
437 1413 635 1452 Suetonius
669 1415 779 1451 tradit
813 1427 964 1452 numero
998 1416 1157 1455 nefastos
1193 1417 1360 1456 habuisse
1393 1424 1552 1468 oportet.

105 1478 215 1529 Atqui
240 1477 287 1514 de
311 1483 483 1528 praetore
509 1476 710 1525 honorato,
746 1476 793 1513 de
818 1477 896 1514 iure
922 1477 1115 1514 honorario
1140 1491 1252 1528 supra
1276 1481 1451 1517 monitum
1479 1486 1557 1518 est:

103 1542 234 1591 pignus
260 1552 407 1590 quoque
433 1539 667 1576 honorarium
693 1533 940 1588 πραιτώριον
968 1537 1152 1592 ἐνέχυρον
1177 1543 1462 1592 interpretantur
1480 1543 1555 1580 Fa-

105 1603 213 1639 bretti
249 1603 389 1651 glossae
425 1601 522 1652 apud
557 1602 737 1638 Reitzium
771 1601 818 1638 ad
852 1614 962 1652 supra
998 1603 1154 1651 positum
1182 1604 1380 1654 Theophili
1413 1606 1555 1643 locum:

105 1663 182 1714 ipse
207 1664 434 1713 Theophilus
462 1664 523 1704 lib.
543 1668 578 1700 3.
606 1664 660 1700 tit.
681 1667 741 1699 13.
768 1665 866 1709 §.22
901 1659 1142 1714 πραιτώριαι
1172 1663 1310 1714 ἐνοχαί
1331 1689 1383 1697 -
1410 1663 1557 1712 αἵτινες

107 1722 174 1761 καὶ
201 1719 411 1777 ὃνοράριαι
438 1725 668 1763 καλοῦνται.
722 1726 839 1763 Multa
867 1727 937 1763 alia
962 1727 1187 1764 Forcellinus
1213 1728 1437 1778 suppeditat.
1487 1729 1557 1766 Ni-

108 1787 159 1824 hil
194 1780 300 1835 igilur
336 1800 496 1836 nouum,
532 1788 561 1823 si
594 1787 672 1824 ludi
707 1800 854 1838 quoque
887 1789 1060 1839 praetorii
1096 1790 1328 1825 nominantur
1360 1789 1556 1829 honorarii.

108 1848 203 1885 Ludi
226 1848 448 1896 consulares,
475 1861 566 1897 quos
589 1855 728 1886 constet
752 1851 844 1886 circa
866 1862 1000 1886 annum
1018 1852 1092 1886 746
1114 1851 1288 1886 celebrari
1312 1851 1436 1888 solitos
1463 1864 1557 1902 esse,

108 1922 234 1946 omnes
261 1909 336 1945 dies
364 1910 480 1946 minus
508 1910 653 1958 triginta
679 1910 832 1948 habent:
861 1925 946 1947 num
973 1923 1036 1947 eos
1065 1910 1236 1957 nefastos,
1262 1913 1459 1961 ignoratur.
1511 1916 1559 1952 At

107 1972 202 2008 inter
227 1972 430 2021 praetorios
455 1971 560 2008 ludos
586 1972 773 2009 Romanos
800 1980 898 2009 certe
923 1972 1037 2009 fastos
1064 1986 1136 2009 non
1163 1973 1329 2011 habuisse
1356 1975 1464 2013 credo
1490 1988 1560 2028 ap-

106 2045 239 2084 parere
266 2045 310 2069 ex
334 2033 411 2071 Cic.
439 2031 484 2068 ad
510 2032 597 2069 fam.
626 2036 664 2082 8,
691 2037 735 2071 8:
773 2038 835 2073 Μ.
867 2037 1037 2072 Tuccium
1072 2041 1316 2074 accusatorem
1341 2050 1447 2075 suum
1476 2044 1561 2089 post

108 2094 213 2132 ludos
229 2097 418 2132 Romanos
442 2106 543 2131 reum
569 2094 641 2142 leye
665 2095 790 2133 Plotia
815 2096 858 2133 de
882 2099 922 2133 ui
945 2097 1045 2144 fecit,
1073 2098 1138 2134 cfr.
1164 2099 1269 2135 Verr.
1290 2103 1324 2144 1,
1347 2103 1410 2148 10,
1437 2104 1472 2148 ξ.
1489 2104 1559 2138 31:

108 2170 153 2194 ex
180 2157 491 2207 Quinquatribus,
521 2157 811 2206 Megalensibus,
841 2158 1065 2207 Cerealibus,
1096 2159 1314 2208 Floralibus,
1342 2163 1561 2212 Apollinari-

108 2221 198 2265 bus,
225 2219 423 2267 Romanis,
459 2219 614 2255 Plebeiis
641 2218 734 2256 ludis
773 2221 919 2269 triginta
956 2222 1013 2257 uel
1052 2222 1158 2258 etiam
1193 2224 1305 2272 paulo
1335 2225 1457 2273 plures
1484 2224 1560 2262 dies

109 2282 228 2331 colligi
253 2282 414 2331 potuisse
439 2280 617 2330 spondeo.
676 2282 779 2319 Haec
812 2283 1007 2320 hactenus:
1046 2284 1152 2320 iubeo
1187 2297 1284 2321 nunc
1318 2286 1489 2322 lectorem
1524 2286 1560 2321 in

109 2344 270 2381 tabulam
297 2343 391 2380 infra
416 2343 633 2393 descriptam
668 2344 866 2381 secundum
894 2358 1053 2383 marmor
1087 2347 1273 2397 antiquum
1300 2348 1451 2398 Augusti
1477 2347 1561 2385 anni

110 2406 373 2444 ordinationem
399 2407 628 2456 complexum
654 2407 796 2444 intueri.
