1685 2954
565 108 664 137 mn.
695 104 980 135 sscvunvs
1436 90 1493 134 59

115 209 213 252 Inde
239 210 357 251 deum
386 207 554 251 colimus
582 207 840 260 deuectaque
869 218 989 247 saera
1013 205 1218 260 Pelasgis.

171 279 339 322 Flamen
368 276 419 316 ad
447 276 553 316 haec
581 276 717 328 prisco
746 286 857 314 more
887 273 1004 314 dialis
1033 271 1120 313 erit.
1413 277 1493 312 280

120 345 204 385 Cui·
231 344 352 398 igitur
379 350 551 395 currant,
583 349 626 383 et
655 355 739 395 cur,
767 343 828 382 sic
857 353 1017 381 currere
1042 353 1131 380 mos
1161 345 1240 393 est,

174 411 294 452 Nuda
320 412 451 451 ferant
477 412 612 464 posita
640 422 808 462 corpora
835 414 968 460 ueste,
998 406 1155 461 rogas?

117 480 212 532 Ipse
240 478 340 518 deus
365 479 485 519 uelox
515 479 738 520 discurrere
770 477 925 531 gaudet
951 475 992 515 in
1021 475 1116 515 altis

175 546 396 597 Montibus,
425 552 467 586 et
495 547 652 587 subitas
676 544 853 597 concipit
880 544 946 582 ille
969 542 1104 595 fugas.

121 613 214 665 Ipse
243 611 345 653 deus
373 614 505 654 nudus
533 613 664 654 nudos
695 612 808 654 iubet
835 613 892 651 ire
919 611 1134 651 ministros.
1418 610 1498 648 285

176 680 271 720 Nec
299 680 402 720 satis
430 680 482 720 ad
510 693 656 722 cursus
681 679 892 721 commoda
921 679 1051 719 uestis
1080 682 1177 718 erat.

121 747 231 788 Ante
257 749 395 787 Iouem
424 748 606 802 genitum
636 755 766 789 terras
795 747 986 787 habuisse
1016 747 1196 786 feruntur

179 815 376 867 Arcades,
408 823 450 856 et
477 817 572 856 luna
598 828 705 869 gens
734 816 841 868 prior
868 814 936 854 illa
963 814 1048 853 fuit.

125 882 225 923 Vita
253 883 348 922 feris
377 884 530 936 similis,
560 885 690 923 nullos
719 882 877 937 agitata
905 894 978 933 per
1002 892 1125 920 usus:

182 950 296 991 Artis
323 951 457 992 adhue
486 964 637 1004 expers
673 956 717 990 et
750 949 849 989 rude
886 948 1035 1001 uolgus
1072 951 1171 993 eratP
1424 946 1505 983 290

127 1017 207 1059 Pro
234 1018 418 1059 domibus
442 1019 607 1058 frondes
633 1022 789 1068 norant,
818 1028 890 1068 pro
917 1014 1102 1069 frugibus
1126 1013 1289 1066 herbas,

184 1086 343 1125 Nectar
371 1092 458 1125 erat
484 1086 628 1137 palmis
656 1085 806 1125 hausta
834 1083 992 1124 duabus
1019 1094 1136 1135 aqua.

128 1152 274 1192 Nullus
302 1152 517 1192 anhelabat
544 1153 620 1192 sub
651 1152 809 1192 adunco
839 1163 1004 1191 uomere
1030 1155 1184 1201 taurus,

183 1220 305 1258 Nulla
330 1220 404 1258 sub
433 1219 599 1272 imperio
629 1225 736 1260 terra
764 1219 939 1262 colentis
965 1223 1065 1257 erat.

129 1286 277 1326 Nullus
302 1285 437 1326 adhue
463 1292 554 1326 erat
580 1300 682 1327 usus
709 1288 814 1340 equi.
850 1299 898 1327 se
927 1286 1101 1339 quisque
1129 1284 1305 1324 ferebat:
1425 1284 1506 1323 295

127 1408 214 1444 279.
248 1411 355 1445 Hunc
378 1420 473 1446 vers.
501 1421 580 1446 cum
604 1421 676 1458 seq.
703 1422 772 1447 om.
799 1412 823 1446 8
847 1414 882 1446 et
906 1408 988 1446 duo.
1033 1407 1248 1455 deuictaque
1271 1418 1320 1442 m.
1421 1407 1510 1442 280.

78 1457 195 1494 Flam.
222 1459 267 1494 ab
293 1459 382 1495 haec
407 1459 440 1495 b.
492 1462 537 1495 ab
564 1460 633 1496 hoc
656 1473 692 1496 m
719 1464 884 1508 quatuor.
937 1460 983 1495 ob
1009 1458 1077 1495 hoc
1103 1470 1125 1507 p
1152 1469 1233 1494 aar.
1255 1469 1325 1494 scr.
1369 1456 1414 1493 ad
1443 1457 1511 1493 hac

83 1508 116 1544 0
141 1520 214 1545 ma.
230 1521 288 1557 pr.
340 1509 458 1546 adhuc
482 1514 498 1546 t
523 1509 607 1547 duo.
655 1510 699 1546 ad
736 1511 805 1547 hoc
837 1511 1000 1559 quinque.
1054 1508 1143 1544 haec
1167 1508 1260 1543 festo
1290 1508 1320 1544 G
1340 1519 1422 1544 var.
1440 1519 1512 1546 scr.

80 1558 183 1595 dialis
209 1560 300 1596 inest
325 1559 373 1596 A
402 1560 510 1597 alius.
550 1562 634 1608 Sic,
659 1561 743 1605 erit,
769 1562 806 1597 A
829 1573 902 1597 ηια.
918 1572 985 1596 sec.
1015 1562 1138 1595 DEP
1149 1556 1236 1594 ΨΑ
1245 1556 1282 1593 Σ
1291 1557 1338 1594 br
1364 1563 1514 1607 septem;

82 1619 107 1657 p
122 1619 206 1645 πων.
221 1621 290 1646 scr.
392 1612 478 1647 281.
507 1611 583 1647 Cur
602 1610 706 1647 nudis
725 1624 819 1647 eurr.
843 1612 964 1648 Guar.
980 1622 1050 1646 scr.
1089 1616 1237 1645 currunt
1258 1610 1302 1646 Ο.
1343 1621 1406 1644 cur
1427 1621 1514 1644 con-

83 1669 228 1694 currere
253 1657 313 1695 A.
358 1661 409 1696 sic
434 1673 502 1697 οπι.
521 1661 570 1697 Α.
617 1674 681 1697 cur
706 1662 734 1697 si
757 1661 872 1698 mend.
899 1661 953 1698 ed.
972 1663 1020 1697 D.
1037 1662 1176 1703 Heius„
1201 1662 1357 1707 scriptus
1380 1658 1516 1696 mellus.

136 1710 225 1744 282.
248 1709 429 1757 Nudaque
454 1711 524 1746 sint
548 1724 627 1760 pos.
651 1723 674 1758 9
694 1724 766 1748 ma.
784 1724 840 1760 pr.
861 1712 897 1748 h.
934 1712 1046 1747 Nulla
1070 1711 1137 1746 fer.
1164 1722 1211 1746 m.
1252 1722 1355 1758 roges
1380 1722 1416 1745 m
1440 1722 1515 1747 ma.

134 1784 144 1794 .
246 1761 332 1795 283.
360 1760 422 1795 lile
447 1763 481 1796 P
497 1764 532 1797 3.
575 1761 645 1796 lste
670 1774 700 1797 s.
753 1764 823 1797 Hic
848 1773 941 1797 uers.
968 1773 1048 1798 cum
1072 1772 1144 1808 seq.
1170 1763 1209 1796 ’ὶη
1233 1763 1394 1807 margine
1416 1772 1465 1796 m.

135 1809 223 1844 284.
251 1809 385 1845 subitas
413 1810 566 1845 concitat
591 1809 738 1846 DAN
746 1809 781 1845 Σ
790 1824 826 1847 m
852 1812 1002 1857 2)3445
1014 1812 1063 1845 47
1089 1814 1136 1856 et,
1163 1815 1270 1846 Μῖνα
1288 1812 1356 1856 4)8
1377 1815 1410 1845 et
1430 1815 1514 1855 tres,

90 1858 229 1906 reliqui.
268 1861 346 1894 sub.
375 1860 547 1908 conspicit
570 1872 594 1908 p
619 1872 701 1897 nar.
718 1873 788 1897 scr.
836 1861 982 1909 corripit
1004 1872 1024 1896 s
1047 1872 1129 1896 ferar.
1144 1871 1213 1895 scr.
1252 1872 1353 1898 conc.
1382 1861 1458 1909 ipse
1481 1861 1520 1897 A

88 1909 188 1953 (test.
217 1911 328 1946 tacito
353 1912 477 1946 Hezns.
506 1915 631 1946 contra
655 1910 776 1946 disert.
798 1912 930 1956 Gron.)
958 1907 1249 1946 BFAMOH
1261 1908 1431 1947 ‘PAbhr
1456 1911 1522 1948 am

89 1963 124 1995 ct
148 1963 234 1995 nteit.
261 1959 332 2004 σῶς
363 1957 432 2008 <Dp
457 1972 539 1996 var.
560 1972 629 1996 scr.
678 1962 737 1997 ille
763 1962 874 2010 (ipse)
902 1962 997 1997 seras
1027 1958 1527 1998 BGDEFOEMNOPH

97 2006 186 2045 ΨΑ
194 2006 231 2044 Σ
243 2008 308 2056 Tf
310 2023 331 2057 9
341 2022 431 2046 mrs
455 2011 546 2055 2)34
555 2012 602 2045 42
612 2010 659 2046 45
671 2012 913 2055 47,‘mtmeris
937 2013 1097 2058 insiyniti
1122 2010 1258 2059 aliquot
1280 2016 1525 2060 praetereant

90 2064 178 2095 uett.
199 2059 254 2096 ed.
292 2063 353 2096 Ex·
381 2060 438 2097 his
462 2072 484 2108 9
509 2072 575 2108 pro
599 2073 682 2098 παν.
698 2074 769 2098 scr.
794 2061 900 2098 habet
924 2061 1017 2109 quod
1043 2073 1089 2098 em·
1105 2060 1293 2110 AAbhp
1312 2064 1336 2097 8
1363 2064 1423 2110 qui
1447 2064 1526 2099 noti,

91 2114 192 2154 sunt,
215 2113 341 2158 recepi.
443 2113 531 2146 285.
558 2110 621 2147 Ille
646 2111 734 2148 deus
755 2111 827 2158 Εἴ.
870 2112 957 2150 nud.
983 2118 1080 2148 amat
1104 2113 1156 2148 ire
1177 2115 1220 2149 Τ.
1256 2113 1354 2148 iubet
1381 2124 1460 2149 esse
1486 2115 1524 2149 D

93 2157 174 2196 ΕΣ
182 2159 289 2208 bfps
316 2160 429 2197 decem
447 2165 481 2197 et
501 2165 587 2197 vett.
606 2161 679 2207 (ζὼς
707 2175 730 2212 9
746 2175 909 2200 uar.scr.
1010 2164 1100 2201 286.
1129 2163 1228 2198 Haec
1254 2163 1337 2198 satis
1369 2163 1408 2199 G.
1443 2175 1525 2198 cur-

93 2222 172 2246 sum
199 2221 219 2247 r
245 2212 408 2259 quinque.
450 2212 515 2248 erit
543 2214 566 2247 8
592 2211 675 2251 duo.
717 2221 820 2249 erant
845 2216 879 2250 E
896 2225 1042 2262 mompr.
1144 2215 1229 2249 287.
1257 2214 1373 2248 iouein
1403 2219 1526 2249 natum

93 2259 128 2296 b.
168 2267 254 2296 terr.
281 2261 459 2298 habitasse
488 2258 565 2307 (Dt3
589 2274 613 2309 9
632 2274 713 2300 παν.
728 2276 798 2300 scr.
899 2266 984 2300 288.
1012 2263 1167 2299 Archad.
1196 2265 1274 2299 DE
1284 2274 1302 2299 r
1327 2263 1402 2299 alii.
1440 2275 1526 2312 gens

94 2309 164 2346 fuit
188 2311 248 2347 illa
272 2313 371 2360 prior
400 2309 489 2348 ΟΦ.
548 2348 567 2355 κ
592 2315 681 2351 289.
708 2315 790 2350 Vita
814 2313 914 2350 ferae
940 2315 1017 2352 sim.
1044 2318 1079 2350 l.
1113 2315 1191 2350 sere
1216 2320 1252 2349 et
1278 2314 1354 2350 sim.
1385 2315 1445 2349 34.
1470 2315 1527 2350 fe-

97 2361 144 2396 ris
168 2368 205 2397 et
227 2362 304 2398 sim.
331 2374 438 2398 unus.
481 2361 559 2398 fere
584 2363 682 2399 siluis
706 2365 794 2401 null.
822 2377 858 2400 m
882 2377 1032 2412 mmspr.
1081 2364 1166 2400 Vita
1192 2362 1260 2399 suit
1284 2364 1411 2399 sterilis
1438 2364 1525 2400 null.

103 2410 149 2447 0.
176 2411 364 2461 nullosque
382 2413 467 2461 agit.
491 2410 542 2449 Ψ.
570 2414 656 2449 null.
679 2414 836 2450 habitata
855 2412 897 2453 A
911 2427 985 2451 ma.
998 2426 1055 2464 pr.
1148 2416 1235 2450 290.
1262 2414 1379 2449 adbuc
1397 2416 1435 2450 ὶη
1449 2427 1527 2451 ras.

101 2471 147 2496 m.
187 2473 317 2511 expers
344 2469 382 2499 ut
409 2463 498 2499 rude
524 2463 559 2500 h.
598 2465 727 2513 ougus
754 2464 834 2502 libri
856 2470 997 2513 praeter
1020 2465 1069 2501 A.
1108 2471 1211 2501 eraut
1236 2467 1285 2500 M
1308 2476 1391 2501 παν.
1408 2477 1478 2501 scr.

152 2513 237 2551 291,
264 2515 334 2549 Hic
359 2518 392 2549 et
415 2525 488 2562 seq.
506 2525 600 2550 uers.
626 2519 708 2564 post
727 2518 800 2550 306
820 2518 928 2563 positi
950 2513 1002 2552 (D.
1043 2514 1205 2551 domibus
1230 2517 1267 2551 in
1289 2526 1366 2551 ras.
1382 2527 1430 2551 rm.
1465 2527 1530 2551 no-

104 2567 254 2609 rantque
272 2575 345 2612 pro
359 2566 394 2599 E
404 2575 476 2600 ma.
487 2576 542 2612 pr.
645 2568 731 2601 292.
759 2566 898 2602 duobus
914 2578 962 2602 m.
1062 2567 1150 2602 293.
1173 2566 1340 2602 anelabat
1354 2569 1397 2602 E.
1426 2565 1530 2613 thau-

105 2621 166 2645 rus
180 2613 228 2646 D.
328 2615 414 2651 294.
440 2614 580 2664 inperio
597 2617 647 2654 D.
681 2622 777 2651 terra
803 2616 957 2665 regentis
979 2617 1009 2653 0
1025 2628 1107 2653 πων.
1122 2628 1191 2653 scr.
1291 2617 1377 2652 295.
1404 2617 1532 2653 Prima

107 2665 261 2707 (praviter
283 2663 391 2702 uerba
414 2666 454 2704 in
477 2677 552 2703 ras.
582 2668 630 2703 D.
670 2666 789 2703 adhuc
815 2679 883 2704 om.
910 2665 940 2712 f,
979 2666 1108 2704 Nullus
1134 2673 1210 2705 erat
1235 2673 1320 2704 tunc
1348 2679 1428 2704 usus
1455 2665 1486 2702 b.
