1685 2954
591 138 692 169 Lm.
722 136 963 174 vaTvs
1225 182 1228 184 -
1417 128 1502 174 227

175 242 232 283 Et
257 245 428 295 pereunt
454 239 602 292 lenteS,
629 238 789 280 aduena
815 237 925 291 Nilo,
954 242 1063 281 tuae.

121 309 232 350 Vina
258 321 420 363 quoque
446 308 488 348 in
512 298 675 361 magnis
704 318 877 360 operose
903 305 1068 348 condita
1096 307 1213 351 cellis

174 377 354 428 Florent,
384 380 427 416 et
454 373 629 415 nebulae
654 373 762 414 dolia
788 385 945 414 summa
970 379 1130 428 tegunt.
1416 382 1499 420 270

119 445 245 484 Mella
273 455 405 484 meum
432 454 590 483 munus.
630 442 820 482 uolucres
849 451 931 493 ego
959 442 1079 483 mella
1107 442 1274 486 daturas

174 509 241 551 Ad
268 510 414 550 uiolam
443 514 487 548 et
515 509 675 562 cytisos
704 514 759 556 etr
777 508 919 562 thyma
946 520 1052 549 cana
1078 522 1195 552 uoco.

116 578 209 620 Nos
236 588 396 630 quoque
425 575 532 616 idem
561 575 737 618 facimus
764 582 876 628 tunc,
906 588 998 616 cum
1026 576 1267 620 iuuenilibus
1294 578 1412 623 annis

169 644 395 685 Luxuriant
420 642 555 697 animi,
587 655 838 698 corporaque
864 641 957 696 ipsa
985 644 1130 687 uirent.

113 712 229 753 Talia
256 712 460 753 dicentem
488 711 640 753 tacitus
667 711 850 752 mirabar.
890 718 934 752 at
961 712 1042 765 illa,
1414 717 1495 756 275

168 780 238 819 Ius
265 778 337 819 tibi
367 778 571 833 discendi,
600 780 636 821 si
665 792 746 833 qua
773 779 963 832 requiris,
993 781 1063 820 ait.

110 846 201 897 Dic,
229 845 321 899 dea,
349 847 553 900 respondi,
582 846 764 887 ludorum
793 858 899 899 quae
926 847 981 888 sit
1009 848 1136 902 orig0.

165 914 251 954 Vix
278 914 384 954 bene
412 914 628 967 desieram,
654 913 812 954 rettulit
838 914 905 955 illa
933 913 1051 955 mihi:

109 980 289 1022 Caetera
314 981 497 1023 luxuriae
525 981 703 1022 nondum
730 980 997 1022 instrumenta
1024 980 1236 1035 uigebant,

163 1050 250 1090 Aut
274 1063 426 1102 pecus,
462 1055 535 1091 aut
566 1050 691 1089 latam
719 1047 837 1088 diues
863 1049 1042 1089 habebat
1067 1049 1251 1090 humum:
1416 1053 1497 1090 280

107 1117 216 1157 Hinc
243 1117 364 1157 etiam
391 1118 590 1170 locuples,
619 1117 716 1156 hinc
744 1116 835 1168 ipsa
860 1117 1037 1169 pecunia
1064 1116 1175 1157 dicta
1205 1121 1293 1158 est:

165 1184 252 1225 Sed
280 1185 359 1224 iam
389 1184 441 1225 de
470 1185 601 1225 uetito
631 1185 804 1237 quisque
829 1185 998 1236 parabat
1025 1197 1141 1237 opes.

107 1251 292 1292 Venerat
325 1252 367 1291 in
401 1265 553 1292 morem
581 1252 720 1304 populi
748 1251 976 1304 depascere
1005 1252 1150 1303 saltus,

160 1319 287 1372 quue
316 1318 384 1358 diu
411 1317 538 1371 licuit,
566 1331 781 1372 poenaque
809 1318 919 1358 nulla
946 1318 1034 1357 fuit.

105 1386 282 1428 Vindice
311 1387 504 1428 seruabat
530 1387 638 1426 nullo
667 1399 745 1426 sua
770 1386 934 1438 publica
962 1385 1133 1438 uolgus:
1411 1387 1493 1426 285

48 1510 121 1548 que
145 1498 220 1536 sab.
246 1510 353 1535 unns.
400 1499 581 1547 uitiaeque
607 1497 692 1534 Ald.
708 1499 814 1546 prim.
918 1497 1006 1533 268.
1034 1495 1161 1532 lendes
1195 1493 1246 1533 Ψ.
1300 1494 1384 1532 adu.
1411 1496 1494 1532 tibri

52 1553 97 1586 Τ.
144 1550 215 1585 nile
241 1549 331 1586 deae
357 1550 418 1585 29.
528 1551 616 1585 269.
648 1549 816 1597 Vinaque
840 1548 876 1583 in
902 1547 1082 1583 immensis
1110 1559 1171 1595 Op.
1200 1550 1248 1583 12
1260 1548 1324 1582 20.
1369 1557 1492 1595 magn.

50 1600 197 1648 copiose
224 1596 270 1635 Σ.
321 1599 426 1635 cond.
453 1600 533 1635 telis
559 1599 590 1645 f.
700 1601 787 1635 270.
824 1610 964 1634 sumina
992 1603 1116 1634 tenent
1147 1600 1189 1633 Τ.
1298 1599 1387 1633 271.
1423 1597 1496 1632 mei

48 1661 190 1686 mumus
215 1648 235 1684 b
256 1661 327 1685 ina.
343 1661 399 1697 pr.
444 1649 591 1686 daturos
620 1653 664 1687 Τ.
773 1651 860 1684 272.
896 1648 951 1684 Ad
977 1648 1132 1696 cythisos
1161 1646 1346 1696 uiolasque
1371 1652 1409 1684 et
1433 1643 1493 1683 Π.

47 1700 104 1736 Ad
132 1699 302 1735 uiolatum
330 1707 366 1735 et
392 1699 427 1736 b.
468 1700 598 1735 niolam
626 1700 744 1749 ‹gitisos
763 1702 807 1736 Ε.
846 1699 1008 1735 scithisos
1028 1697 1105 1744 Df.
1145 1697 1288 1733 cithisos
1313 1699 1388 1734 Gr.
1430 1709 1493 1744 cy-

46 1749 141 1786 thios
158 1746 208 1785 Γ.
249 1749 374 1797 cythis.
395 1747 612 1785 Heinsiani?
652 1750 764 1785 tliima
790 1752 1031 1785 DEmaaeec.
1047 1745 1182 1784 GOEF
1184 1759 1214 1784 r.
1258 1748 1344 1795 tima
1370 1749 1490 1784 Ema.

44 1811 103 1849 pr.
141 1799 266 1848 thyma
292 1807 394 1849 grata
422 1797 460 1835 Σ
475 1804 547 1835 tres
564 1799 793 1847 Aldfpv‘imq
821 1801 944 1835 Fuar.
960 1810 1031 1834 scr.
1079 1798 1201 1845 thyma
1227 1809 1366 1834 summa
1397 1794 1436 1833 Φ
1452 1793 1494 1834 Ψ

45 1850 291 1900 bpsma.seo.
321 1855 495 1898 quatum&
520 1861 642 1897 fluor.
656 1861 727 1885 scr.
829 1851 917 1884 273.
950 1847 1099 1896 Nosque
1125 1847 1205 1883 idee
1229 1846 1300 1884 fac.
1329 1859 1361 1885 r.
1409 1858 1493 1883 cum

44 1901 236 1937 iuuenibus
263 1913 347 1937 ann.
375 1904 420 1937 Ε.
469 1912 550 1936 cum
582 1900 781 1949 puerilibus
807 1900 843 1935 6.
893 1911 973 1934 cum
1002 1898 1227 1934 iuuenalibus
1253 1900 1324 1945 233
1357 1899 1386 1935 G
1404 1909 1490 1935 nar.

43 1963 118 1988 scr.
219 1953 307 1988 274.
336 1963 395 1988 an.
423 1963 554 2000 corpus
581 1957 618 1987 et
643 1962 750 1987 omne
783 1949 881 1997 uiget
908 1946 1018 1985 1141.
1057 1950 1134 1998 ipsa
1163 1948 1286 1984 ualent
1307 1945 1371 1985 A.
1411 1949 1492 1997 ipsa

44 2002 171 2050 uigent
194 2001 323 2050 reliqui
348 2006 492 2050 praeter
517 2003 638 2037 Zma.
653 2012 709 2049 pr.
725 2012 848 2036 mma.
863 2011 932 2047 pr„
959 2011 1048 2048 quos
1065 2011 1138 2048 seq.
1241 1999 1328 2034 275.
1355 1999 1433 2034 mir.
1454 2004 1492 2034 et

42 2052 104 2088 illa
118 2049 180 2088 A.
283 2054 371 2090 276.
397 2053 460 2088 tibi
487 2051 629 2087 dicendi
647 2054 762 2087 Ema.
775 2062 831 2099 pr.
846 2046 1339 2098 Ffflma.7n·.AMma.pr.
1351 2045 1496 2085 ΝΟΠ

44 2099 338 2150 ΔΣΤόρὴῬν
363 2102 477 2139 decem
496 2107 529 2138 et
547 2106 634 2138 πιθα.
649 2101 704 2137 ed.
750 2101 820 2137 dic.
849 2099 974 2147 (disc.)
1001 2107 1056 2136 est
1079 2101 1109 2136 si
1138 2097 1431 2147 CAMma.pr.
1446 2096 1494 2134 N

47 2149 190 2189 OHA
202 2151 271 2189 Th
295 2155 404 2201 pauci
423 2157 457 2189 et
475 2157 560 2188 vett.
582 2152 636 2188 ed.
689 2164 760 2200 qua
792 2151 962 2198 relinquis
989 2153 1033 2187 P.
1139 2152 1225 2186 277.
1262 2149 1324 2186 Sic
1355 2149 1424 2185 dea
1451 2150 1495 2185 N

42 2206 134 2248 ϋνεες
155 2215 180 2251 9
199 2214 281 2240 aar.
294 2215 364 2239 scr.
406 2203 476 2239 dea
501 2202 668 2238 ludorum
696 2200 868 2250 respondi
895 2199 1034 2237 2229.
1135 2203 1222 2236 278.
1251 2200 1313 2235 Vis
1333 2201 1378 2235 E.
1417 2198 1488 2236 Vix

40 2252 127 2289 dum
160 2254 235 2290 des.
263 2252 296 2290 b.
349 2254 470 2290 retulit
496 2250 659 2290 DEOE?
709 2251 815 2288 michi
840 2254 886 2289 E.
997 2253 1086 2287 279.
1123 2250 1284 2287 nundum
1309 2247 1360 2286 Γ.
1413 2249 1490 2285 lux.

41 2303 140 2340 nuda
167 2305 268 2340 instr.
295 2303 314 2339 b
331 2312 470 2353 mmpr.
538 2305 556 2312 ‘
574 2305 661 2339 280.
691 2304 747 2338 At*
763 2315 843 2351 pec.
876 2305 919 2339 Τ.
966 2302 1037 2337 Aut
1063 2312 1197 2351 pecora
1226 2304 1286 2336 ll.
1325 2305 1390 2335 aut
1414 2299 1490 2336 lae·
1554 2304 1557 2306 '

42 2358 116 2389 tam
143 2356 205 2390 29.
250 2353 324 2390 diu.
353 2354 499 2391 habebit
523 2352 585 2390 A.
624 2353 707 2389 hab.
732 2365 839 2402 opem
868 2354 910 2390 0.
1011 2354 1098 2388 281.
1127 2352 1220 2387 Hinc
1246 2350 1406 2399 locuples
1432 2348 1488 2385 di-

42 2409 121 2439 ctus
146 2404 229 2441 hinc
254 2406 332 2454 ipsa
363 2406 408 2441 G.
454 2405 623 2454 locuplex
647 2402 750 2449 Ebf.
804 2404 873 2439 loe.
901 2403 957 2439 hic
983 2415 1015 2439 r.
1059 2402 1141 2438 hinc
1167 2402 1234 2436 ista
1261 2412 1292 2436 s.
1333 2406 1387 2436 est
1413 2397 1486 2436 abi.

40 2462 66 2499 9
89 2456 174 2490 tres.
272 2457 359 2491 282.
386 2456 457 2490 iam
485 2467 554 2492 om.
580 2451 628 2489 Γ.
668 2454 811 2503 parabit
839 2456 883 2489 B.
931 2464 1011 2502 par.
1038 2465 1130 2502 opus
1156 2454 1206 2487 M
1220 2463 1293 2487 mu.
1311 2462 1366 2499 pr.
1407 2461 1487 2497 par.

45 2514 152 2551 opem
178 2504 259 2542 duo.
362 2508 448 2541 283.
476 2502 618 2554 populis
645 2504 819 2552 bmwpr.
860 2503 1057 2552 deposcere
1088 2497 1489 2549 GDEma.pv-.FGOE

43 2563 180 2602 ma.pr.
195 2552 426 2605 ΨΔτηαφν.
437 2557 687 2604 rn1a.pr.s44
700 2554 898 2599 detodeoim3
919 2551 1011 2589 NH
1021 2565 1101 2589 nar.
1110 2564 1181 2589 scr.
1282 2552 1368 2587 284.
1394 2551 1488 2586 lam-

42 2613 115 2651 que
141 2603 199 2640 diu
227 2602 322 2642 Σ2Ο
346 2606 429 2644 diro.
468 2606 605 2656 Lisque
631 2605 690 2640 diu
718 2616 897 2653 ritunpr.
943 2604 1002 2639 diu
1032 2604 1166 2653 placuit
1196 2605 1239 2639 T.
1283 2602 1341 2638 lic.
1370 2601 1488 2636 nulla-

41 2663 115 2701 que
134 2664 251 2702 poena
272 2659 316 2692 P.
417 2657 505 2693 285.
533 2657 728 2692 seruabant
745 2653 855 2690 Γ28.
900 2655 996 2690 nullo
1026 2661 1064 2690 ut
1089 2665 1153 2689 sua
1178 2665 1210 2689 s.
1249 2650 1421 2702 pupplica
1436 2647 1486 2686 Γ.

40 2713 108 2739 sua
132 2704 267 2753 pabula
297 2707 719 2745 Thma.sec.rma.sec.
742 2709 789 2742 13
811 2710 899 2742 octo.
941 2717 1007 2741 sua
1033 2715 1168 2754 pascua
1196 2706 1257 2738 11.

1102 2764 1148 2800 15
1176 2762 1192 2779 '³
