1685 2954
533 51 686 82 FAS'ros
717 51 978 82 INCOEPERIT
1375 48 1490 80 chv

44 162 154 205 sunt,
185 166 304 207 prope
329 157 472 205 oportet
498 150 621 190 Ouidii
657 152 774 189 locum
811 152 982 201 scriptum
1018 161 1097 189 esse
1128 148 1214 186 dum
1241 148 1352 186 Iuliae
1376 162 1489 188 causa

45 219 164 269 agitur
187 219 257 255 sub
281 216 389 254 finem
415 214 500 250 anni
526 213 614 250 752.
661 213 845 251 Prioribus
872 213 1031 250 eiusdem
1058 213 1143 249 anni
1168 211 1348 248 mensibus
1369 211 1487 250 Patris

44 281 185 331 patriae
211 287 409 328 cognomen
438 275 473 311 in
493 276 693 324 Augustum
720 275 902 319 collatum,
932 275 1014 312 uide
1039 286 1149 324 supra
1175 287 1213 324 p.
1230 285 1305 310 Lx1
1331 279 1369 310 et
1387 273 1487 310 Mar-

45 342 89 378 tis
110 341 245 378 Vltoris
270 337 441 386 templum
466 335 686 385 dedicatum,
715 336 798 372 uide
824 349 863 385 p.
880 347 1056 372 cxxxn1
1083 343 1120 372 et
1145 337 1272 373 Vellei.
1298 336 1369 372 loc.
1395 334 1487 383 ind„

44 403 91 441 «le
117 404 246 454 quibus
271 401 378 437 rebus
413 399 486 448 egit
522 406 631 449 poeta
658 402 697 445 2,
720 398 937 434 119—144
960 404 996 433 et
1023 398 1061 444 5,
1081 397 1309 434 551—598.
1361 396 1488 434 Priore

44 465 81 502 in
108 465 188 502 Ioco
214 476 249 499 u.
270 464 342 498 133
376 472 419 497 ea
457 460 685 508 indicantur,
719 472 814 510 quae
846 458 944 509 apud
977 458 1131 495 Dionem
1159 460 1261 496 Cass.
1291 471 1386 495 anno
1411 460 1488 495 747

42 526 106 563 lib.
126 525 190 572 55,
211 525 235 560 6
263 529 300 559 et
319 525 363 559 8:
389 516 442 558 τά
470 533 511 559 τε
538 522 610 558 τοῦ
641 519 855 571 πωμηριόυ
883 518 975 570 ὅρια
1003 515 1198 569 ἐπηύξησε
1225 540 1274 548 -
1301 516 1338 555 οἱ
1365 516 1409 556 δὲ
1434 514 1483 568 δὴ

43 583 207 632 gemuel
234 583 484 633 ἐπιμελητῶν
513 596 633 621 τινων
661 580 702 620 ἔκ
730 583 802 621 τοῦ
830 577 987 632 δήμου,
1016 578 1085 625 οὓς
1111 580 1176 618 καὶ
1204 577 1489 628 ςενωπάρχους

41 647 259 697 καλοῦμεν·
286 669 338 675 -
363 642 494 682 καίτοι
521 643 587 683 καὶ
614 643 770 683 ἐκείνων
798 642 863 682 καὶ
884 646 962 682 τῶν
987 638 1206 694 δημάρχων
1232 643 1310 680 τῶν
1326 655 1367 679 τε
1385 654 1487 691 ςρα-

39 709 172 760 τηγῶν
192 708 326 746 πᾶσαν
345 702 418 757 τὴν
445 701 562 745 πόλιν
583 705 638 752 εἷς
660 705 936 755 δεκατέσσαρα
953 702 1055 755 μέρη
1075 705 1321 754 νεμηθεΐσαν
1348 701 1486 756 κλήρῳ

40 767 368 823 προςαχθέντων.
423 771 708 814 Quatuordecim
737 770 903 820 regiones
936 781 1021 805 num
1051 775 1136 804 tunc
1164 768 1318 816 primum
1346 767 1486 804 institu-

39 841 101 872 tae
126 834 282 882 suerint,
315 835 516 883 ignoratur.
568 832 707 869 Earum
733 844 806 868 una
832 831 1097 879 assignificatur
1121 829 1220 878 apud
1249 828 1420 866 Ouidium
1445 831 1485 878 4,

39 896 88 932 51
115 895 227 940 locus,
254 895 292 931 h.
316 907 348 932 e.
377 896 476 945 regio
502 894 586 931 XIII
612 905 634 930 a
659 898 784 929 monte
809 892 989 928 Auentino
1023 891 1179 927 diuersa.
1231 892 1325 928 Ante
1350 903 1486 929 annum

38 957 116 994 757
141 958 266 1007 scripti
291 963 377 994 sunt
402 968 527 994 uersus
552 960 592 1003 2,
613 954 769 1001 9-14,
804 953 888 1002 quia
914 953 1074 989 militaris
1100 959 1200 989 aetas
1233 965 1329 990 anno
1357 954 1486 991 aetatis

40 1018 319 1068 quadragesimo
345 1025 449 1055 sexto
475 1016 725 1060 definiebatur,
753 1015 838 1052 uide
863 1027 954 1065 quos
980 1014 1151 1051 indicauit
1170 1015 1342 1052 Creuzer.
1364 1028 1484 1066 comp.

39 1085 116 1116 ant.
144 1091 198 1116 ro.
226 1081 262 1125 ξ.
279 1080 370 1115 224.
429 1079 588 1115 onrem
624 1078 765 1114 tertiam
799 1083 863 1114 aut
893 1077 1069 1124 duxerat,
1105 1083 1168 1114 aut
1201 1077 1374 1114 ducturus
1406 1084 1486 1115 erat

37 1145 150 1191 poeta
181 1152 263 1176 cum
296 1140 364 1176 sub
398 1139 509 1177 finem
542 1139 622 1176 libri
656 1139 747 1176 sexti
781 1139 925 1189 scripsit
962 1139 1008 1175 de
1040 1139 1177 1176 Marcia
1208 1139 1312 1176 Fabii
1337 1140 1485 1176 Maximi

39 1214 172 1239 uxore:
199 1201 282 1239 uide
307 1201 415 1239 Pont.
437 1205 475 1249 3,
492 1205 529 1249 1,
550 1201 619 1249 753
643 1203 705 1238 78.
759 1201 874 1238 Filiae
900 1201 1051 1250 nuptiae
1077 1213 1172 1250 quae
1197 1213 1485 1238 commemoran-

37 1271 98 1301 tur
115 1265 154 1312 6,
171 1265 246 1300 219
263 1276 343 1313 sqq.
369 1275 486 1314 aeque
514 1265 606 1300 bene
631 1264 770 1313 primae
797 1269 861 1299 aut
886 1261 1069 1299 secundae
1095 1274 1174 1300 esse
1199 1269 1363 1313 possunt,
1390 1264 1483 1301 trist.

37 1327 78 1374 4,
98 1329 159 1374 10,
177 1327 241 1373 76,
274 1325 361 1362 nihil
387 1325 580 1362 conferunt
606 1326 653 1362 ad
679 1326 851 1374 temporis
878 1325 1132 1373 cognitionem.
1187 1324 1263 1361 Sed
1290 1337 1416 1362 uersus
1442 1327 1482 1374 4,

37 1389 113 1425 348
138 1389 168 1425 si
194 1393 294 1425 recte
325 1387 507 1438 disputaui
533 1400 645 1437 supra
672 1400 710 1437 p.
725 1399 831 1433 XLV,
857 1387 965 1423 scribi
992 1399 1063 1423 non
1091 1386 1210 1436 potuit
1235 1393 1320 1424 ante
1345 1399 1482 1424 annum

37 1451 130 1487 756:
157 1450 272 1487 simile
297 1449 385 1499 quid
412 1449 459 1486 de
484 1450 575 1486 aede
597 1450 741 1486 Cereris
767 1449 901 1485 dictum
927 1454 982 1484 est
1007 1461 1044 1498 p.
1060 1460 1181 1486 XLVI.
1221 1449 1327 1486 Vers.
1352 1451 1387 1494 4,
1406 1451 1483 1487 384

38 1511 210 1560 scriptum
237 1523 316 1548 esse
340 1517 425 1561 post
443 1523 476 1548 a.
492 1513 563 1547 741
583 1511 690 1548 docet
708 1512 777 1548 Dio
795 1511 859 1558 54,
873 1512 938 1558 26,
966 1523 1047 1546 cum
1066 1523 1138 1547 non
1159 1511 1272 1548 multo
1294 1517 1380 1548 ante
1406 1512 1483 1548 exi-

38 1572 125 1608 lium
145 1585 221 1608 rem
239 1580 376 1622 gestam
398 1574 517 1622 colligi
537 1572 692 1610 sortasse
713 1574 826 1624 possit
843 1585 889 1609 ex
905 1572 1015 1609 Pont.
1038 1576 1074 1620 3,
1088 1572 1126 1621 5,
1140 1576 1222 1609 23:
1239 1573 1297 1610 De
1317 1574 1481 1611 uersibus

0 1637 1 1650 ²
39 1634 78 1679 3,
96 1634 310 1670 879-882
337 1635 386 1670 ita
412 1634 632 1684 disputatum
659 1641 714 1671 est
739 1647 850 1684 supra
878 1647 916 1684 p.
933 1647 1070 1683 xn111,
1098 1641 1140 1672 ut
1165 1636 1232 1671 nisi
1256 1635 1365 1672 fallor
1389 1648 1482 1686 pro-
1532 1648 1534 1652 ’

38 1694 192 1731 habilius
226 1695 272 1731 sit
296 1706 372 1731 rem
398 1695 545 1731 indicari
570 1697 670 1733 initio
698 1698 774 1733 eius
803 1698 888 1732 anni
914 1703 1075 1745 gestam,
1111 1710 1184 1745 quo
1218 1697 1400 1746 relegatus
1426 1703 1483 1734 est

39 1754 210 1803 Ouidius,
237 1768 345 1805 quam
372 1756 542 1792 illustrari
566 1757 737 1794 feriarum
764 1764 887 1794 notam
912 1759 948 1793 in
976 1757 1076 1793 fastis
1103 1757 1206 1793 Maff.
1232 1758 1285 1794 VI
1302 1757 1368 1793 ΚΡ
1389 1759 1480 1807 Apr.

38 1817 119 1853 Hoc
145 1818 242 1854 enim
268 1818 425 1854 animum
452 1816 571 1853 induci
597 1830 670 1854 non
697 1824 818 1868 potest
842 1819 909 1855 nisi
934 1820 1079 1855 remotis
1105 1820 1267 1856 uersibus
1294 1821 1383 1866 876,
1405 1821 1482 1856 877

37 1884 191 1927 propter
215 1879 254 1926 4,
279 1880 509 1915 901-904.
563 1880 672 1930 Atqui
698 1881 805 1918 docui
836 1892 875 1929 p.
897 1892 1060 1927 Lxxnl,
1082 1891 1232 1929 Lxxiv,
1265 1881 1335 1917 utri
1369 1880 1480 1918 fidem

36 1946 257 1978 mereantur.
308 1940 366 1976 Ex
400 1939 456 1976 his
489 1940 598 1978 modo
625 1942 819 1992 propositis
854 1954 935 1978 cum
968 1942 1145 1991 pleraque
1178 1943 1383 1979 coniectura
1408 1943 1481 1980 sint

36 2000 276 2049 inuestigata‚
313 2013 357 2039 ea
384 2002 554 2051 grauiora
581 2003 767 2051 existimo,
802 2014 896 2053 quae
923 2003 1118 2041 ostendunt
1145 2003 1317 2041 Ouidium
1343 2005 1479 2041 ultimis

34 2062 262 2111 potissimum
298 2070 383 2100 ante
417 2063 674 2113 relegationem
701 2065 805 2101 annis
838 2065 1067 2102 immoratum
1093 2077 1172 2103 esse
1196 2066 1250 2103 his
1279 2067 1401 2103 libris:
1437 2072 1480 2103 ut

35 2134 110 2159 non
135 2125 232 2161 male
262 2124 428 2175 plerique
455 2126 737 2163 existimauerint
768 2128 813 2163 ab
846 2139 942 2164 anno
968 2128 1041 2164 755
1070 2135 1219 2178 coeptos
1246 2140 1325 2165 esse
1349 2129 1479 2175 fastos,

33 2185 97 2235 qui
120 2185 259 2223 medius
292 2194 347 2224 est
381 2189 476 2224 inter
508 2188 662 2237 primam
698 2187 986 2227 informationem
1022 2195 1059 2227 et
1094 2202 1218 2226 curam
1243 2191 1477 2228 seueriorem.

32 2245 167 2284 Nescio
194 2253 315 2285 tamen
342 2261 388 2286 an
415 2249 451 2286 hi
478 2250 631 2285 maxime
656 2248 693 2285 id
718 2251 975 2300 spectauerint,
1002 2251 1101 2301 quod
1127 2254 1218 2289 trist.
1238 2256 1279 2300 2,
1295 2254 1371 2290 549
1395 2258 1480 2302 post

31 2310 209 2347 amatoria
235 2309 412 2347 fastorum
439 2311 690 2361 priorestoco,
726 2324 834 2362 quam
861 2314 1201 2364 metamorphoseon
1229 2315 1308 2351 libri
1333 2327 1478 2365 ponun-

33 2375 112 2407 tur:
150 2372 247 2421 quod
274 2372 356 2410 ideo
381 2372 444 2420 fit,
479 2374 563 2422 quia
589 2374 637 2410 illi
663 2375 814 2424 propius
840 2374 887 2411 ad
913 2373 1096 2424 publicum
1123 2377 1319 2414 carminum
1345 2389 1475 2426 genus,

34 2432 132 2482 quod
156 2434 320 2483 flagitare
346 2437 534 2472 consueuit
560 2436 756 2485 Augustus,
783 2437 1017 2481 accedebant,
1044 2450 1153 2488 quam
1180 2445 1244 2476 aut
1272 2439 1476 2488 tragoedia,

34 2499 99 2530 aut
114 2496 439 2546 metamorphoses,
465 2510 557 2547 quas
582 2510 663 2534 cum
683 2498 810 2535 eodem
837 2498 916 2536 fere
942 2505 1107 2548 tempore
1132 2499 1331 2551 incoepisse
1352 2501 1478 2538 uidea-

33 2561 96 2591 tur
117 2564 242 2606 poeta,
268 2558 416 2595 dubium
444 2559 504 2595 uix
530 2566 599 2607 est,
626 2560 713 2609 quin
739 2561 944 2610 diligentius
970 2561 1071 2597 fastis
1097 2561 1353 2600 elaborauerit.
1395 2563 1475 2600 Sci·
1496 2606 1500 2609 Ι

33 2615 116 2654 licet
149 2618 215 2655 nisi
247 2620 324 2669 ipse
356 2621 437 2657 loco
471 2621 565 2659 trist.
592 2622 750 2660 indicato
776 2629 814 2661 et
841 2627 878 2673 1,
895 2625 934 2672 7,
957 2624 1023 2672 143
1049 2625 1120 2672 283
1147 2627 1218 2674 303
1243 2627 1294 2662 40
1320 2629 1470 2675 negaret
