1685 2954
636 50 720 80 LIB.
749 49 933 85 QVINTVS
1409 47 1507 78 cem

63 152 303 190 resciuissent.
354 150 600 190 Tertullianus
626 149 672 187 ad
699 155 773 187 nat.
801 153 840 196 2,
862 151 887 186 8
914 148 1000 186 deos
1028 147 1374 189 Obodanedusstrem
1397 148 1504 187 Ara-

62 213 146 251 bum
179 215 216 252 h.
243 227 276 252 e.
309 213 458 253 Obodan
483 217 516 249 et
544 215 714 248 Dusaren
747 210 869 247 tradit.
930 212 1132 261 Vtrumque
1165 211 1367 248 id·nomen
1405 216 1505 248 extat

63 277 162 326 apud
191 276 415 326 Stephanum
443 274 659 322 Byzantium
686 279 722 309 et
748 272 877 309 dicitur
902 272 1012 310 fuisse
1034 275 1193 310 Arabum
1216 273 1292 310 siue
1313 271 1505 309 Dachare-

61 350 203 382 normu,
228 337 382 374 fortasse
407 336 513 373 etiam
532 335 787 372 Dacharenum
813 341 852 370 ut
882 334 1117 380 Tyrrhenum.
1162 336 1266 372 Vers.
1283 337 1334 370 24
1364 336 1505 371 Texta-

61 412 128 448 que
152 399 211 436 ed.
232 410 287 448 pr.
340 395 447 434 Vers.
470 398 518 432 26
544 398 663 446 partis
689 397 806 433 Gron.
851 396 955 432 Vers.
970 398 1019 432 29
1046 398 1201 445 precium
1230 395 1347 432 Gron.
1387 396 1505 431 simu-

61 460 138 498 lare
157 458 449 497 merumPei-reii
475 465 540 497 est.
580 459 684 496 Vers.
705 459 751 495 35
780 458 906 495 αηιὶσῖε
926 459 1043 494 Gron.
1085 458 1189 494 Vers.
1209 459 1256 493 52
1284 455 1388 493 Elati
1412 456 1505 492 scri-

59 528 166 571 ptura
185 527 240 557 est
260 520 341 557 cod.
362 520 465 558 Leid.
487 523 570 557 117.
599 526 636 557 et
662 521 753 557 alius
769 520 965 556 Heinsiani.
1008 519 1194 555 Distichon
1222 520 1314 555 inter
1342 530 1434 555 uers.
1455 516 1507 554 54

58 589 94 620 et
111 583 160 619 55
185 582 220 618 in
248 581 365 619 Gron.
402 589 645 632 expunctum,
684 582 839 619 fortasse
874 583 944 618 alia
978 593 1115 628 manu,
1153 587 1233 617 erat
1269 586 1360 616 teste
1392 579 1502 618 Schr.

58 641 166 681 Vers.
186 645 236 680 56
266 645 392 692 Ipsius
423 643 530 679 etiam
562 645 681 682 Gron.
716 645 852 681 habere
886 650 991 693 puto.
1052 643 1156 680 Vers.
1179 643 1229 678 57
1264 643 1362 677 Dum
1394 645 1506 677 uenat

57 704 176 741 Gron.
220 705 324 742 Vers.
344 706 393 742 58
419 705 753 742 Lachmannianam
780 706 994 755 scripturam
1022 705 1128 741 etiam
1156 703 1213 740 ed.
1236 715 1293 752 pr.
1333 701 1437 739 Vers.
1455 702 1506 737 64

54 770 209 813 yuctura
227 767 345 803 Gron.
387 767 494 804 Vers.
515 769 564 802 67
594 769 700 815 iniey.
719 771 838 816 putem
857 767 974 802 Gron.
1014 766 1117 803 Vers.
1137 767 1185 801 68
1215 765 1363 801 Terruit
1385 763 1503 800 Gron-

57 833 151 862 teste
183 828 323 876 Heins.‚
360 842 432 865 non
465 828 570 865 Schr.
607 829 759 882 peryula
791 839 860 872 ‚‚V.
898 831 956 863 c.''
987 827 1124 862 Perrei.
1163 838 1312 874 pexu...
1348 824 1405 860 ed.
1445 837 1501 873 pr.

57 886 163 924 Vers.
180 890 226 924 71
254 890 307 926 At
331 891 449 927 Gron.
478 897 559 926 test.
582 891 704 926 Heius.
758 888 868 925 Vei-s.
887 889 935 923 75
963 886 1071 923 docet
1097 895 1195 924 recte
1212 898 1272 923 me
1292 885 1504 922 emendasse

56 949 148 985 trist.
176 952 214 998 3,
237 955 297 1000 11,
318 954 382 1000 26,
410 964 530 1002 neque
555 958 633 988 erat
659 963 723 987 cur
748 948 785 986 id
812 949 1018 998 displiceret
1045 949 1175 985 eximio
1203 949 1326 985 critico
1352 947 1504 984 Loersio

57 1008 227 1048 Treuiro.

155 1072 214 1108 El.
234 1074 258 1108 6
284 1073 414 1110 lemma
441 1072 606 1110 differtur
632 1072 679 1110 ad
707 1086 742 1109 u.
758 1076 803 1108 ll
833 1072 942 1109 etiam
968 1072 1004 1108 in
1032 1071 1092 1108 ed.
1113 1085 1169 1122 pr.
1209 1073 1314 1109 Vers.
1336 1071 1359 1108 5
1387 1071 1506 1108 thuris

55 1132 174 1170 Gron.
214 1133 318 1170 Vers.
335 1139 380 1170 ll
406 1135 608 1181 referamus
633 1134 693 1171 ed.
710 1147 766 1184 pr.
811 1134 843 1170 V
846 1146 914 1169 ers.
934 1135 981 1169 16
1004 1135 1150 1171 monim.
1173 1134 1289 1170 G'ron.
1328 1134 1433 1170 Vers.
1453 1136 1505 1169 20

54 1193 138 1241 fau.
159 1197 258 1242 equis
281 1196 398 1233 Gron.
424 1203 504 1233 test.
527 1197 650 1233 Heins.
688 1196 793 1232 Vers.
806 1198 854 1230 23
876 1197 947 1232 Hic
967 1196 1085 1232 Gron.
1107 1202 1189 1232 test.
1208 1195 1290 1232 eod.
1333 1195 1438 1232 Vers.
1454 1197 1506 1231 27

54 1268 94 1294 se
117 1256 233 1293 iudice
258 1258 306 1294 id.
327 1265 409 1298 test.
432 1259 514 1295 eod.
558 1258 664 1294 Vers.
683 1261 732 1294 28
759 1256 888 1293 nothos
911 1256 1028 1293 Gron.
1074 1255 1183 1293 Vers.
1199 1259 1247 1294 39
1272 1257 1356 1294 mih’
1381 1258 1507 1306 singuq

55 1318 122 1354 lari
155 1318 250 1355 idem
277 1320 506 1369 compendio.
563 1321 670 1356 Vers.
690 1320 737 1355 45
765 1330 860 1368 quae
886 1319 1202 1368 interpretationes
1229 1319 1395 1368 prolatae
1420 1325 1506 1355 suut

54 1381 220 1416 nituntur
240 1380 475 1430 Scaligerana
502 1382 707 1418 coniectura
725 1380 817 1430 proh
836 1393 903 1429 pro
923 1392 1053 1429 prope:
1080 1381 1115 1416 in
1141 1380 1282 1417 Perreii
1308 1380 1506 1430 exemplari

54 1440 142 1479 data
168 1454 281 1492 opera
303 1450 448 1479 cautum
469 1450 537 1491 est,
563 1456 610 1479 ne
636 1446 710 1481 Pro
737 1443 808 1478 alio
835 1442 928 1486 loco,
955 1453 1065 1491 quam
1091 1442 1127 1478 in
1155 1454 1281 1479 uersus
1308 1442 1409 1478 initio
1437 1454 1505 1479 no-

56 1503 126 1540 tari
151 1510 313 1553 putetur.
368 1505 656 1554 lnterpunxerim
682 1506 754 1541 ita:

212 1569 262 1603 Et
287 1567 437 1603 nimium
461 1568 571 1604 remis
596 1566 731 1604 audent
755 1579 866 1617 prope
889 1583 941 1594 —-
965 1563 1092 1615 turpe!
1124 1588 1166 1596 ·—
1191 1565 1319 1604 latinis

288 1629 455 1675 Principe
480 1632 515 1664 te
540 1627 672 1674 fluctus
695 1632 796 1678 regia
822 1628 905 1666 uela
929 1629 1023 1678 pati,

57 1688 96 1726 h.
115 1700 149 1725 e.
177 1689 326 1725 nimium
345 1700 456 1737 prope
480 1701 504 1726 ιι
530 1689 644 1726 classe
661 1702 816 1727 romana
833 1702 932 1726 mare
951 1702 1049 1737 reyes
1067 1692 1231 1729 sustinet.
1269 1690 1363 1728 Illud
1386 1696 1502 1740 turpe,

56 1750 190 1797 fateor,
219 1749 384 1798 displicet
410 1751 573 1798 quamuis
598 1751 723 1787 similia
749 1752 820 1787 sint
841 1751 938 1800 apud
959 1751 1127 1800 Propert.
1149 1756 1186 1799 1,
1204 1755 1269 1799 20,
1287 1757 1333 1789 13
1359 1753 1503 1800 (lurum,

57 1814 98 1860 3,
114 1813 239 1858 34,31
266 1812 405 1855 satius,
431 1816 468 1847 et
497 1812 661 1860 quamuis
686 1812 846 1848 eiusdem
875 1812 973 1848 uocis
999 1813 1204 1861 exemplum
1229 1822 1402 1864 suppetat
1428 1815 1503 1854 Ou.

58 1880 127 1911 art.
149 1885 220 1910 am.
248 1876 284 1919 1,
302 1874 396 1909 689:
430 1874 561 1922 Turpe,
587 1875 660 1910 nisi,
683 1873 752 1911 hoc
776 1875 908 1911 matris
932 1872 1096 1923 precibus
1120 1873 1320 1913 tribuisset:
1345 1878 1505 1916 Achilles

58 1941 128 1972 etc.
183 1935 346 1971 Caeteris
378 1934 488 1983 paulo
521 1936 633 1983 magis
660 1935 816 1973 confido.
869 1935 946 1972 Sed
971 1936 1000 1971 si
1028 1947 1127 1972 mare
1153 1936 1353 1985 incusatur,
1379 1941 1505 1989 sequi-

58 2003 120 2034 tur
146 2003 187 2032 ut
214 2008 308 2032 uerS.
325 1997 375 2032 47
400 1996 477 2033 siue
511 2008 556 2032 ex
584 1997 680 2033 libris
707 1998 968 2044 mediocribus,
1003 1998 1079 2034 siue
1107 1998 1175 2034 alio
1202 1999 1280 2034 iure
1305 2001 1504 2037 scribamus

28 2068 35 2074 ¹
57 2060 231 2106 remigat,
267 2069 362 2093 neue
389 2068 482 2094 uers.
501 2059 548 2093 48
575 2069 596 2093 a
624 2059 754 2095 codicis
782 2059 899 2095 Gron.
927 2061 1142 2096 auctoritate
1169 2059 1429 2098 descendamus
1456 2062 1504 2099 ad

59 2118 402 2167 Guelferbytanum,
429 2118 534 2155 Leid.
562 2131 598 2155 n.
613 2123 676 2167 43,
706 2121 766 2169 qui
793 2126 826 2157 et
851 2122 978 2167 innuo,
1007 2133 1154 2158 manum
1180 2122 1375 2159 secundam
1397 2124 1503 2161 Leid.

57 2194 95 2218 n.
111 2184 173 2228 13,
201 2180 260 2217 ed.
281 2181 417 2231 princ.;
447 2193 566 2230 neque
593 2183 688 2218 euim
713 2183 774 2218 uel
800 2183 850 2218 sic
873 2183 1004 2231 negligi
1025 2191 1184 2219 meretur
1203 2185 1297 2219 bona
1314 2185 1503 2234 scriptura.

57 2244 162 2281 Vers.
187 2244 234 2280 51
271 2255 407 2280 caussa
433 2243 551 2279 Gron.
605 2244 709 2280 Vers.
733 2246 782 2280 60
817 2244 904 2281 deus
938 2249 991 2280 est
1024 2246 1136 2281 uestri
1165 2257 1270 2293 sany.
1300 2245 1358 2282 ed.
1387 2248 1503 2296 princ.

58 2306 285 2355 Groningani
310 2306 489 2354 scriptura
514 2318 588 2347 non
616 2304 740 2341 dubito
768 2307 853 2355 quin
883 2307 1189 2355 praestantissima
1215 2308 1277 2343 sit:
1305 2309 1397 2344 Sum
1417 2308 1505 2346 deus

0 2363 1 2393 ἶ
58 2367 239 2417 prosectu,
266 2374 306 2404 ut
328 2366 582 2404 Lachmannus
610 2368 675 2414 ait,
700 2368 822 2417 inepte
848 2368 990 2416 dicitur,
1019 2367 1083 2404 nisi
1109 2368 1341 2417 suspenditur
1368 2382 1391 2406 a
1418 2383 1504 2419 pro-

59 2430 183 2478 ximi33
219 2441 340 2479 neque
365 2430 459 2466 enim
488 2428 712 2466 Octauianus
737 2436 883 2479 poterat
908 2441 946 2466 se
973 2441 1101 2465 uerum
1126 2429 1237 2465 filium
1265 2431 1342 2467 Caii
1368 2432 1504 2468 Caesa-

61 2490 111 2526 ris
136 2491 306 2540 probare,
338 2491 402 2528 sed
430 2504 510 2528 cum
538 2491 733 2542 adoptiuus
761 2498 856 2529 esset
882 2503 950 2528 nec
976 2491 1042 2527 nisi
1068 2503 1090 2527 a
1115 2492 1230 2541 poetis
1255 2494 1408 2540 sanyuis
1433 2492 1505 2528 dici

60 2551 193 2587 soleret
225 2552 339 2598 (uide
367 2566 462 2603 quae
485 2553 669 2603 disputaui
694 2554 832 2603 prolus.
861 2553 908 2590 ad
933 2554 1011 2590 Ibin
1039 2554 1224 2602 p.,379)‚
1250 2553 1386 2601 fidem,
1424 2553 1503 2603 opi-

61 2623 145 2660 nor,
170 2611 282 2652 dabat
305 2614 453 2654 suturae
477 2615 769 2654 consecrationis.
807 2616 913 2654 Vers.
930 2617 979 2654 66
1006 2616 1154 2664 iugurta
1178 2615 1297 2654 Gron.
1335 2611 1501 2653 versas
