1685 2954
129 79 186 122 60
650 81 988 128 ‘nsi-ouva

239 193 330 235 Ibat
357 192 449 235 ouis
474 194 568 236 lana
595 207 741 250 corpus
770 198 918 238 amicta
944 209 1031 239 sua.

184 260 272 302 Sub
299 261 397 302 Ioue
425 260 623 303 durabant
650 269 693 304 et
719 277 886 318 corpora
911 266 1022 306 nuda
1050 267 1259 321 gerebant,

238 329 374 368 Docta
402 340 553 382 graues
580 330 729 372 imbres
757 338 800 372 et
828 333 1000 373 tolerare
1027 339 1158 374 notos.

182 396 306 436 Nunc
333 408 493 449 quoque
522 396 675 438 detecti
701 400 876 440 referunt
901 401 1148 442 monimenta
1176 401 1328 441 uetusti

239 462 381 515 Moris,
411 469 455 503 et
480 465 669 517 antiquas
697 467 967 508 testificantur
994 481 1107 520 opes.
1477 472 1557 506 300

181 528 270 570 Sed
298 541 370 570 cur
397 532 615 584 praecipue
642 533 772 586 fugiat
799 535 998 574 uelamina
1024 536 1204 589 Faunus,

237 597 425 637 Traditur
452 599 603 652 antiqui
627 600 761 640 fabula
789 602 909 653 plena
936 602 1026 641 ioci.

180 661 306 704 Forte
335 677 475 705 comes
505 666 688 707 dominae
716 667 875 707 iuuenis
903 668 1138 720 Tirynthius
1165 669 1270 708 ibat:

234 731 351 772 Vidit
379 732 429 772 ab
459 734 626 773 excelso
655 733 823 772 Faunus
851 739 1062 786 utrumque
1090 736 1199 788 iugo.

180 798 294 840 Vidit
324 805 368 839 et
394 798 571 839 incaluit.
610 806 884 852 montanaque
911 801 1084 852 numina,
1113 800 1225 852 dixit,
1477 804 1554 840 305

233 866 303 906 Nil
330 864 425 906 mihi
453 867 663 907 uobiscum
693 874 771 910 est.
806 867 874 907 hic
902 879 1018 907 meus
1049 867 1164 907 ardor
1192 867 1278 907 erit.

177 933 266 973 Ibat
294 932 472 973 odoratis
500 935 690 974 humeros
719 934 882 987 perfusa
911 935 1066 986 capillis

233 998 434 1051 Maeonis,
463 1007 603 1041 aurato
626 1000 914 1054 conspicienda
935 1003 1037 1042 sinu.

177 1067 316 1108 Aurea
341 1067 548 1120 pellebant
576 1067 737 1120 tepidos
765 1070 997 1109 umbracula
1025 1069 1148 1120 soles,

234 1133 352 1185 Quae
381 1139 518 1174 tamen
545 1135 775 1175 Herculeae
803 1136 1031 1176 sustinuere
1059 1147 1214 1175 manus.
1478 1141 1556 1175 310

177 1202 262 1243 Iam
290 1202 445 1242 Bacchi
472 1215 617 1242 nemus
646 1207 689 1242 et
718 1202 848 1242 Tmoli
877 1203 1013 1243 uineta
1046 1204 1252 1256 tenebant,

232 1269 444 1321 Hesperos
473 1275 516 1309 et
541 1270 659 1310 fusco
689 1268 875 1310 roscidus
902 1271 986 1310 ibat
1015 1283 1131 1323 equo.

177 1334 308 1375 Antra
335 1335 447 1374 subit
474 1335 610 1387 tophis
638 1335 909 1390 laqueataque
938 1339 1097 1389 pumice
1125 1338 1232 1389 uiuo,

233 1400 430 1443 Garrulus
458 1402 499 1441 in
527 1403 654 1454 primo
681 1403 815 1442 limine
843 1405 953 1444 riuus
983 1410 1082 1456 erat,

175 1469 362 1523 Dumque
390 1474 534 1522 parant
564 1469 707 1522 epulas
735 1470 994 1525 potandaque
1022 1472 1116 1512 uina
1143 1470 1325 1523 ministri,
1474 1473 1553 1510 315

173 1593 261 1628 297.
296 1591 348 1628 Se
373 1602 519 1641 quoque
544 1590 623 1628 dur.
651 1594 689 1628 8.
737 1592 814 1629 Sub
840 1593 916 1629 sole
940 1592 1019 1630 dur.
1047 1593 1067 1629 b
1091 1605 1163 1631 πια.
1182 1604 1249 1629 sec.
1288 1602 1440 1640 corpora
1464 1590 1556 1628 dura

123 1643 407 1691 BGmma.pr.
434 1646 518 1678 tres.
564 1641 661 1679 nuda
687 1642 852 1680 serebant
877 1640 971 1679 HA
995 1648 1161 1692 quatuor.
1203 1641 1298 1677 nuda
1324 1641 1492 1689 tegebant
1517 1643 1554 1678 7.

123 1691 224 1729 nuda
249 1692 465 1742 regerebant
491 1704 526 1728 m
545 1704 619 1729 ma.
640 1704 695 1741 pr.
796 1695 884 1729 298.
913 1693 1020 1729 Docti
1046 1691 1093 1730 Σ.
1132 1692 1299 1728 tollerare
1316 1691 1386 1738 Es.
1426 1691 1555 1728 nothos

123 1745 204 1780 DE
215 1744 288 1780 Gr.
389 1744 475 1778 299.
503 1754 661 1779 monum.
682 1742 830 1790 aliquot.
932 1746 1017 1779 300.
1044 1744 1212 1791 antiquae
1228 1744 1264 1777 8.
1298 1741 1506 1778 testificatur
1520 1753 1553 1778 s.

179 1795 267 1829 302.
301 1792 469 1828 Tradidit
499 1799 572 1828 ant.
600 1792 630 1838 f.
679 1792 817 1828 Dicitur
841 1795 891 1829 M
913 1804 993 1829 ναν.
1010 1805 1079 1830 scr.
1132 1791 1256 1828 fabula
1285 1793 1399 1841 prima
1426 1792 1493 1828 loci
1517 1803 1556 1828 m

123 1855 198 1880 ma.
213 1855 269 1891 pr.
367 1844 453 1879 303.
476 1842 664 1890 tyrinthius
678 1845 726 1878 D.
755 1843 912 1879 tirincius
931 1845 975 1880 E.
1003 1845 1147 1880 Peiores
1159 1843 1270 1891 peius.
1362 1844 1447 1879 304.
1470 1841 1552 1878 Vid.

122 1893 159 1930 in
186 1905 262 1929 exc.
293 1894 339 1929 G.
378 1900 558 1941 utrunque
585 1895 635 1929 D.
681 1905 751 1941 que
777 1893 857 1928 luco
884 1895 943 1930 M.
992 1905 1062 1942 que
1088 1895 1167 1929 loco
1193 1893 1351 1929 AEFG
1365 1889 1560 1929 ΦΛΡΠ

128 1940 468 1991 ΨΔΣΤόἷρρν
492 1943 617 1988 2)343
651 1945 797 1990 triginta
834 1943 903 1980 duo
935 1947 968 1979 et
1002 1948 1086 1979 vett.
1115 1943 1186 1987 εὼς
1217 1955 1252 1978 m
1278 1946 1360 1979 τίαν.
1381 1955 1452 1980 εον.

176 1994 261 2030 305.
289 2001 534 2041 muntanaque
558 1995 604 2028 P.
643 2004 714 2042 que
740 2005 808 2029 om.
835 1992 866 2039 f.
969 1995 1053 2030 306.
1089 2001 1142 2030 est
1167 2004 1236 2030 om.
1264 1989 1354 2029 Σε.«
1385 1999 1439 2030 est
1463 1991 1555 2029 haee

121 2054 226 2080 meus
253 2047 320 2090 113
347 2045 442 2079 ΒΜ
464 2055 545 2078 παν.
560 2054 629 2079 scr.
668 2049 722 2078 est
747 2043 815 2078 hac
841 2055 940 2080 meus
966 2046 1015 2080 M
1038 2055 1119 2080 var.
1139 2056 1208 2080 scr.
1248 2055 1347 2079 meus
1373 2044 1462 2092 iguis
1487 2043 1555 2079 erit

121 2092 184 2133 A.
228 2093 335 2129 ardor
361 2093 410 2128 ait
437 2096 483 2128 12
503 2090 611 2129 alius.
651 2093 759 2129 ardor
785 2093 858 2129 abit
879 2096 947 2140 413
973 2090 1117 2130 Huar.
1140 2105 1208 2131 scr.
1311 2096 1396 2129 307.
1424 2093 1553 2129 adora-

124 2145 169 2181 tis
194 2143 226 2180 b.
266 2143 446 2179 adornatis
472 2145 523 2188 P;
555 2144 586 2179 0
602 2155 681 2180 nar.
698 2155 766 2180 scr.
808 2143 961 2180 humeris
994 2141 1036 2180 Ψ
1058 2156 1136 2180 aar.
1153 2156 1224 2180 scr.
1325 2145 1410 2180 309.
1437 2142 1550 2192 palle-

34 2210 47 2232 κ
121 2195 212 2231 bant
231 2195 310 2231 GE.
336 2193 505 2243 palebant
521 2195 612 2229 Bm.
640 2194 726 2242 pell.
746 2193 889 2242 rapidos
907 2191 1078 2242 ETyps
1090 2197 1138 2230 34
1154 2205 1230 2230 sex.
1333 2195 1418 2230 310.
1446 2192 1552 2235 Quae

121 2251 260 2281 tantuin
287 2243 384 2280 herc.
401 2242 431 2290 f.
473 2244 686 2279 substituere
712 2255 816 2280 unus.
919 2247 1005 2280 311.
1026 2244 1137 2285 bachi
1162 2246 1283 2281 DEG
1301 2244 1348 2281 al.
1376 2250 1411 2279 et
1436 2243 1548 2279 ovain.

121 2294 204 2333 dito.
246 2306 369 2331 nemus
395 2293 551 2329 ethimoli
583 2292 634 2330 Cb
660 2306 802 2342 vna-pr.
829 2306 860 2332 r.
903 2302 938 2330 et
965 2294 1099 2330 thimoli
1126 2297 1219 2331 DM
1228 2292 1265 2330 Σ
1271 2294 1289 2331 b
1314 2306 1385 2330 υια.
1403 2303 1469 2329 sec.
1513 2299 1550 2327 et

121 2345 234 2381 timoli
260 2345 354 2391 t44.
393 2350 430 2381 et
456 2344 539 2380 moli
558 2342 608 2380 (D.
648 2350 684 2380 et
710 2343 832 2380 thmoli
850 2347 893 2382 E.
929 2344 1076 2394 Iamque
1101 2357 1226 2381 nemus
1247 2344 1368 2381 bacchi
1391 2349 1427 2378 et
1449 2341 1549 2378 tmoli

121 2396 167 2433 P.
205 2394 353 2444 Iamque
379 2406 503 2432 nemus
531 2394 651 2430 bacehi
679 2395 788 2430 timoli
809 2395 880 2431 uin.
904 2395 947 2432 Ο.
986 2396 1132 2442 lamque
1150 2407 1274 2431 nemus
1302 2392 1424 2429 bacchi
1450 2391 1549 2428 tmoli

122 2446 196 2482 uin.
223 2447 270 2480 23
296 2449 400 2490 recte,
416 2449 522 2493 puto.
578 2445 724 2481 tenebat
749 2442 793 2483 Α
804 2442 840 2482 Ε
848 2443 887 2481 Δ
895 2458 963 2493 ym-
988 2445 1114 2482 decem.
1161 2445 1333 2494 petebant
1357 2454 1460 2479 tuitus.

175 2498 261 2531 312.
290 2495 472 2544 Hesperus
498 2494 577 2531 libri
599 2498 741 2543 praeter
764 2495 811 2532 A.
854 2496 965 2544 Hesp.
993 2503 1032 2531 ut
1057 2496 1147 2531 susc.
1170 2496 1214 2531 G.
1254 2494 1390 2530 rosidus
1417 2493 1550 2530 MNO

122 2557 189 2594 τηρ
213 2549 300 2581 uett.
326 2544 380 2583 ed,
491 2548 576 2581 313.
614 2545 694 2581 tofis
724 2547 769 2583 G.
824 2546 1006 2595 laquearia
1032 2553 1068 2582 et
1093 2557 1191 2594 pum.
1221 2547 1265 2580 B.
1320 2545 1486 2592 laqueata
1513 2548 1550 2578 et

121 2607 223 2646 pum.
248 2594 374 2643 reliqui
398 2600 538 2643 praefer
566 2597 670 2632 GNs
696 2599 735 2631 ec
750 2600 838 2633 octo.
939 2597 1025 2632 314.
1054 2596 1184 2631 lumine
1203 2597 1288 2631 BP.
1330 2595 1441 2631 limite
1469 2589 1549 2630 Σῆ.

120 2647 217 2686 riuos
242 2658 291 2685 m.
393 2646 479 2683 315.
515 2645 762 2696 portandaque
789 2648 835 2683 D.
878 2647 959 2683 uina
985 2645 1182 2682 ministrant
1208 2647 1252 2682 Ε.
