1685 2954
651 97 990 131 L13.813x1·vs
1452 82 1533 126 281

164 199 417 255 Flagrabant
445 198 579 241 sancti
608 199 822 241 sceleratis
849 197 1010 254 ignibus
1036 196 1170 252 ignes,

219 269 433 322 Mixtaque
460 271 547 308 erat
574 266 760 307 flammae
788 267 951 306 flamma
978 267 1146 318 profana
1175 264 1279 319 piac.

163 337 377 377 Attonitae
404 335 556 374 flebant
583 333 761 375 demisso
790 334 899 375 crine
927 333 1145 385 ministrae,
1457 330 1537 368 435

217 403 454 445 Abstulerat
480 401 590 441 uires
618 399 796 454 corporis
823 401 913 453 ipse
941 401 1069 440 timor.

162 471 352 513 Prouolat
377 468 417 509 in
444 466 619 508 medium
649 474 692 507 et
718 479 882 521 magna,
911 467 1148 518 succurrite,
1177 478 1294 517 uoce,

219 539 315 579 Non
342 542 410 577 est
437 535 613 576 officium
642 535 752 588 flere,
780 535 975 575 Metellus
1000 535 1069 575 ait.

161 605 341 659 Pignora
367 601 563 658 uirgineis
590 602 728 643 fatalia
759 602 889 642 tollite
921 602 1087 655 palmis:

216 672 314 712 Non
343 683 394 711 ea
422 675 518 711 sunt
545 674 656 722 uoto,
686 668 762 709 sed
789 668 982 722 rapienda
1008 680 1141 708 manu.
1461 665 1542 704 440

160 739 234 779 Me
261 739 466 790 miserum,
495 733 721 778 dubitatis?
756 737 825 776 ait.
865 736 1048 777 dubitare
1076 735 1255 788 uidebat,

217 806 273 845 Et
299 805 470 858 pauidas
493 805 627 858 posito
655 803 923 856 procubuisse
951 816 1074 858 genu.

162 872 308 913 Haurit
334 885 477 926 aquas,
504 872 733 924 tollensque
763 883 920 923 manus,
949 871 1167 925 ignoscite,
1197 867 1312 921 dixit,

219 939 366 981 Sacra!
394 940 456 981 uir
482 938 640 981 intrabo
667 951 748 979 non
775 936 963 979 adeunda
990 938 1087 979 uiro.

164 1006 213 1048 Si
240 1008 379 1048 scelus
408 1013 488 1061 est,
516 1008 556 1048 in
585 1020 651 1047 me
680 1005 888 1047 commissi
914 1017 1048 1059 poena
1075 1003 1286 1047 redundet.
1463 1001 1542 1042 445

221 1074 287 1114 Sit
314 1074 461 1126 capitis
490 1073 635 1114 damno
663 1073 796 1115 Roma
824 1073 959 1114 soluta
986 1071 1078 1114 mei.

163 1139 290 1192 Dixit,
319 1147 365 1180 et
389 1139 539 1193 irrupit.
577 1141 753 1183 Factum
780 1140 859 1182 dea
883 1146 1000 1194 rapta
1027 1137 1224 1194 probauit,

221 1205 515 1260 Pontificisque
542 1209 607 1249 sui
631 1222 797 1250 munere
825 1214 916 1249 tuta
943 1208 1032 1248 fuit.

167 1275 292 1318 Nunc
318 1274 425 1314 bene
453 1274 602 1314 lucetis
630 1287 774 1316 sacrae
803 1275 878 1316 sub
908 1275 1090 1315 Caesare
1119 1274 1327 1314 flammae:

220 1342 335 1396 Ignis
367 1341 408 1381 in
435 1339 570 1381 Iliacis
598 1353 707 1382 nunc
735 1342 811 1382 erit
840 1346 987 1394 estque
1016 1340 1131 1381 focis.
1466 1340 1546 1379 450

166 1409 370 1462 Nullaque
399 1407 558 1449 dicetur
585 1409 714 1449 uittas
742 1414 970 1448 temerasse
1000 1407 1198 1449 sacerdos

222 1477 317 1516 Hoc
345 1475 464 1528 duce,
491 1488 570 1516 nec
598 1476 693 1516 uiua
721 1475 948 1517 defodietur
974 1476 1108 1516 humo.

169 1542 244 1585 Sic
270 1544 429 1585 incesta
456 1544 573 1597 perit.
609 1543 704 1598 quia
732 1555 853 1598 quam
883 1541 1063 1596 uiolauit,
1090 1543 1131 1583 in
1158 1541 1266 1582 illam

167 1655 255 1692 433.
279 1654 404 1702 Flagr.
421 1652 507 1690 sacti
526 1666 642 1702 puar.
655 1666 724 1692 scr.
763 1657 877 1692 sancti
904 1655 1042 1692 uiolatis
1063 1659 1092 1691 t.
1194 1652 1280 1688 434.
1307 1650 1496 1702 prophana
1518 1662 1548 1687 e.

117 1705 262 1742 flamma
279 1711 449 1753 protei-ua
464 1706 557 1740 EN.
658 1704 745 1741 435.
771 1705 928 1742 Flebant
943 1706 1116 1742 attonitae
1133 1701 1228 1740 dem.
1241 1700 1303 1741 A.
1340 1704 1464 1739 Atton.
1477 1707 1551 1738 sta-

119 1756 209 1792 bant
232 1766 268 1803 9.
313 1754 456 1789 dimisso
478 1751 516 1790 B
530 1751 673 1803 ²FA9p
690 1754 797 1791 alius.
839 1756 937 1792 crine
963 1755 1153 1803 magistrae
1170 1750 1228 1789 Π.
1327 1754 1414 1788 437.
1439 1751 1551 1788 Prae-

120 1806 221 1841 uolat
243 1801 346 1842 GHb
367 1803 477 1841 alius.
513 1803 686 1841 Peruolat
708 1803 747 1841 Φ
761 1803 987 1854 Ψιμιαῦαοφς
1017 1806 1247 1853 (lpum-scr.
1288 1809 1326 1839 et
1352 1803 1435 1838 uiua
1452 1813 1549 1838 succ.

120 1859 170 1891 22
181 1856 231 1890 24
249 1856 334 1900 (sec.
351 1853 499 1900 sched.).
535 1856 711 1891 sucurrite
730 1858 774 1893 E.
874 1857 961 1892 438.
987 1861 1042 1892 est
1068 1855 1235 1891 auxilium
1267 1853 1326 1890 04
1340 1851 1550 1899 (edittsaec.

120 1903 230 1950 xv‘3)
242 1904 329 1942 Ald.
346 1917 413 1941 sec.
454 1903 518 1940 off.
544 1904 627 1941 ficte
655 1913 741 1941 met.
768 1919 805 1942 m
819 1917 894 1942 ma.
913 1917 969 1954 pr.
1076 1906 1161 1941 439.
1196 1904 1272 1940 toll.
1299 1902 1448 1939 flaminis
1478 1901 1554 1938 Bc

125 1953 270 1992 ΦΜΡ
279 1953 321 1992 Ψ
326 1952 363 1991 Σ
374 1953 468 2001 be
472 1966 630 2003 ymprs
645 1958 666 1990 3
687 1958 817 2004 uiginti
841 1967 905 1993 sex
929 1959 1106 2004 septemue
1129 1958 1163 1991 et
1188 1958 1273 1990 nott.
1293 1952 1347 1990 ed.
1387 1952 1553 1989 Alterum

125 2003 372 2043 Gfflua=r.scr.
474 2006 562 2041 441.
588 2004 756 2042 dubitatis
776 2006 894 2043 adhuc
911 2005 997 2043 dub.
1016 2007 1075 2042 14.
1176 2006 1263 2043 442.
1289 2003 1338 2040 Et
1354 2002 1487 2053 pauido
1503 1999 1550 2038 Σ.

122 2056 174 2092 Et
197 2056 349 2105 pauidos
375 2055 408 2092 b.
448 2054 598 2105 pauidas
617 2055 749 2104 pauido
770 2058 812 2094 F.
851 2068 930 2107 pos.
950 2056 1176 2093 succubuisse
1199 2056 1234 2092 G
1249 2053 1331 2091 duo.
1371 2065 1449 2102 pos.
1468 2053 1553 2089 sub-

125 2107 291 2142 cubuisse
317 2103 363 2143 Σ.
403 2119 483 2155 pos.
510 2107 736 2155 procubuere
761 2119 792 2144 s.
892 2107 978 2143 443.
1006 2107 1119 2143 Haur.
1147 2116 1277 2154 aquam
1309 2102 1435 2140 Gbms
1460 2114 1556 2152 qua-

125 2161 221 2193 tuor.
260 2169 319 2206 aq.
339 2157 502 2205 tollitque
516 2153 617 2192 BH.
717 2158 804 2193 444.
832 2157 945 2194 Sacra
962 2157 1017 2193 uir
1041 2158 1117 2193 sinc
1135 2154 1336 2192 interductu
1345 2152 1406 2190 A.
1442 2153 1556 2189 Sacra

127 2206 178 2243 ait
202 2207 285 2243 intr.
310 2219 359 2243 m.
460 2207 546 2243 446.
580 2207 662 2243 dam
692 2220 738 2244 no
765 2210 844 2244 DE
854 2210 899 2245 G.
1000 2207 1088 2243 447.
1121 2212 1159 2242 et
1181 2205 1346 2254 irrumpit
1368 2199 1481 2240 13111?
1492 2205 1555 2239 23.
1619 2209 1634 2220 ἢ

127 2261 166 2294 et
191 2257 322 2306 eripuit
350 2255 436 2293 (Dm
461 2262 631 2306 ᾳιιαῃιονς
701 2270 780 2295 aar.
795 2270 867 2295 scr.
920 2263 957 2294 et
989 2256 1143 2307 irrupuit
1167 2254 1257 2302 Pfr
1269 2265 1412 2302 mamr.
1431 2256 1466 2291 3.
1519 2258 1557 2288 et

129 2306 280 2357 arripuit
305 2305 470 2354 (³leyw
485 2319 570 2353 sem
596 2310 631 2344 E
645 2319 809 2346 confusor.
860 2314 897 2346 et
922 2308 1065 2344 intrauit
1091 2311 1118 2344 t.
1227 2306 1314 2341 448.
1346 2303 1557 2341 Pontifices·

131 2369 202 2405 que
226 2357 392 2407 brucum.
431 2358 485 2393 sui
506 2358 650 2394 numine
666 2361 702 2395 E
719 2359 827 2396 alius.
929 2359 1016 2397 449.
1042 2357 1127 2394 Non
1154 2357 1247 2393 bene
1265 2366 1450 2404 mmmpr.
1484 2354 1556 2391 luc.

132 2418 233 2444 sacro
255 2408 322 2444 sub
347 2419 395 2456 ey
407 2411 492 2444 ποτε.
507 2406 562 2444 ed.
662 2409 749 2445 450.
774 2409 853 2459 Igu.
872 2414 910 2447 et
934 2409 970 2446 il.
989 2421 1013 2457 p
1028 2420 1109 2445 nar.
1124 2418 1192 2445 scr.
1229 2417 1326 2443 nunc
1343 2406 1410 2442 erit
1424 2407 1464 2442 in
1478 2415 1557 2441 ras.

130 2467 186 2493 vn.
224 2458 261 2494 il.
286 2464 373 2495 tunc
397 2463 476 2494 erat
501 2464 641 2544 estngy
656 2471 738 2496 τιατ.
753 2471 824 2496 scr.
925 2460 1012 2495 451.
1038 2458 1149 2494 Nulla
1174 2456 1311 2494 dicetur
1335 2456 1447 2492 uitam
1474 2460 1500 2492 t.
1527 2455 1563 2490 Ε

135 2517 211 2542 ma.
227 2519 284 2556 pr.
322 2520 359 2545 u.
387 2514 564 2545 temerare
636 2506 740 2545 ΦΜ
744 2507 835 2546 ΡΠ
842 2507 932 2547 ΨΑ
943 2508 1008 2545 Tb
1018 2506 1242 2558 ef(p‘?)r44
1265 2507 1393 2555 uiyinti
1417 2509 1451 2541 et
1474 2507 1562 2540 uatt.

137 2555 209 2600 ecl-5
239 2558 361 2597 Guar.
376 2569 444 2596 scr.
486 2558 565 2597 uitt.
590 2564 764 2596 temerata
779 2571 974 2610 ptiar-,scin
1076 2556 1162 2595 452.
1189 2559 1281 2594 duce
1305 2569 1378 2593 non
1404 2555 1488 2591 uiua
1502 2550 1561 2590 H.

139 2604 232 2642 duce
256 2618 302 2644 ne
325 2609 409 2645 uiua
434 2607 641 2645 diffodiatur
665 2606 712 2647 Σ.
757 2622 824 2647 nec
850 2609 943 2646 dura
968 2607 1022 2647 A.
1066 2609 1148 2645 uiua
1172 2606 1379 2644 diffodietur
1403 2604 1463 2643 A.

190 2656 276 2697 453.
308 2657 372 2696 Sin
398 2659 531 2696 incesta
557 2659 650 2710 parit
676 2661 759 2713 quia
785 2673 820 2698 m
832 2672 977 2713 mmpr.
1023 2660 1084 2698 Sic
1109 2660 1252 2711 incepta
1279 2658 1320 2696 F.
1364 2657 1433 2703 ing.
1460 2653 1565 2707 periit
