1685 2954
137 77 221 121 272
657 49 661 55 ἱ
702 83 999 125 νΛεΤὸιινΜ

246 192 311 233 De
337 190 466 232 tribus
491 190 709 245 impatiens
735 193 887 236 restitit
916 207 998 237 una
1025 195 1110 237 uiri.

193 259 299 313 Quid
326 256 480 312 mirum,
509 259 625 313 uirgo
650 259 687 300 si
711 259 868 315 uirgine
898 262 1008 302 laeta
1035 260 1218 304 ministra

243 326 434 367 Admittit
462 333 603 367 castas
631 327 671 367 in
700 339 777 368 sua.
803 341 924 369 sacra
951 327 1126 370 manus?

188 396 284 438 Nec
310 401 356 434 tu
380 392 488 433 aliud
502 393 689 447 Vestam,
719 407 838 449 quam
866 396 1000 436 uiuam
1028 395 1212 450 intellige
1237 396 1458 441 flammam:
1485 402 1566 440 285

241 463 436 514 Nataque
465 461 517 501 de
546 462 706 503 flamma
735 476 903 517 corpora
929 463 1038 505 nulla
1064 464 1196 505 uides:

184 530 275 570 Iure
301 529 426 582 igitur
453 530 569 582 uirgo
600 536 678 581 est,
708 543 815 583 quae
842 531 998 572 semina
1023 532 1131 572 nulla
1162 531 1328 573 remittit

239 596 333 636 Nec
362 594 495 649 capit,
525 602 568 636 et
596 599 768 638 comites
792 598 1040 651 uirginitatis
1069 605 1197 639 amat..

181 665 292 705 Esse
319 661 386 702 diu
416 663 567 704 stultus
595 664 758 704 Vestae
785 665 1000 706 simulacra
1023 666 1177 718 putaui,

234 731 337 771 Mox
364 729 486 771 didici
515 742 640 771 curuo
668 730 778 770 nulla
801 731 977 773 subesse
1004 733 1130 773 tholo.
1482 736 1564 773 290

179 799 294 853 Ignis
320 798 572 838 inextinctus
599 798 751 850 templo
780 798 937 839 celatur
962 798 1003 839 in
1030 800 1110 840 illo.

232 865 425 918 Effigiem
453 865 602 904 nullam
632 865 769 906 Vest'a
796 878 874 907 nec
902 867 1011 921 ignis
1038 866 1204 907 habent.

177 932 273 974 Stat
300 933 341 972 ui
370 938 477 972 terra
507 945 595 972 sua.
635 932 677 971 ui
704 932 852 973 stando
881 934 1017 975 Vesta
1044 939 1230 987 uocatur,

230 999 453 1052 Causaque
479 1011 554 1051 par
582 1000 685 1053 graii
711 1000 884 1042 nominis
912 1014 1010 1042 esse
1037 1006 1189 1054 potest.

173 1067 233 1107 At
258 1067 376 1108 focus
405 1081 430 1107 a
454 1067 629 1107 flammis
657 1073 701 1107 et
729 1068 838 1122 quod
865 1069 980 1109 fouet
1006 1068 1153 1121 omnia,
1183 1067 1339 1110 dictus:
1478 1071 1558 1108 295

223 1133 308 1185 Qui
336 1140 474 1175 tamen
503 1135 544 1175 in
572 1133 712 1188 primis
740 1136 911 1176 aedibus
939 1141 1035 1176 ante
1064 1134 1153 1176 fuit.

169 1201 280 1242 Hinc
306 1214 470 1256 quoque
497 1203 743 1244 uestibulum
772 1202 853 1244 dici
879 1216 980 1257 reor,
1009 1202 1116 1243 unde
1143 1215 1354 1257 precamur

225 1270 281 1310 Et
307 1269 458 1311 famur:
487 1271 622 1311 Vesta
652 1276 720 1311 est
747 1283 853 1324 quae
880 1271 972 1312 loca
997 1271 1124 1323 prima
1151 1275 1279 1311 tenet.

164 1395 252 1430 282.
288 1393 466 1442 inpatiens
495 1395 545 1430 1).
586 1393 780 1443 impaciens
807 1394 899 1430 EG.
938 1392 1025 1441 imp.
1053 1392 1188 1429 exstitit
1213 1394 1257 1428 N
1278 1396 1362 1430 vres.
1465 1395 1553 1430 283.

113 1443 274 1480 ministra
300 1451 354 1479 est
383 1441 566 1480 ΦΛΣΙ).
677 1445 762 1480 284.
798 1443 969 1479 Admittat
999 1441 1054 1487 Φ;
1080 1454 1285 1491 puar.scr.
1331 1441 1480 1479 Admisit
1509 1446 1553 1480 Τ.

111 1493 269 1530 Admixit
293 1493 325 1540 f.
367 1501 455 1531 cast.
482 1494 527 1530 ad
554 1506 619 1530 sua
639 1496 731 1541 N43
762 1492 976 1529 (Dumnscr.
1016 1506 1080 1529 sua
1108 1501 1223 1529 castra
1245 1495 1351 1528 1220
1370 1492 1454 1531 duo.
1488 1505 1554 1530 sua

112 1545 192 1580 iura
217 1542 380 1581 Aulius.
482 1545 567 1581 285.
597 1552 634 1580 tu
661 1557 730 1582 om.
747 1543 924 1581 codJsul.
946 1545 1057 1591 oriyy.
1080 1546 1117 1589 8,
1136 1547 1194 1589 11,
1214 1545 1263 1578 68
1290 1544 1413 1591 p.277
1439 1542 1551 1580 mad.

110 1601 151 1630 tu
178 1594 312 1644 aliquid
338 1592 601 1632 uest..AHm.
643 1607 750 1644 quam
769 1592 1239 1641 castam‚meram,stnyuli.
1280 1593 1402 1628 uiuam
1424 1592 1553 1642 collige

109 1645 150 1682 fi.
176 1643 208 1680 b.
312 1647 397 1682 286.
427 1658 529 1695 corp.
560 1644 656 1682 nuda
682 1645 766 1682 olim
791 1644 958 1681 edebatur
985 1643 1083 1691 apud
1108 1642 1240 1679 Isidor.
1343 1644 1431 1678 287.
1468 1643 1553 1680 lure

108 1695 254 1745 quidem
282 1696 373 1744 uirg.
403 1700 462 1731 12.
513 1697 614 1744 uirgo
642 1708 736 1745 quae
761 1697 812 1734 N.
914 1696 1000 1729 288.
1039 1693 1246 1742 uirginitatis
1272 1692 1383 1729 habet
1411 1689 1516 1729 ΦΜ
1525 1694 1551 1729 4

109 1749 157 1781 12
168 1748 218 1781 20
229 1749 275 1782 33
293 1751 388 1790 octo3
421 1744 658 1795 ‘P'puarscru
760 1747 847 1781 289.
875 1745 972 1780 Ecce
988 1744 1047 1779 diu
1062 1746 1107 1779 E.
1209 1744 1295 1779 290.
1322 1755 1436 1779 curuo
1449 1743 1549 1780 nullo

108 1799 145 1834 Ε
155 1808 228 1832 ma.
245 1808 301 1846 pr.
342 1797 408 1832 sub
435 1808 513 1833 esse
545 1798 591 1833 G.
631 1797 776 1833 subesse
802 1795 887 1845 polo
914 1806 1021 1830 sma-
1035 1806 1090 1843 pr.
1130 1793 1277 1830 subesse
1303 1793 1381 1829 solo
1408 1796 1472 1830 33.

157 1848 244 1882 291.
272 1848 383 1883 inext.
406 1848 581 1896 templum
606 1859 636 1883 e.
676 1847 812 1895 templo
839 1845 1042 1881 celebratur
1067 1846 1229 1893 quincue.
1331 1845 1418 1880 292.
1447 1849 1549 1882 uesta

108 1908 228 1946 neque
255 1897 344 1946 ignis
376 1899 421 1934 G.
463 1899 535 1946 ign.
564 1898 675 1933 habet
705 1894 1113 1934 GECDtest.Heins.A
1173 1892 1455 1930 ETb122033
1477 1906 1550 1931 un-

107 1947 289 1995 ἀειιὶ9ῑιιιὶ.
393 1950 480 1985 293.
508 1951 606 1985 Pars
631 1947 780 1984 dimidia
803 1949 904 1997 prior
928 1957 1056 1981 uersus
1082 1947 1119 1981 in
1144 1957 1221 1981 ras.
1249 1957 1298 1980 m.
1342 1945 1376 1989 ui
1402 1945 1441 1981 in
1466 1956 1546 1983 ras.

106 1997 140 2034 b.
179 2006 277 2034 terra
303 2011 367 2035 suo
392 1998 422 2045 f.
460 2011 526 2035 sua
551 1999 632 2048 quia
652 1999 780 2034 stando
804 2010 834 2034 s.
936 1997 1024 2032 294.
1052 2007 1119 2044 par
1144 2007 1212 2031 om.
1229 1998 1344 2031 Ema.
1355 2006 1411 2043 pr.
1448 1995 1548 2032 Cau-

105 2059 219 2098 saque
244 2060 329 2098 pars
355 2049 443 2098 graii
472 2049 647 2086 GDGA
659 2047 1064 2097 T9ma.pr.n162033
1091 2046 1272 2090 tredecim5
1305 2043 1544 2094 Wpuamcr.

104 2111 143 2148 p.
173 2100 279 2148 graiis
305 2096 360 2137 Π.
407 2112 444 2148 p.
471 2101 589 2148 graeci
615 2112 712 2136 nom.
739 2102 844 2134 2021
873 2103 957 2135 tres.
1065 2097 1150 2132 295.
1189 2096 1255 2132 Est
1280 2095 1352 2132 soc.
1379 2092 1437 2131 H.
1481 2097 1546 2133 Ast

104 2149 177 2186 foc.
209 2151 251 2186 Τ.
301 2150 403 2186 focus
431 2163 451 2186 e
476 2151 625 2186 flammis
652 2157 689 2187 et
716 2156 804 2199 quot
827 2149 854 2186 s.
887 2150 932 2186 G.
982 2148 1132 2184 flammis
1159 2147 1217 2183 uel
1245 2146 1342 2196 quod
1366 2145 1543 2184 A1220.

106 2212 204 2236 omn.
232 2199 335 2236 dictis
361 2200 381 2236 b
399 2213 545 2250 ma.pr.
648 2202 732 2237 296.
758 2200 807 2236 Et
832 2206 952 2235 tamen
973 2197 1026 2235 A.
1068 2197 1174 2241 Quae
1200 2204 1286 2233 tam.
1313 2209 1344 2233 8.
1383 2203 1467 2233 ante
1491 2195 1543 2232 fui

104 2249 136 2286 b.
238 2252 325 2287 297.
363 2252 457 2287 Hinc
489 2263 558 2299 ego
585 2254 629 2287 Ρ.
670 2254 749 2294 Ita,
784 2250 881 2286 unde
908 2260 1116 2299 precamur,
1148 2242 1541 2284 BDEOEMNHer

106 2300 173 2337 am
197 2302 275 2337 sine
300 2301 404 2338 dubio
430 2301 578 2351 plurimi
598 2314 685 2350 quos
705 2301 777 2337 alio
797 2301 872 2338 loco
893 2313 930 2337 se
955 2304 1100 2337 uolasse
1123 2296 1343 2345 significauit
1359 2296 1537 2339 Heinsius,

103 2351 275 2396 uett.ed.;
300 2364 507 2400 punnscr.
558 2364 640 2388 reor
675 2351 759 2388 iude
791 2363 981 2400 precamur
1011 2346 1278 2394 GGAETf.
1325 2346 1420 2382 unde
1450 2357 1538 2394 pre-

103 2401 219 2437 cando
248 2403 422 2438 F1429.·
462 2401 557 2439 unde
583 2408 771 2452 precantes
797 2414 820 2450 9
840 2414 913 2438 mu«.
929 2413 997 2438 sec.
1047 2411 1130 2436 reor
1161 2398 1244 2435 inde
1268 2395 1450 2446 precando
1476 2397 1538 2452 quai

102 2455 243 2488 restant
258 2456 290 2487 et
309 2452 535 2499 Gfuamscr.
637 2455 722 2489 298.
752 2455 828 2499 Ita,
856 2452 905 2488 Et
930 2452 1061 2497 samur,
1088 2447 1130 2485 A
1141 2460 1223 2485 uar.
1239 2459 1307 2484 scr.
1348 2446 1454 2490 Quae
1479 2449 1536 2481 ia-

102 2514 182 2538 mur
207 2504 239 2537 B
253 2502 541 2552 GDEouerque
559 2503 615 2540 hic
631 2515 694 2552 per
719 2515 831 2551 comp.
849 2504 987 2551 prinmo
1005 2500 1170 2545 uoculae)
1188 2500 1222 2536 G
1236 2495 1330 2533 ΦΛ
1341 2495 1392 2533 M
1399 2493 1442 2532 N
1449 2492 1542 2532 PH

107 2550 677 2603 ²P'TZe-qm‘ma.sempr2033.
711 2553 817 2597 Quae
844 2561 964 2589 tamen
992 2558 1094 2588 uesta
1115 2559 1208 2599 quae
1232 2559 1415 2596 unmapr.
1450 2546 1535 2590 Qus

99 2602 197 2639 fame
223 2615 257 2639 u.
284 2601 314 2648 f.
363 2603 436 2646 Qui
460 2604 487 2640 f.
514 2603 538 2650 f
551 2616 632 2642 ναν.
649 2616 719 2641 scr.
766 2604 1017 2649 Quaeramur,
1044 2601 1269 2644 Quaeramus
1303 2604 1404 2634 uesta
1439 2607 1534 2646 quae

98 2652 230 2702 sinyuli
255 2664 404 2703 quorum
420 2654 460 2691 in
477 2654 614 2693 schedis
629 2656 769 2693 Heinsii
788 2659 874 2693 notu
890 2653 1049 2692 euanuit.
1088 2648 1250 2686 Affamur
1276 2655 1414 2685 uestam
1438 2657 1533 2698 quae
