1685 2954
587 91 688 121 ΜΒ.
720 85 962 120 TER'Tn's
1429 79 1508 124 129

112 196 251 237 Nacta
278 199 407 235 ratem
436 193 691 246 comitesque
717 193 844 247 fugae
871 192 980 244 pede
1011 190 1156 235 labitur
1184 204 1329 248 aeque,
1424 198 1506 236 565

168 262 336 303 Moenia
364 261 601 314 respiciens,
631 260 752 302 dulce
781 261 932 300 sororis
961 272 1076 313 opus.

111 329 279 371 Fertilis
307 336 373 371 est
397 330 545 370 Melite
582 327 711 369 sterili
748 327 885 368 uicina
914 327 1101 382 Cosyrae

166 399 320 449 Insula,
357 409 476 450 quam
505 397 654 450 Libyci
681 396 870 436 uerberat
897 395 1006 436 unda
1035 395 1139 437 freti.

109 467 228 506 Hanc
257 464 360 516 petit
389 464 567 518 hospitio
597 464 711 518 regis
741 463 898 504 confisa
928 469 1107 504 uetusto.

162 533 329 584 Hospes
362 544 484 584 opum
520 531 638 572 diues
668 543 758 571 rex
780 529 835 571 ibi
863 531 1014 572 Battus
1045 537 1145 572 erat.
1423 535 1504 572 570

107 597 189 650 Qui
215 605 434 654 postquam
462 599 605 641 didicit
632 610 758 640 casus
787 598 1000 652 utriusque
1030 600 1195 653 sororis,

159 667 292 719 Haec,
319 667 461 720 inquit,
490 668 613 707 tellus
642 667 1016 720 quantulacumque
1041 672 1114 707 tua
1144 672 1223 708 est.

103 734 161 775 Et
185 740 322 775 tamen
349 734 515 788 hospitii
542 739 756 775 seruasset
780 733 832 774 ad
857 733 1000 774 ultima
1028 737 1195 777 munus!

159 802 247 842 Sed
276 804 408 843 timuit
435 815 610 857 magnas
635 803 919 857 Pygmalionis
947 815 1062 856 opes.

103 867 235 923 Signa
263 877 530 912 recensuerat
558 872 621 912 bis
651 871 714 912 sol
741 882 829 911 sua.
871 871 1018 911 tertius
1048 871 1135 910 ibat
1417 873 1498 911 575

101 945 105 948 ’
159 938 324 990 Annus,
362 943 406 978 et
435 938 556 979 exilio
592 945 699 979 terra
733 937 913 990 petenda
948 950 1056 976 nouo
1087 942 1164 977 est.

102 1005 247 1046 Frater
274 1005 407 1059 adest,
433 1007 622 1058 belloque
649 1011 811 1058 potens.
849 1004 945 1045 Rex
974 1017 1086 1045 arma
1114 1016 1300 1057 perOSUS,

155 1073 248 1113 Nos
275 1086 418 1113 sumus
445 1074 640 1114 imbelles.
681 1078 727 1112 tu
755 1072 857 1125 fuge
888 1085 1051 1125 sospes,
1082 1073 1150 1112 ait.

99 1141 219 1180 Iussa
245 1140 363 1194 fugit,
392 1147 600 1195 uentoque
628 1147 757 1182 ratem
788 1140 1005 1181 committit
1033 1146 1077 1180 et
1104 1140 1235 1181 undis.

41 1223 191 1271 triginta
207 1222 290 1260 (luo.
329 1230 384 1260 est
408 1224 470 1261 illa
489 1225 538 1261 A.
580 1225 655 1261 uisa
684 1225 797 1261 relata
810 1222 863 1261 A.
968 1223 1055 1260 565.
1083 1225 1325 1274 comitemque
1355 1223 1498 1273 ltquin-

41 1285 117 1322 que.
165 1275 276 1322 fugae
309 1275 507 1324 perlabitur
533 1287 671 1325 aequor
698 1278 916 1312 Euar.sor.
1026 1276 1112 1310 566.
1150 1274 1272 1311 Meuia
1297 1276 1385 1321 (D.)
1412 1288 1498 1325 pro-

40 1324 192 1373 spiciens
220 1322 312 1360 ΕΓ.
358 1325 409 1361 Μ.
437 1327 657 1375 perspiciens
684 1325 714 1372 f.
823 1325 910 1362 567.
940 1330 994 1361 est
1020 1337 1091 1361 oni.
1124 1326 1162 1362 G.
1209 1332 1263 1362 est
1288 1327 1435 1362 melitae
1459 1329 1497 1363 D

39 1372 118 1420 (1322
142 1386 330 1424 utinquam
357 1388 400 1412 ae
426 1376 547 1424 habet)
566 1379 629 1414 33.
674 1383 729 1413 est
755 1376 905 1413 meritae
931 1376 1053 1412 sterile
1081 1376 1149 1412 uic.
1180 1373 1229 1413 Σ.
1272 1383 1326 1412 est
1351 1383 1498 1413 nostrae

38 1431 124 1462 ster.
151 1438 188 1475 p.
231 1432 288 1463 est
313 1427 452 1463 melites
478 1428 541 1465 43.
584 1434 639 1463 est
664 1428 786 1464 militis
803 1425 857 1463 A.
898 1433 954 1463 est
978 1426 1091 1462 milite
1115 1425 1148 1473 f.
1187 1428 1271 1465 mel.
1299 1427 1430 1463 sterilis
1457 1425 1501 1465 Ψ

38 1474 117 1512 bm.
167 1488 294 1525 cosyre
321 1480 381 1512 33.
429 1479 534 1513 cosiri
560 1476 739 1524 (cosira'3)
765 1481 959 1526 Emmpr.
1001 1477 1115 1513 cosire
1140 1475 1181 1513 Γ
1190 1476 1249 1524 bf.
1299 1478 1413 1514 corise
1444 1480 1496 1524 G5

39 1537 155 1563 suar.
167 1538 237 1563 scr.
283 1528 415 1565 coi-isse
441 1531 649 1566 Ema.sec.
700 1530 837 1565 corisae
868 1530 951 1564 DN
960 1525 997 1562 Σ
1005 1540 1041 1577 p.
1092 1529 1250 1565 corissae
1272 1540 1305 1565 r.
1347 1540 1497 1576 corysae

39 1587 152 1621 unus3
178 1589 215 1613 m
227 1590 311 1614 aar.
326 1590 396 1616 scr.
437 1591 605 1627 coryssae
632 1579 710 1616 cluo.
752 1579 924 1628 copbirae
948 1576 999 1615 Ψ
1040 1580 1194 1615 cosirtae
1214 1581 1259 1616 P.
1301 1580 1445 1615 cosinae
1468 1579 1499 1616 G'

39 1623 135 1661 HA
148 1628 210 1662 44.
259 1640 412 1675 cyrenae
437 1641 544 1666 attius.
592 1642 742 1667 cesurae
767 1642 875 1666 annes.
924 1641 1077 1677 cocyrae
1103 1629 1156 1666 ed.
1173 1628 1272 1667 Rub.
1322 1642 1496 1676 corcyrae

38 1676 117 1713 edd.
136 1679 222 1713 Ven.
240 1679 319 1714 Vic.
422 1679 508 1716 568.
535 1681 652 1716 Insola
672 1684 716 1717 P.
755 1681 850 1716 libici
868 1678 1076 1717 DEGFr.
1116 1681 1214 1716 unda
1239 1681 1348 1717 maris
1374 1678 1494 1717 1141.

89 1728 176 1764 569.
207 1728 281 1776 peti
303 1728 480 1778 liosspicio
499 1733 544 1766 E.
584 1730 743 1779 hospicio
756 1730 810 1766 ⁸1).
850 1731 1002 1766 confusa
1026 1728 1213 1778 Φαηαφν.
1255 1732 1388 1767 uetusti
1407 1733 1440 1767 B
1454 1731 1493 1768 G.

89 1779 176 1814 570.
206 1779 366 1828 Hospes:
394 1792 504 1828 opum
531 1783 738 1817 Ema.sec.
761 1792 840 1816 cum
857 1780 990 1827 glossa:
1018 1781 1176 1830 Hospes]
1205 1781 1285 1829 ipsa
1311 1781 1405 1817 dico.
1434 1781 1495 1819 uel

38 1827 104 1864 hos
134 1840 171 1864 es
197 1828 378 1865 referatur
403 1830 449 1866 ad
477 1830 620 1866 bathus.
662 1844 725 1866 rex
751 1831 812 1866 ubi
837 1829 886 1866 A
901 1828 971 1879 ‘Fp
991 1842 1070 1866 seoe.
1116 1843 1180 1867 rex
1207 1832 1269 1867 tibi
1301 1832 1339 1868 G.
1386 1832 1493 1868 batus

37 1876 77 1914 Γ
127 1878 339 1916 brma.sec.
381 1880 510 1917 bathus
527 1878 583 1917 H.
625 1881 756 1917 bantus
768 1879 829 1917 A.
871 1881 995 1917 bactus
1022 1881 1057 1919 Ιι.
1101 1881 1234 1918 bachus
1260 1882 1493 1932 Ema.pr.f.

87 1931 175 1967 571.
212 1929 284 1973 Qui
312 1943 532 1981 quamquam
559 1933 608 1968 D.
648 1931 722 1968 did.
751 1943 876 1968 causas
906 1934 946 1968 F.
990 1944 1093 1967 casus
1122 1933 1290 1982 uiresque
1315 1931 1378 1969 A.
1417 1945 1491 1970 cas.

37 1981 230 2029 uariosque
255 1993 361 2018 unus.
405 1994 475 2019 cas.
505 1990 701 2032 uterusque
729 1980 761 2020 b.
873 1984 959 2018 572.
987 1981 1119 2031 νἰρᾳυὶά
1145 1985 1190 2019 Ε.
1302 1984 1388 2019 573.
1424 1983 1493 2020 Set

35 2037 158 2067 tamen
184 2033 233 2067 D.
274 2033 469 2068 Aeternum
497 2033 629 2082 hospit.
657 2037 743 2069 tres.
785 2039 904 2069 tamen
933 2039 1122 2069 aeternum
1149 2046 1243 2069 seru.
1277 2035 1307 2070 G
1321 2046 1403 2070 παν.
1420 2046 1490 2071 scr.

35 2081 187 2131 hospicii
214 2084 354 2120 DEG.
403 2083 560 2133 hospitio
599 2081 650 2120 Ψ.
698 2083 859 2133 hospitiis
892 2083 974 2120 duo.
1025 2084 1089 2120 ult.
1124 2082 1254 2120 foedus
1280 2096 1490 2132 ymnuscr.

39 2131 161 2169 Gloss.
176 2135 228 2168 Ε.·
255 2136 391 2178 tamen]
419 2134 503 2171 licet
523 2146 640 2184 parua
662 2141 757 2170 esset
775 2141 872 2170 terra
893 2135 981 2170 eius.
1085 2134 1174 2171 574.
1202 2135 1252 2171 Et
1278 2136 1354 2171 tim.
1382 2134 1489 2171 bma.

0 2197 1 2224 3
33 2194 90 2232 pr.
110 2184 238 2232 ‘pigm.
265 2186 432 2221 DEGr.
535 2186 622 2221 575.
650 2187 728 2231 Ita,
756 2191 998 2229 recensuerat,
1029 2183 1334 2233 BGFAymps
1350 2187 1397 2220 10
1417 2197 1490 2221 un-

0 2266 1 2287 }
34 2232 163 2278 decium
190 2235 335 2270 EMN
349 2247 514 2272 transcr-
551 2242 758 2272 recensarat
785 2233 831 2271 Γ.
876 2237 1089 2272 recensebat
1115 2235 1254 2284 reliqui.
1295 2236 1426 2272 tercius
1452 2238 1489 2272 1)

34 2285 128 2323 EG.
230 2287 317 2320 576.
346 2292 383 2322 et
409 2287 601 2334 auxilioaey.
640 2293 675 2322 et
702 2287 864 2323 exulibus
893 2289 962 2335 Zp
989 2286 1071 2323 duo.
1118 2293 1215 2322 terra
1240 2286 1409 2322 nouanda
1442 2288 1488 2325 0.

34 2339 132 2370 terra
156 2335 320 2385 parenda
341 2336 389 2372 A.
441 2344 538 2372 terra
572 2336 735 2386 paranda
767 2336 894 2385 reliqui
918 2341 1062 2384 praeter
1095 2349 1184 2385 quos
1209 2349 1337 2385 sequor
1365 2339 1398 2373 B
1413 2338 1486 2374 GD

36 2386 402 2435 mea.pr.stres;
429 2389 480 2423 M
494 2399 574 2424 nar.
590 2399 660 2424 εον.
705 2399 802 2423 noua
829 2394 883 2422 est
910 2386 992 2423 libra
1016 2393 1161 2436 praeter
1187 2399 1275 2435 qtcos
1299 2399 1428 2435 sequor
1451 2390 1486 2423 D

39 2434 72 2470 0
80 2433 104 2480 f
108 2447 177 2472 ma.
189 2449 256 2473 sec.
267 2449 308 2485 93
326 2435 456 2474 (Duar.
469 2450 538 2474 scr.
643 2438 729 2474 577.
755 2438 923 2486 belloque
942 2444 1070 2486 petens
1087 2437 1176 2484 fort.
1195 2440 1380 2486 Dmcnpr.
1410 2439 1486 2474 bel-

35 2483 144 2532 loque
169 2486 272 2523 ferox
297 2500 346 2524 m.
396 2489 564 2537 belloque
590 2489 683 2538 petit
710 2487 793 2525 libri
820 2493 930 2525 eoetra
953 2490 1003 2524 D.
1048 2501 1112 2524 rex
1145 2488 1241 2525 bella
1267 2500 1372 2525 unus.
1422 2500 1487 2524 rex

34 2533 138 2570 iarba
170 2548 317 2585 perosos
349 2551 540 2589 ninimpr.
587 2551 739 2589 perosos
774 2541 821 2576 D,
935 2539 1022 2576 578.
1058 2538 1179 2574 inbell.
1207 2540 1351 2576 DEG.
1399 2540 1487 2578 imb.

35 2582 158 2633 effuge
183 2599 278 2636 sosp.
305 2591 413 2625 M12
427 2592 478 2625 20
504 2589 586 2627 dno.
698 2590 792 2633 579.
827 2589 926 2626 Iussa
959 2589 1047 2625 facit
1072 2586 1365 2638 AOHEbfg
1378 2593 1424 2626 12
1436 2592 1485 2624 33

33 2635 81 2670 41
103 2634 301 2684 duodenum
326 2636 507 2689 EmMp
521 2651 687 2677 Mar-Scr-
729 2641 918 2690 uentisque
932 2642 992 2677 M.
1032 2646 1100 2677 rat.
1116 2641 1282 2677 conmisit
1303 2642 1351 2679 G.
1386 2652 1484 2677 com-

33 2685 130 2722 misit
155 2687 207 2723 N.
247 2691 420 2728 committ.
446 2691 484 2728 in
513 2691 617 2728 undis
644 2688 691 2728 Γ.

82 2747 142 2779 ou.
162 2747 254 2779 Fasti.
1145 2743 1170 2778 9
