1685 2954
626 120 684 148 m:
713 119 894 148 AEDths
925 118 1068 148 sacms
1405 114 1575 144 cxxxlx

130 220 197 260 sed
224 232 332 272 quam
356 219 471 258 Paulo
495 217 600 255 Diae.
626 223 719 254 teste
742 230 782 268 p.
801 220 864 266 13,
886 219 934 254 10
958 216 1115 255 mediam
1137 218 1289 256 continet
1321 222 1433 265 atque
1463 215 1575 252 inclu-

131 283 187 320 dit
213 284 390 333 ingenus
415 279 592 328 aedificii,
625 291 780 329 eamque
805 291 876 316 non
905 290 1081 328 uacuam,
1108 280 1172 317 sed
1205 281 1281 330 ipsa
1307 277 1429 316 Ouidii
1457 282 1577 314 aetate

131 345 180 382 ibi
200 346 352 395 Regiam
372 341 504 385 suissex
529 352 625 392 quae
651 353 739 390 ergo
766 339 813 377 de
837 341 906 377 situ
925 340 1064 389 Regiae
1086 349 1248 378 ueterum
1275 339 1475 377 testimonia
1501 338 1577 374 col-

131 407 218 456 legit
243 402 519 451 Ambroschius,
555 414 598 440 ea
626 403 810 452 pertinere
845 403 951 439 etiam
986 401 1032 438 ad
1060 403 1211 439 Atrium.
1262 402 1444 452 Perquam
1468 400 1577 448 igitur

132 474 301 506 accurate
326 472 532 502 teneremus
558 464 654 502 hanc
680 477 782 512 rem,
825 465 855 500 si
880 463 989 500 modo
1016 469 1093 499 tota
1120 463 1179 498 iila
1206 461 1426 499 Ambroscbii
1451 460 1578 509 dispu-

131 530 222 568 tatio
243 527 290 565 de
307 526 423 564 Sacra
449 527 508 562 uia
533 527 644 576 uulgo
671 525 768 563 dicta
791 526 877 562 satis
904 525 1014 561 firmis
1038 526 1211 561 niteretur
1238 523 1470 573 argumentis.
1504 520 1578 558 Or·

131 590 230 628 ditur
253 588 449 626 rectissime
475 588 521 624 ab
549 600 608 636 eo,
636 587 792 625 eundem
819 594 972 624 tractum
1004 586 1152 623 indicari
1179 586 1297 625 uerbis
1322 583 1578 622 Varronianis:

130 663 224 702 quae
248 655 302 688 est
325 662 350 687 a
375 650 458 697 foro
483 651 582 686 euntti
605 649 877 700 primore-cliuo
903 657 940 686 et
970 646 1156 687 Verrianis
1182 647 1240 684 uel
1268 646 1388 683 Festi:
1427 657 1453 682 a
1477 645 1579 693 regia

130 712 183 751 ad
206 711 350 750 domam
377 713 471 760 rqqis
495 710 715 759 sacrificuli,
750 711 813 748 sed
850 712 1067 761 praecipitat
1103 721 1203 756 rem,
1237 720 1319 745 cum
1350 706 1472 743 statim
1499 718 1536 755 p.
1553 706 1580 742 4

131 787 201 826 pro
226 775 418 825 explorato
442 774 552 810 sumit
577 774 654 811 eius
682 773 764 809 uiae
789 772 923 808 nullam
950 778 1090 822 partem
1116 770 1210 807 infra
1227 771 1357 807 cliuum
1374 767 1580 804 Palatinum

131 835 243 874 fuisse
267 843 305 874 et
330 835 523 873 conturbat
549 835 813 885 quaestionem,
839 846 921 870 cum
947 833 998 880 id,
1026 831 1124 882 quod
1153 838 1292 869 certum
1311 841 1390 868 esse
1408 829 1579 876 debebat,

132 898 307 935 incertum
335 896 454 935 reddit
481 897 687 933 coniectura
711 896 877 945 proximo
903 896 1022 942 re9iae
1045 893 1156 931 cliuo:
1182 893 1243 929 uix
1269 891 1581 929 exercitatissimus

134 959 262 1009 aliquis
295 960 345 996 ita
381 965 480 996 reete
515 957 760 1008 auspicabitur
789 955 1081 1004 disputationem.
1143 955 1186 991 Si
1220 954 1370 1003 uulgata
1401 953 1582 1003 scriptura

134 1021 323 1066 retinetur,
348 1032 457 1071 quam
485 1026 692 1070 suspectam
718 1030 790 1056 non
820 1016 1028 1064 habuerim,
1055 1016 1230 1066 significat
1256 1017 1352 1052 circa
1376 1015 1485 1052 finem
1510 1014 1582 1051 fori

134 1082 261 1119 subter
286 1088 446 1119 montem
476 1081 683 1118 Palatinum
717 1091 796 1117 esse
822 1078 972 1115 Sacram
999 1078 1117 1126 uiam,
1154 1090 1249 1128 quae
1282 1078 1390 1126 uulgo
1418 1077 1581 1114 dicatur:

135 1154 285 1180 necesse
320 1150 377 1179 est
401 1155 514 1190 sane,
552 1141 636 1192 quia
669 1141 789 1178 forum
828 1153 954 1177 uersus
987 1141 1162 1176 orientem
1200 1139 1447 1189 praecluditur
1472 1140 1582 1187 cliuo,

135 1203 340 1241 ascenderit
365 1204 422 1240 uia
450 1204 580 1253 partim
607 1203 642 1239 in
676 1202 836 1250 cliuum,
871 1202 936 1239 sed
962 1203 1102 1251 Regia,
1137 1208 1247 1252 prout
1274 1208 1329 1238 est
1352 1202 1390 1237 in
1421 1200 1582 1238 Bunseni

135 1265 286 1314 tabula,
334 1265 393 1302 uel
432 1277 550 1315 prope
584 1264 760 1314 templum
799 1264 958 1301 Castoris
993 1275 1072 1300 esse
1106 1264 1245 1313 potuit,
1287 1262 1582 1313 quandoquidem

135 1326 256 1364 fornix
289 1327 473 1364 Fabianus
506 1326 575 1362 suit
606 1333 699 1363 teste
733 1325 846 1362 schol.
873 1326 908 1363 in
936 1325 1013 1362 Cic.
1041 1325 1146 1362 Verr.
1176 1328 1210 1369 l,
1228 1326 1268 1372 7,
1290 1327 1337 1360 19
1370 1327 1480 1362 iuxta
1505 1327 1584 1361 Re-

133 1390 236 1438 giam
260 1390 299 1426 in
322 1401 431 1427 sacra
456 1390 522 1426 uia
547 1395 584 1425 et
609 1395 702 1425 teste
722 1389 837 1425 altero
860 1401 897 1438 p.
912 1389 986 1424 399
1006 1386 1074 1424 Or.
1099 1391 1181 1437 post
1207 1387 1376 1437 templum
1401 1387 1582 1424 Castoris:

136 1462 221 1488 nam
256 1463 336 1487 cum
371 1451 578 1487 nouerimus
611 1462 655 1487 ex
681 1450 777 1487 Plut.
804 1450 880 1487 Cic.
908 1463 940 1486 c.
960 1453 1008 1485 22
1036 1449 1186 1486 Sacram
1214 1450 1307 1486 uiam
1334 1462 1401 1499 per
1426 1448 1583 1485 medium

137 1511 257 1549 sorum
277 1512 435 1560 duxisse,
461 1524 605 1548 causam
625 1525 698 1549 non
727 1512 844 1560 uideo,
874 1525 938 1549 cur
962 1512 1083 1548 fornix
1104 1512 1286 1547 Fabianus
1313 1512 1431 1548 locum
1456 1512 1491 1547 in
1514 1510 1584 1546 Via

139 1586 255 1620 noua,
282 1575 342 1612 ubi
369 1581 461 1611 teste
488 1573 623 1611 Ouidio
651 1587 688 1612 u.
706 1576 779 1612 396
804 1575 839 1611 in
866 1574 984 1611 sorum
1012 1586 1055 1610 ea
1081 1575 1159 1610 siue
1185 1573 1335 1610 Sacram
1363 1574 1457 1610 niam
1483 1573 1584 1620 exiit,

141 1634 334 1685 relinquat.
385 1636 442 1673 De
470 1636 584 1672 altero
613 1636 749 1673 Sacrae
776 1635 856 1672 uiae
882 1636 1034 1672 termino
1067 1648 1138 1673 non
1175 1634 1280 1672 ualde
1307 1635 1472 1684 refragor
1497 1636 1584 1671 Am-

142 1696 333 1745 broschio,
370 1697 517 1734 domum
543 1698 637 1747 regis
663 1710 847 1735 sacrorum
874 1697 1034 1734 concedo
1062 1710 1178 1746 prope
1204 1710 1390 1734 ascensum
1416 1698 1451 1734 in
1479 1698 1586 1747 pala-

144 1758 234 1794 tium
258 1758 293 1794 in
319 1771 458 1795 summa
484 1758 598 1795 Sacra
625 1760 686 1795 uia
711 1759 836 1807 fuisse,
862 1758 926 1795 sed
953 1771 1085 1795 moneo
1113 1759 1158 1795 de
1180 1757 1301 1797 Verrii
1326 1766 1464 1796 tantum
1492 1766 1584 1796 tem-

145 1831 236 1869 pore
261 1818 297 1856 id
325 1828 512 1867 constare3
549 1819 803 1856 Ambroscbius
839 1832 920 1856 cum
955 1820 1129 1868 templum
1156 1817 1294 1857 Vestae
1319 1827 1416 1857 recte
1442 1821 1478 1857 in
1504 1820 1586 1859 foro

146 1888 283 1931 ponat,
309 1882 449 1917 Atrium
476 1881 593 1918 eidem
620 1881 829 1929 contiguum
852 1880 964 1917 fuisse
989 1880 1202 1924 contendat,
1231 1881 1291 1916 ubi
1317 1882 1435 1919 locum
1460 1882 1588 1920 Dionis

147 1943 211 1990 54,
225 1944 292 1979 27:
320 1937 392 1988 τὴν
409 1938 545 1991 μέντοι
568 1943 639 1980 τοῦ
657 1936 857 1989 βασιλέως
875 1941 952 1978 τῶν
973 1937 1087 1990 ἱερῶν
1108 1936 1296 1991 (οἴκησιν)
1314 1945 1402 1987 ταῖς
1418 1939 1589 1994 (lemaa-

147 2000 284 2047 θένοις
310 1997 453 2041 ἔδωκεν
480 2000 615 2054 ἐπειδὴ
641 1997 921 2052 ὁμότοιχος
954 2005 1043 2048 ταῖς
1070 1997 1268 2052 οἰκήσεσιν
1294 2001 1426 2043 αὐτῶν
1451 1997 1501 2054 ἦν
1532 2008 1590 2044 in-

148 2066 341 2116 terpretari
377 2067 507 2116 satagit
540 2065 588 2103 de
625 2065 761 2104 eadem
789 2067 881 2115 regis
917 2078 1100 2102 sacrorum
1137 2066 1174 2101 in
1211 2078 1349 2104 summa
1383 2069 1496 2106 Sacra
1532 2070 1592 2106 uia

94 2153 102 2158 „
149 2126 275 2176 domo,
305 2126 392 2164 nibil
418 2129 450 2164 ei
474 2127 624 2178 prodest
641 2128 779 2165 Atrium
807 2127 904 2178 quod
931 2134 1014 2178 post
1040 2126 1168 2163 aedem
1195 2128 1374 2167 collocare
1399 2131 1499 2175 uelit,
1525 2131 1592 2168 nisi

148 2189 259 2226 etIam
294 2189 330 2225 in
366 2190 475 2226 totius
501 2189 639 2226 Sacrae
672 2189 754 2226 uiae
786 2189 1046 2240 longitudinem
1077 2190 1292 2239 extraxerit,
1327 2198 1366 2228 ut
1399 2198 1594 2242 utrumque

149 2251 228 2287 eius
258 2250 452 2290 terminum
478 2251 654 2300 attingat:
689 2263 773 2288 nam
800 2258 899 2288 recto
926 2248 1060 2301 angulo
1086 2250 1236 2300 Regiam
1264 2251 1463 2303 descripsit.
1517 2254 1593 2292 Sed

149 2312 236 2349 mibi
261 2311 431 2363 displicet
448 2312 601 2362 Regiam
627 2313 848 2349 nominatam
873 2313 983 2350 fuisse
1009 2325 1030 2350 a
1051 2313 1194 2350 Numae
1220 2313 1460 2364 habitatione3
1486 2316 1594 2353 fidem

150 2374 270 2412 habeo
295 2374 427 2413 Seruio
453 2374 500 2411 ad
526 2376 617 2425 Aen.
638 2376 676 2420 8,
696 2376 770 2411 363
797 2373 844 2411 de
867 2374 976 2411 domo
1003 2376 1099 2425 regis
1124 2374 1321 2412 sacrificuli.
1373 2379 1597 2415 Ambroschii

151 2435 200 2474 de
225 2435 294 2473 hoc
320 2437 403 2474 loco
430 2436 624 2487 disputatio
651 2448 690 2487 p.
703 2437 752 2472 25
779 2448 887 2486 quam
916 2436 1000 2476 mihi
1027 2437 1244 2485 satisfaciat,
1269 2449 1343 2474 non
1369 2451 1516 2477 necesse
1542 2444 1599 2476 est

154 2499 337 2548 apel-iamt
375 2497 594 2549 pontificem,
629 2498 690 2548 qui
715 2505 968 2548 nuncupatur,
1002 2511 1073 2537 non
1099 2499 1243 2536 uidetur
1267 2501 1493 2550 perspexisse
1518 2513 1597 2537 esse

154 2558 380 2597 Euandrum.
434 2560 534 2597 Tum
559 2559 728 2608 demum,
762 2572 844 2598 cum
871 2561 1047 2598 Caesares
1081 2561 1269 2612 pontifices
1295 2562 1436 2598 maximi
1464 2573 1596 2611 coepe-

157 2626 243 2659 runt
275 2621 439 2660 habitare
469 2621 506 2658 in
540 2620 703 2671 palatio,
736 2621 845 2660 credo
881 2623 949 2659 sub
983 2623 1118 2673 palatio
1154 2623 1189 2660 in
1223 2635 1363 2660 summa
1388 2624 1503 2660 Sacra
1538 2624 1596 2659 uia

161 2681 269 2719 aedes
293 2682 396 2720 datas
421 2683 565 2733 publice
590 2684 666 2733 regi
691 2694 891 2733 sacrorum,
917 2685 979 2736 qui
1004 2697 1100 2723 anno
1118 2687 1168 2723 V.
1190 2685 1233 2724 C·
1253 2686 1323 2722 741
1346 2686 1463 2723 nulius
1488 2684 1597 2724 fuisse

161 2743 285 2793 utique
309 2743 462 2784 uidetur.
