1685 2954
710 85 914 116 PRIVATIS
1389 84 1537 121 evan

85 185 211 224 addito
237 197 402 236 superne.
418 196 459 229 s,
487 183 548 220 uix
573 182 697 222 differt
723 184 770 220 ab
795 195 855 232 eo,
881 183 981 233 quod
1006 183 1075 220 illic
1101 183 1198 220 clare
1222 183 1396 238 scriptum
1422 184 1533 224 habet

83 251 216 296 ternis,
252 247 316 285 sed
350 247 387 283 in
422 257 496 295 quo
531 258 634 283 usum
670 245 859 294 singularis
892 245 1032 282 numeri
1066 246 1238 295 exemplis
1269 251 1432 283 astruere
1458 260 1532 284 non

82 323 252 361 possum:
288 320 363 345 rem
390 306 499 344 credo
527 306 810 357 intelligendam,
837 305 885 342 de
910 318 982 355 qua
1008 317 1052 342 ex
1078 307 1244 344 Varrone
1269 307 1381 345 refert
1406 309 1531 358 Augu-

81 373 198 410 stinus
223 372 270 408 de
295 382 328 405 c.
356 368 393 406 d.
419 370 458 416 6,
479 370 523 406 9:
559 372 696 406 Tamen
732 367 873 405 medieri
908 367 1029 413 foetae
1056 373 1138 417 post
1171 374 1318 418 partum
1348 375 1422 408 tres
1446 370 1530 408 deos

81 433 246 472 custodes
272 435 525 469 commenwrat
550 430 733 477 adhiberi,
766 442 811 468 ne
835 429 1013 466 Siluanus
1045 428 1131 466 deus
1164 443 1226 479 per
1250 437 1386 470 noctem
1410 434 1531 482 ingre-

81 494 206 532 diatm-
229 497 263 530 εἰ
287 497 414 537 vexet,
448 505 638 541 eorumque
662 491 850 529 custodum
881 490 1202 540 significandorum
1227 505 1341 531 causa
1365 500 1439 532 tres
1463 495 1531 533 ho-

81 557 193 592 mines
218 559 326 591 noctu
350 555 536 591 circumire
562 554 689 592 limina
708 553 835 591 donnus
853 559 887 591 et
905 556 1022 604 primo
1049 553 1154 591 limen
1173 557 1288 592 securi
1311 555 1435 603 lerire,
1459 569 1531 605 po-

77 621 158 653 stea
182 616 268 665 pilo,
295 619 401 654 tertio
425 616 609 655 deecerrere
634 617 766 665 scopis.
820 616 923 653 Adde
944 616 1099 653 Paulum
1118 616 1319 653 Diaconum
1347 630 1385 666 p.
1405 619 1469 665 78,
1486 622 1531 656 1:

76 679 180 714 Nam
206 689 382 715 exuerrue
411 684 498 716 sunt
528 680 698 728 puryutio
731 677 907 727 quaedam
935 678 1082 722 domus,
1116 689 1163 714 ex·
1195 690 1268 727 qua
1291 683 1456 716 mortuus
1480 678 1531 716 ad

10 739 13 743 '
75 738 300 789 sepulturam
326 739 497 786 ferendus
515 745 582 788 est,
611 752 703 788 quae
722 738 765 787 fit
784 752 847 789 per
871 742 1124 778 euerrzatorem
1146 744 1240 777 certo
1254 752 1380 789 ρωποι-ο
1397 752 1530 789 scopa-

75 812 158 838 rum
176 800 336 839 adhibito
364 802 410 839 ab
436 807 544 839 extra
563 802 737 840 ueri-endo
758 802 951 840 dictarum.
996 802 1255 851 Purgationem
1280 803 1357 838 siue
1381 800 1529 838 februa-

75 862 210 899 tionem
238 864 431 913 utrobique
462 863 573 900 credo
608 864 768 913 agnosci.
819 863 878 900 De
911 863 1039 901 lictore
1063 863 1220 900 flaminio
1252 875 1363 914 supra
1389 876 1427 913 p.
1443 875 1529 901 cxv

75 923 236 961 breuiter
262 926 448 962 annotaui.

174 985 281 1023 Aliud
298 998 440 1024 sacrum
461 987 657 1036 priuatum,
684 984 783 1036 quod
802 986 974 1035 temporis
994 984 1151 1023 decursu
1167 991 1383 1023 tantumnon
1409 987 1530 1037 publi-

75 1059 156 1084 cum
191 1047 329 1084 factum
365 1055 442 1096 est,
482 1047 551 1084 fuit
585 1048 738 1085 Veneris
772 1047 950 1085 Kalendis
982 1048 1191 1098 Aprilibus,
1229 1047 1276 1084 de
1310 1061 1383 1098 quo
1417 1060 1530 1098 supra

73 1121 113 1158 p.
130 1120 321 1145 cxxxvu
341 1115 378 1146 et
397 1122 434 1159 p.
453 1121 533 1146 cx1.
561 1109 697 1146 dictum
724 1115 797 1147 est:
823 1109 889 1147 sed
915 1115 1030 1147 restat
1055 1111 1155 1147 locus
1179 1109 1292 1146 Laur.
1311 1109 1405 1159 Lydi
1424 1112 1461 1155 4,
1478 1110 1527 1147 45

71 1182 112 1219 p.
125 1172 200 1206 218
219 1170 309 1218 R6.,
336 1171 398 1220 qui
424 1171 568 1220 egregie
594 1170 749 1208 illustrat
775 1183 871 1221 quae
897 1170 944 1208 de
970 1172 1134 1208 Fortuna
1160 1171 1265 1207 Virili
1289 1171 1455 1219 Verrius,
1479 1171 1528 1209 de

71 1231 218 1269 Venere
244 1231 477 1270 Verticordia
502 1232 656 1270 Ouidius
683 1232 839 1270 habent:
871 1232 976 1277 Ταῖς
1001 1229 1134 1270 τοίνυν
1162 1229 1374 1276 καλένδαις
1389 1228 1528 1281 Ἀπρι-

71 1289 177 1337 λίαις
202 1288 246 1329 αῖ
271 1291 413 1342 σεμναὶ
439 1294 637 1344 γυναικῶν
662 1287 764 1345 ὑπὲρ
792 1288 985 1344 ὁμονοίας
1002 1291 1069 1332 καὶ
1088 1291 1182 1343 βίον
1209 1287 1423 1345 σώφρονος
1445 1290 1529 1332 ἐτί-

69 1366 159 1403 μων
186 1350 258 1403 τὴν
277 1350 541 1406 Ἀφροδίτην·
580 1352 623 1393 αἳ
659 1353 703 1393 δὲ
737 1357 810 1393 τοῦ
837 1355 1027 1406 πλήθους
1051 1357 1237 1407 γυναῖκες
1269 1354 1310 1393 ἐν
1337 1357 1423 1401 τοῖς
1446 1358 1526 1394 τῶν

71 1411 231 1466 ἀνδρῶν
249 1415 480 1465 βαλανείοις
500 1413 688 1455 ἕλούοντο
708 1414 808 1469 πρὸς
826 1416 1050 1470 θεραπείαν
1071 1412 1197 1467 αὐτῆς
1217 1415 1394 1469 μυρσίνῃ
1416 1415 1528 1469 ἒςεμ-

71 1474 199 1528 μέναι.
251 1479 408 1518 Balneas
442 1487 690 1517 matronarum
724 1480 821 1518 idem
861 1481 1031 1518 describit
1058 1483 1098 1528 4,
1117 1481 1168 1516 24
1194 1493 1231 1530 p.
1249 1483 1346 1529 178,
1374 1475 1527 1528 τόπους

71 1535 265 1590 ἡσυχίους
292 1536 370 1587 ἔξω
397 1541 468 1579 τοῦ
496 1537 703 1591 πλήθους,
730 1538 800 1587 οὓς
827 1537 883 1580 ἔτι
911 1539 977 1579 καὶ
1003 1541 1074 1579 νῦν
1100 1538 1350 1591 ματρωνίκια
1376 1543 1527 1581 καλοῦ-

73 1615 150 1641 σιν.
204 1605 284 1641 Hoc
308 1604 417 1653 igitur
442 1610 511 1651 est,
538 1604 637 1654 quod
663 1604 814 1642 Verrius
842 1611 935 1642 teste
955 1604 1142 1641 Macrobio
1171 1608 1208 1652 1,
1229 1608 1292 1653 12,
1315 1618 1355 1655 p.
1370 1608 1444 1643 177
1471 1613 1527 1645 te-

73 1672 188 1702 status
214 1672 269 1702 est
296 1672 424 1715 postea
450 1667 706 1714 constitutum,
742 1673 783 1703 ut
809 1673 997 1703 matronae
1025 1666 1159 1703 Veneri
1188 1679 1329 1703 sacrum
1362 1667 1527 1707 facerent

73 1727 250 1764 Kalendis
269 1727 464 1776 Aprilibus,
489 1728 588 1776 quod
615 1729 758 1776 priuato
785 1728 884 1765 cultu
904 1728 1029 1764 Venus
1056 1729 1227 1777 coniungi
1252 1736 1425 1778 coeperat
1443 1743 1527 1769 cum

73 1789 238 1826 Fortuna
264 1789 386 1831 Virili,
423 1788 523 1823 cuius
549 1800 616 1824 nec
642 1789 761 1837 ipsum
788 1789 973 1837 publicum
999 1801 1142 1825 sacrum
1168 1791 1391 1827 existimasse
1418 1792 1524 1829 uide-

73 1857 148 1899 tur,
174 1862 254 1887 cum
282 1850 405 1887 tabula
431 1848 566 1888 Praen„
591 1848 794 1898 frequenter
820 1850 988 1887 mulieres
1013 1851 1220 1900 supplicare
1246 1852 1279 1888 ei
1304 1852 1500 1902 scripserit.

462 1994 615 2033 LIBER
642 1995 869 2033 TERTIVS
895 1995 1131 2033 DECIMVS.

174 2097 237 2134 Fr.
257 2101 291 2133 l.
336 2095 550 2133 Plutarchus
570 2102 712 2145 quaest.
734 2096 807 2134 Ro.
834 2109 871 2145 p.
890 2097 964 2135 150
978 2097 1101 2133 Reisk.
1142 2091 1226 2132 Διά
1254 2095 1294 2133 τί
1319 2097 1374 2150 τῷ
1394 2092 1526 2148 (Ηρα...

72 2157 162 2195 uh?
181 2153 415 2208 γιγνομένης
449 2153 602 2201 θυσίας
635 2152 759 2194 ἄλλον
790 2153 935 2194 οὐδένα
963 2157 1072 2195 θεῶν
1106 2153 1392 2209 ὀνομάζουσιν,
1429 2159 1524 2199 οὐδὲ

3 2245 13 2252 r
71 2216 258 2270 φαίνεται
285 2215 391 2256 κύων
421 2214 534 2262 ἐντὸς
559 2219 638 2255 τῶν
668 2212 914 2267 περιβόλων;
941 2212 997 2263 ὦς
1023 2214 1200 2269 Βοὶῤῥων
1227 2217 1422 2271 ἱςόρηκεν.

173 2286 211 2321 2.
250 2282 401 2331 August.
429 2294 460 2318 c.
486 2281 521 2318 d.
541 2284 580 2328 3,
601 2283 647 2318 9:
676 2283 777 2318 Nam
804 2281 891 2330 quid
917 2282 975 2319 ille
1000 2282 1146 2319 molitus
1171 2284 1221 2319 sit
1245 2288 1278 2319 et
1304 2284 1431 2332 quibus
1456 2299 1523 2324 ar-

72 2343 168 2382 tibus
192 2343 277 2380 deos
301 2342 395 2380 tales
417 2342 486 2380 sibi
510 2342 568 2379 uel
594 2345 734 2380 ciuitati
759 2345 967 2381 consociare
990 2346 1156 2392 potuerit,
1187 2346 1309 2382 Varro
1330 2347 1464 2395 prodit.

173 2405 355 2455 Loquitur
379 2405 600 2454 Augustinus
627 2404 674 2441 de
699 2406 808 2442 sacris
835 2405 934 2442 Iouis
957 2406 1084 2442 Elicii:
1120 2406 1289 2443 credibile
1316 2415 1371 2445 est
1397 2407 1444 2445 de
1468 2408 1522 2445 his

74 2467 145 2506 hoc
168 2468 206 2504 in
232 2467 324 2504 libro
351 2467 466 2516 egisse
492 2467 709 2504 Varronem.
760 2466 973 2505 Eorundem
999 2468 1173 2516 originem
1199 2475 1323 2505 narrat
1344 2470 1522 2506 Arnobius

76 2528 174 2566 initio
200 2529 282 2566 libri
308 2529 422 2578 quinti
448 2528 652 2578 praemissis
678 2528 773 2564 inter
799 2529 869 2565 alia
895 2528 948 2565 his
977 2530 1116 2566 uerbis:
1155 2531 1258 2576 Quae
1282 2533 1317 2568 si
1339 2531 1441 2574 uobis
1464 2533 1523 2569 ui·

77 2588 239 2628 deu-emur
263 2591 482 2640 ineptiarum
507 2590 637 2628 talium
667 2588 835 2638 fabulae,
866 2602 979 2639 ‘neque
1012 2592 1049 2627 in
1067 2603 1147 2628 usu
1179 2594 1380 2630 retineretis
1409 2604 1522 2642 quae-

78 2649 164 2689 dam
186 2663 265 2698 suo,
289 2663 400 2702 neque
416 2664 482 2703 per
501 2664 629 2692 cursus
650 2663 794 2691 annuos
817 2652 980 2692 laetitias
1003 2655 1213 2693 exerceretis
1236 2660 1279 2692 ιιι
1302 2655 1431 2704 festas,
1455 2665 1522 2692 m-
