1685 2954
136 115 239 146 CXIV
655 111 711 141 DE
738 110 1038 141 Pownmcmvs

185 214 260 254 Ou.
288 214 434 262 1,333:
475 212 589 259 thue
613 221 657 248 ea
686 222 758 249 mm
782 215 882 249 ema
905 216 970 256 est,
995 213 1051 249 ita
1075 223 1142 249 rex
1165 211 1315 261 placare
1339 224 1528 253 sacrorum

519 273 686 309 Numina
710 272 893 321 lanigerae
917 275 1064 322 coniuge
1089 273 1186 311 debet
1211 275 1305 312 ouis.

135 340 216 377 Rex
240 331 458 374 sacrificulus
483 333 544 383 qui
569 334 629 381 sit,
656 333 838 372 docebunt
862 335 992 372 Festus
1018 348 1057 385 p.
1072 337 1161 384 318,
1178 337 1227 372 29
1246 337 1332 382 sin.,
1358 335 1468 373 Dion.
1491 336 1577 375 Hal.

134 404 173 449 4,
189 399 239 436 74
254 393 333 445 fin.,
362 396 400 444 5,
422 398 457 443 1,
483 394 669 433 Plutarch.
697 403 836 446 quaest.
866 397 938 433 Ro.
967 409 999 433 c.
1019 399 1080 434 63.
1135 397 1189 434 Ad
1215 397 1291 433 eius
1317 397 1474 433 muueris
1503 398 1579 435 ori-

133 463 252 512 ginem
278 457 425 508 respicit
450 456 568 493 Varro
593 456 642 494 de
664 457 689 496 l.
717 459 742 495 l.
769 460 808 506 6,
838 462 909 506 12,
946 460 1007 508 qui
1033 459 1133 496 locus
1164 460 1301 508 optime
1327 463 1473 508 poetam
1498 458 1581 495 illu-

133 528 238 570 strat,
264 519 330 557 sed
354 524 502 565 metuo,
525 523 565 554 ut
589 519 675 556 satis
700 518 850 569 intelligi
877 520 991 569 possit
1016 521 1067 556 ita
1093 521 1247 569 scriptus
1276 525 1313 556 et
1339 519 1581 567 intertinctus,

132 580 438 634 quemadmodum
464 580 662 618 Muellerus
694 582 852 618 uoluisse
880 580 1044 617 uidetur:
1079 580 1284 629 Ayonuks,
1311 592 1376 630 per
1401 592 1491 630 quos
1512 591 1582 619 reat

133 647 172 682 in
195 646 298 693 reyia
323 643 471 680 arietem
504 641 691 690 immolat,
726 640 813 678 dicti
849 638 895 677 ab
930 652 1044 689 ayone
1068 654 1126 686 eo,
1161 641 1255 691 quod
1288 643 1532 690 interrogatur
1555 653 1583 679 a

130 706 291 755 principe
325 704 516 747 ciuitatzs,·
542 707 577 739 et
607 704 772 752 princeps
805 702 924 750 yreyis
957 702 1179 756 inmolatur.
1230 704 1370 753 Regem
1396 715 1582 740 sacrorum

131 769 202 805 dici
227 766 426 817 principem
447 764 616 810 ciuitatis,
644 763 709 799 nisi
732 773 884 799 acumen
906 763 1003 811 insit,
1029 763 1116 801 ferri
1136 765 1196 801 uix
1216 771 1350 814 potest.
1389 765 1580 813 Legerim:

131 828 179 866 ab
204 839 329 876 ayoye,
357 838 409 870 eo,
436 824 529 874 quod
553 827 811 872 interrogatur.
851 824 969 861 Lusus
995 837 1069 862 non
1091 831 1146 862 est
1166 825 1342 874 frigidior,
1368 836 1478 875 quam
1498 836 1582 862 cum

131 890 310 940 superiori
335 889 467 938 pagina
485 892 603 923 aestas
624 886 670 922 ab
694 879 908 934 αἴθεσθαι,
935 898 1066 923 aeuum
1093 887 1140 923 ab
1166 880 1226 923 ἀεὶ
1254 881 1300 923 ὅν
1325 886 1582 937 repetitur.—

133 955 172 1000 1,
197 952 293 988 587:
393 948 520 987 Idibus
544 950 584 984 in
608 949 734 995 magni
760 952 884 984 castus
908 949 1013 985 Iouis
1037 946 1125 985 aede
1145 947 1317 985 sacerdos

443 1011 661 1047 Semini-aris
686 1000 846 1056 flammas
872 1013 1016 1047 uiscera
1041 1008 1132 1047 libat
1157 1011 1251 1047 onis.

131 1073 231 1110 Num
257 1071 304 1109 de
328 1083 399 1108 oue
425 1071 516 1108 Iduli
549 1071 641 1108 liaec
672 1070 903 1120 intelligenda
934 1072 1028 1116 sint,
1065 1084 1135 1107 non
1164 1071 1250 1108 satis
1275 1072 1373 1108 scio:
1412 1071 1583 1109 conuenit

131 1136 252 1178 locus,
289 1133 362 1170 uid.
391 1132 498 1170 Varr.
527 1132 574 1170 de
599 1133 623 1170 l.
653 1132 676 1169 l.
704 1133 744 1180 5,
771 1134 842 1169 47:
876 1145 947 1181 qua
974 1145 1085 1170 sacra
1120 1137 1291 1181 quotquot
1314 1132 1497 1170 *mensibus
1520 1132 1581 1180 fe-

129 1201 261 1234 rantur
284 1197 323 1232 in
349 1206 489 1238 arcem,
527 1194 610 1230 coll.
638 1194 736 1230 Fest.
763 1206 800 1243 p.
819 1196 905 1239 290,
921 1198 968 1231 33
993 1194 1104 1238 dext„
1133 1196 1220 1241 293,
1241 1195 1266 1230 4
1286 1195 1375 1232 sin.:
1411 1195 1581 1232 conuenit

131 1268 302 1309 persona,
329 1255 401 1293 uid.
429 1255 593 1292 Macrob.
623 1259 657 1300 1,
680 1256 738 1299 15,
766 1268 801 1305 p.
818 1259 911 1292 262:
948 1260 982 1293 et
1006 1255 1170 1293 munibus
1193 1255 1319 1293 Idibus
1343 1258 1427 1293 Ioui
1449 1258 1581 1294 immo-

128 1320 231 1357 lawa·
257 1331 282 1355 a
308 1315 475 1364 flamine.-
508 1316 757 1353 disconuenire
785 1317 927 1353 uidetur
952 1329 1119 1365 sacrum,
1158 1318 1230 1353 uid.
1259 1317 1334 1354 Ou.
1364 1321 1400 1364 l,
1427 1318 1492 1366 56,
1520 1318 1581 1355 ubi

130 1380 229 1431 quod
255 1379 385 1415 dicitur
409 1379 523 1427 magis
551 1390 632 1414 cum
658 1377 787 1426 fragm.
815 1380 838 1415 4
863 1390 974 1428 supra
1000 1380 1133 1428 posito,
1159 1390 1267 1428 quam
1295 1391 1377 1415 cum
1404 1378 1473 1415 hoc
1498 1379 1581 1416 loco

130 1440 298 1492 quadrat.
352 1439 504 1476 Flamen
538 1438 637 1488 apud
664 1439 887 1476 Macrobium
925 1447 962 1477 et
989 1440 1062 1477 Ou.
1089 1443 1128 1487 2,
1154 1443 1201 1475 21
1232 1447 1286 1476 est
1311 1439 1446 1487 Dialis,
1481 1441 1581 1477 cuius

129 1503 285 1541 maxima
317 1501 387 1538 fuit
421 1499 606 1548 dignatio,
646 1501 745 1537 Fest.
774 1512 815 1550 p.
839 1501 926 1549 154,
950 1503 999 1537 26
1020 1501 1135 1548 dext.,
1171 1501 1272 1537 cuius
1308 1502 1417 1537 etiam
1452 1501 1582 1538 domus

130 1564 320 1603 Flaminia
345 1562 546 1609 dicebatur,
572 1561 647 1598 uid.
669 1562 795 1598 Muell.
820 1561 866 1598 ad
887 1561 993 1598 Paul.
1015 1574 1054 1611 p.
1069 1564 1132 1610 89,
1148 1565 1208 1600 10.
1262 1563 1429 1599 Cessauit
1454 1562 1489 1599 id
1513 1563 1580 1600 fia-

129 1627 279 1663 minium
307 1623 478 1661 Varronis
505 1627 640 1671 aetate,
666 1624 741 1661 uid.
769 1622 839 1659 Dio
865 1622 929 1670 54,
949 1623 1012 1669 36,
1039 1622 1085 1659 de
1112 1635 1185 1672 quo
1211 1630 1331 1659 tamen
1357 1624 1392 1659 in
1418 1623 1465 1660 fr.
1493 1626 1519 1660 4
1544 1631 1581 1661 et

129 1689 177 1726 de
201 1688 226 1724 l.
252 1688 277 1723 l.
303 1688 342 1733 6,
372 1687 418 1721 16
446 1690 619 1732 tanquam
645 1684 680 1719 in
718 1696 784 1720 usu
810 1683 944 1730 suerit,
972 1684 1183 1732 loquentem
1211 1685 1343 1721 habes:
1380 1685 1509 1721 scimus
1535 1697 1581 1722 ex

130 1751 226 1787 Tac.
253 1760 338 1785 ann.
366 1750 406 1794 3,
426 1746 476 1781 58
502 1746 578 1781 eius
613 1745 735 1781 munia
761 1744 950 1794 pontifices
984 1746 1127 1783 obiisse.
1183 1744 1307 1782 Ouidii
1342 1752 1462 1783 aetate
1496 1747 1581 1796 quia

131 1810 334 1847 restitutum
360 1807 429 1843 fuit
455 1807 501 1842 ab
529 1807 692 1854 Augusto
718 1813 822 1854 pont.
850 1817 961 1853 max.,
989 1818 1061 1842 una
1088 1819 1168 1843 cum
1195 1807 1369 1857 lupercali
1394 1819 1513 1857 sacro,
1539 1815 1581 1846 ut

129 1878 234 1922 puto,
260 1869 359 1920 quod
385 1867 470 1903 inde
496 1866 681 1916 pendebat
707 1872 800 1904 teste
827 1865 900 1903 Ou.
927 1870 964 1914 2,
991 1870 1068 1903 280
1092 1869 1291 1905 secundum
1318 1869 1447 1908 codd..-

391 1929 544 1967 Flmnen
570 1928 619 1966 ad
644 1928 732 1965 haec
756 1930 875 1977 prisco
899 1941 998 1966 more
1025 1929 1147 1966 Dialis
1174 1930 1257 1977 erit,

127 1994 214 2032 inde
239 1995 346 2043 igitur
371 1992 424 2036 fit,
450 1990 546 2040 quod
574 1997 686 2039 poeta
710 1994 750 2038 2,
763 1992 813 2027 27
836 1996 874 2028 et
896 1992 934 2037 6,
950 1992 1024 2026 226
1052 1991 1308 2040 Flaminicam,
1335 2005 1442 2042 quam
1469 1993 1579 2030 etiam

128 2056 334 2094 Macrobius
360 2059 398 2090 et
424 2053 555 2089 Festus
583 2059 619 2088 et
646 2052 781 2089 Paulus
807 2053 996 2102 aliquoties
1022 2055 1231 2102 appellant,
1260 2054 1392 2090 uidisse
1426 2067 1490 2102 se,
1518 2055 1577 2091 uel

129 2118 309 2154 audiuisse
335 2120 469 2152 narrat.
522 2113 718 2150 Posteriori
745 2114 824 2150 loco
851 2125 945 2162 quae
971 2115 1211 2151 caerimoniae
1237 2116 1576 2159 commemorantur,

128 2192 189 2216 eas
216 2178 375 2215 inuenies
402 2177 437 2212 in
455 2175 604 2211 Masurii
626 2176 752 2212 Sabini
780 2175 899 2212 uerbis
927 2175 1025 2223 apud
1047 2175 1144 2211 Gell.
1168 2178 1228 2223 10,
1251 2175 1318 2211 15:
1346 2176 1475 2224 quibus
1494 2188 1576 2212 uer·

129 2241 180 2276 bis
207 2252 254 2276 ne
281 2237 370 2275 illud
397 2239 542 2274 obstare
568 2237 720 2284 credas,
753 2236 852 2285 quod
888 2248 968 2271 cum
995 2235 1126 2272 flamen
1155 2236 1268 2272 Dialis
1294 2236 1429 2273 nodum
1469 2237 1504 2272 in
1535 2249 1576 2274 se

128 2302 266 2337 nullum
293 2300 484 2347 habuerit,
521 2304 613 2335 teste
638 2299 753 2335 Paulo
780 2311 817 2347 p.
833 2299 898 2345 82,
926 2299 988 2345 19,
1013 2297 1193 2333 flaminica
1219 2298 1337 2333 cincta
1363 2297 1504 2334 dicatur
1528 2298 1576 2335 ab

127 2362 262 2399 Ouidio
290 2365 327 2409 3,
343 2363 431 2408 397,
458 2360 571 2396 adibis
593 2360 745 2396 Paulum
774 2372 810 2408 p.
825 2360 888 2406 65,
902 2363 945 2395 3:
973 2358 1071 2408 quod
1096 2358 1143 2395 de
1167 2357 1266 2404 ferro
1286 2358 1416 2395 dicitur
1436 2361 1472 2404 6,
1486 2348 1573 2405 230,

127 2423 163 2460 id
199 2435 384 2471 nunquam
422 2423 563 2458 licuisse
597 2421 720 2457 dicunt
749 2420 857 2457 Seru.
886 2421 933 2457 ad
960 2423 1049 2457 Aen.
1080 2424 1117 2468 1,
1137 2422 1226 2467 448,
1264 2420 1357 2468 Lyd.
1384 2419 1431 2456 de
1457 2432 1572 2458 mens.

128 2488 163 2529 1,
185 2486 223 2531 9,
250 2496 286 2532 p.
305 2485 353 2518 34
370 2484 463 2519 Ra:
492 2477 567 2527 ὥςε
595 2478 689 2526 τούς
716 2478 832 2532 ἱερεῖς
853 2482 1027 2530 χαλκαῖς
1052 2478 1234 2529 ψαλίσιν,
1260 2475 1354 2518 ἀλλ’
1384 2476 1432 2517 οὐ
1460 2480 1573 2531 σιδη-

127 2547 217 2596 ραῖς
242 2541 551 2592 ἀποκείρεσθαι,
579 2544 644 2581 csr.
664 2545 778 2581 Macr.
798 2544 837 2591 5,
857 2547 918 2592 19,
945 2557 981 2594 p.
996 2546 1083 2580 510.
1107 2563 1157 2570 -
1183 2544 1421 2579 Curionatum
1446 2549 1484 2580 et
1508 2555 1573 2580 cu-

126 2607 279 2644 rionium
304 2618 445 2642 sacrum
466 2606 618 2643 Ouidius
638 2610 676 2653 2,
691 2606 766 2642 525
794 2613 1064 2654 commemorat,
1090 2604 1137 2641 de
1163 2616 1235 2654 qua
1261 2615 1301 2641 re
1327 2604 1400 2640 uid.
1420 2605 1570 2653 Dionys,

128 2669 212 2707 Hal.
232 2672 269 2714 2,
281 2669 346 2717 64,
372 2667 478 2705 Paul.
497 2667 598 2707 Diae.
619 2680 657 2717 p.
672 2670 737 2716 49,
753 2668 850 2716 4,9;
878 2669 939 2713 62,
957 2671 1015 2705 11.
1067 2667 1196 2704 Vtrum
1223 2665 1259 2703 id
1286 2665 1385 2715 quod
1411 2666 1447 2703 in
1472 2665 1571 2716 soro,

1668 1478 1675 1770 Ξ
