1685 2954
741 97 867 128 ceum
872 98 892 127 S
1458 96 1546 126 CCV

95 202 186 239 iacet
212 204 297 238 atra
321 198 442 251 palus,
467 202 506 235 et
531 195 622 234 Silio
650 197 731 235 Ital.
758 199 798 245 8,
819 199 912 234 381:
944 196 1028 242 Qua
1055 197 1217 235 Saturae
1240 194 1409 233 nebulosa
1435 196 1546 247 palus

94 267 300 311 restagnat.
352 262 532 298 Graecam
560 259 842 308 appellationem
878 269 1012 294 censeo
1048 258 1208 295 additam
1238 257 1368 295 Latino
1395 260 1546 307 numini,

95 323 257 361 fortassis
285 323 350 374 ipsi
376 321 539 365 Faunae.
593 320 765 370 Namque
798 319 909 370 paulo
947 321 1098 369 propius
1126 320 1363 370 Campaniam
1390 319 1546 356 Mintur·

96 386 150 421 nis
177 386 323 422 latinum
351 393 418 432 par
443 380 594 417 deorum
621 382 719 431 apud
748 381 937 430 Virgilium
965 385 1055 417 Aen.
1082 382 1120 427 7,
1140 384 1189 416 47
1216 380 1369 417 traditur
1393 382 1544 418 Faunus

96 453 134 482 et
159 446 295 483 Marica
321 450 359 480 et
392 443 504 492 paulo
540 443 689 492 propius
717 443 873 479 Romam
901 443 1049 479 Circeiis
1075 442 1179 478 Circe
1206 442 1322 478 Fauni
1349 450 1464 480 mater
1489 450 1546 480 est

94 505 351 556 superinducta
372 504 464 541 deae
490 502 637 550 latinae,
665 515 761 553 quae
787 504 902 553 qualis
923 504 967 540 sit
986 503 1146 553 disputat
1164 502 1377 542 Clausenius
1403 518 1441 554 p.
1455 507 1549 546 837.-

95 568 259 616 Vtraque
284 565 354 602 dea
380 577 462 602 cum
490 577 647 602 uenerea
673 572 711 602 et
738 565 837 602 molli
864 564 986 602 indole
1012 565 1177 602 tradatur
1202 566 1300 616 apud
1326 566 1433 604 Seru.
1452 569 1543 606 Aen.

93 631 133 676 7,
161 630 231 675 193
258 630 323 675 47,
350 639 421 664 non
449 633 504 664 est
530 627 652 663 illicita
678 628 886 663 coniectura
912 626 950 662 id
977 625 1204 664 Graecorum
1230 627 1342 663 fuisse
1374 628 1543 666 iudicium

92 695 131 726 et
165 689 383 739 pertinuisse
418 690 525 725 etiam
564 688 611 725 ad
637 687 821 736 Satyrum.
875 689 1003 738 Itaque
1035 700 1131 738 quae
1163 688 1362 737 anguibus,
1398 690 1544 737 ultibus,

94 752 178 788 uino
215 751 420 788 indicantur
455 749 610 787 docente
646 751 794 799 egregie
822 750 1015 787 Clausenio
1049 763 1087 800 p.
1110 750 1184 786 852
1219 761 1305 786 ann.
1334 752 1433 787 1617
1459 753 1542 789 coll.

92 825 131 863 p.
157 816 225 849 131
252 813 339 860 ima,
367 825 404 862 p.
423 812 512 859 853,
533 811 623 859 854,
658 811 789 861 frigida
816 812 1115 861 interpretatione
1147 810 1194 847 ad
1222 812 1407 861 propriam
1433 812 1545 850 sabu-

92 874 164 910 lam
193 873 307 910 relata
333 880 426 910 teste
451 873 638 909 Macrobio
676 872 774 922 apud
802 872 926 909 Claus.
954 885 991 921 p.
1011 872 1083 908 851
1113 884 1198 909 ann.
1221 875 1362 921 161321,
1389 873 1459 912 hoc
1485 889 1545 912 ar-

92 941 302 984 gumentum
329 935 492 971 existimo
519 935 639 984 graeci
664 934 757 970 sacri
783 933 908 980 fuisse,
934 934 1035 969 cuius
1054 933 1262 970 ceremoniis
1284 935 1376 972 sacri
1403 939 1544 976 romani

91 998 255 1034 ieiunitas
280 1003 334 1033 est
359 997 590 1046 interpolata.
645 995 760 1031 Video
783 995 1017 1032 elausenium
1044 1008 1083 1045 p.
1099 996 1171 1032 851
1197 995 1347 1033 fabulae
1367 997 1544 1036 Hercula-

94 1070 207 1105 neae,
243 1069 340 1106 quae
371 1057 469 1106 apud
496 1057 726 1105 Propertium
752 1056 792 1103 5,
819 1058 844 1092 9
879 1058 1071 1094 coniuncta
1098 1064 1152 1093 est
1177 1070 1259 1094 cum
1286 1070 1390 1096 sacro
1415 1060 1545 1101 Bonae

93 1119 200 1167 deae,
228 1119 419 1167 uestigium
447 1117 608 1154 indicare
634 1117 798 1154 Crotone
823 1129 867 1154 ex
895 1119 1081 1155 Athenaeo
1110 1121 1170 1166 10,
1197 1131 1235 1168 p.
1251 1120 1324 1156 441
1351 1135 1507 1163 summa.

192 1179 464 1216 Tiberinum
493 1190 641 1228 quoque
667 1190 711 1215 ex
738 1186 930 1217 stemmate
956 1193 1082 1229 regum
1100 1180 1314 1218 Latinorum
1342 1183 1450 1222 deum
1477 1200 1544 1224 no-

90 1242 144 1279 uit
168 1241 301 1288 Varro,
330 1240 415 1276 uide
441 1239 489 1276 de
516 1240 538 1276 Ι.
560 1240 585 1277 l.
613 1240 650 1285 5,
670 1243 742 1278 3οε
769 1246 856 1278 sunt
879 1243 940 1290 qui
970 1241 1124 1279 Tiberim
1149 1244 1307 1292 priscum
1333 1258 1459 1285 nomen
1486 1248 1545 1288 la-

91 1304 207 1340 tinum
232 1301 405 1339 Albulam
429 1304 628 1339 uocitatum
654 1302 785 1340 litteris
811 1303 1060 1351 tradiderunt,
1093 1307 1277 1353 posterius
1300 1314 1446 1358 propter
1475 1314 1545 1350 Τῖ-

91 1365 251 1403 berimtm
284 1377 401 1413 reyem
426 1365 647 1401 Latinorum
683 1370 888 1413 trinitatum,
926 1365 1022 1414 quod
1055 1365 1104 1403 ibi
1134 1369 1329 1414 interient,-
1362 1382 1451 1408 nam
1476 1372 1542 1412 hoc

89 1429 180 1475 eius,
207 1431 248 1463 ut
273 1426 435 1475 tradunt,
461 1425 676 1476 sepulcrum.
714 1427 801 1464 Non
827 1427 983 1465 sortasse
1010 1441 1133 1477 regem
1151 1430 1329 1467 Albanum
1351 1432 1542 1485 intellexit,

90 1488 164 1527 Ou.
195 1492 234 1536 4,
262 1491 325 1536 47,
360 1489 389 1524 si
423 1501 467 1524 ex
503 1489 580 1525 eius
615 1491 796 1527 sententia
829 1490 980 1527 Seruius
1016 1491 1062 1526 ad
1089 1493 1182 1529 Aen.
1209 1495 1249 1539 8,
1274 1496 1346 1529 333
1379 1496 1543 1545 scripsit:

92 1553 179 1601 quia
202 1553 310 1588 ctiam
343 1555 428 1588 ante
453 1550 586 1587 Albam
617 1550 756 1588 Tiberis
792 1551 908 1588 dictus
942 1553 1139 1590 inuenit-ur.
1162 1582 1166 1586 .
1189 1554 1280 1590 lllud
1308 1555 1354 1592 de
1380 1557 1544 1606 sepulcro

91 1614 249 1664 pertinet
282 1613 446 1649 fortassis
481 1613 527 1649 ad
555 1612 677 1649 Ouidii
714 1614 832 1650 locum
860 1626 942 1650 eum
978 1614 1253 1661 illustrandum,
1289 1629 1398 1665 quem
1431 1632 1545 1669 supra

91 1675 193 1724 attigi
228 1687 266 1724 p.
291 1686 453 1711 chvn.
514 1675 651 1711 Ibidem
685 1675 805 1712 Seruii
842 1677 941 1713 locos
973 1677 1020 1713 de
1055 1676 1167 1712 sacris
1199 1677 1363 1713 Tiberini
1397 1680 1544 1727 publice

91 1737 196 1774 factis
223 1735 438 1772 indicabam.
478 1737 795 1773 Commemoratur
818 1738 864 1774 ab
892 1737 1025 1775 Ouidio
1043 1742 1082 1785 2,
1097 1740 1196 1786 3873
1222 1739 1261 1786 5,
1276 1740 1371 1787 635,
1399 1742 1437 1788 6,
1456 1743 1541 1781 105.

96 1797 317 1836 'Fcberinides
353 1797 631 1834 introducuntur
657 1802 697 1844 2,
728 1799 825 1844 595,
861 1800 961 1835 cuius
997 1806 1150 1848 propter
1183 1799 1339 1836 formam
1373 1803 1540 1851 nominis,

91 1863 304 1911 praesertim
333 1859 368 1894 in
397 1860 639 1907 graecissante
665 1859 805 1907 sabula,
832 1872 869 1896 u.
890 1861 964 1896 599
990 1860 1088 1897 edidi
1110 1859 1246 1897 Almon
1273 1873 1317 1898 ex
1344 1875 1415 1900 uno
1441 1872 1541 1902 certe

95 1921 242 1972 egregio
271 1921 378 1968 libro,
405 1922 444 1967 4,
466 1923 541 1956 337
567 1921 714 1958 latinam
742 1922 1029 1958 terminationem
1057 1921 1195 1957 admisi.

194 1983 404 2029 Iuturna,
431 1980 505 2018 On.
527 1986 563 2030 l,
578 1984 667 2029 463,
695 1995 760 2017 cur
783 1981 832 2018 fr.
851 1985 895 2018 11
923 1984 1110 2032 proprium
1128 1994 1258 2020 mmwn
1284 1984 1439 2035 dicatur,
1468 2000 1541 2026 non

21 2085 25 2091 ¹
90 2044 278 2096 perspexit
305 2043 519 2080 Clausenius
556 2056 641 2080 ann.
672 2047 783 2088 1311.
836 2043 956 2093 Ipsum
991 2056 1123 2081 nomen
1159 2057 1241 2082 cum
1268 2046 1343 2084 deis
1368 2049 1542 2099 indigita-

16 2121 24 2128 ’
89 2114 295 2144 mentorum
322 2105 503 2141 nonnullis
531 2104 642 2142 habet
667 2105 937 2142 similitudinem
965 2112 1002 2142 et
1027 2106 1063 2142 in
1090 2107 1181 2143 libro
1209 2107 1256 2144 de
1283 2108 1306 2145 l.
1333 2110 1360 2147 l.
1387 2111 1425 2158 5,
1444 2113 1489 2147 71
1518 2123 1542 2149 a

89 2168 251 2206 iuuando
280 2167 487 2213 deducitur,
515 2168 660 2216 quicum
689 2168 919 2204 consentiunt
945 2179 1039 2216 quae
1065 2169 1164 2218 apud
1191 2170 1361 2207 Seruium
1381 2172 1427 2208 ad
1448 2174 1540 2212 Aen.

91 2233 152 2275 12,
175 2231 246 2266 139
274 2229 455 2277 leguntur.
509 2228 625 2264 Huius
661 2229 866 2266 testimonio
899 2228 1153 2278 distinguenda
1187 2239 1272 2268 sunt
1307 2232 1389 2269 sons
1424 2247 1542 2285 prope

87 2288 279 2326 Lauinium
315 2296 352 2326 et
386 2289 581 2325 Numicum
622 2289 772 2325 fluuium
808 2296 845 2326 et
881 2290 1053 2327 sacellum
1091 2304 1112 2329 a
1146 2293 1297 2330 Lutatio
1334 2296 1466 2333 Catulo
1504 2298 1541 2334 in

91 2362 221 2401 campo
247 2351 381 2388 Martio
408 2358 635 2409 extructum,
673 2359 714 2388 ut
740 2351 954 2388 Clausenius
982 2360 1111 2401 putat,
1144 2362 1297 2404 propter
1329 2368 1446 2406 aeque
1478 2370 1542 2395 sa-

91 2412 203 2449 lubris
236 2424 355 2462 aquae
389 2414 574 2449 inuentam
603 2425 757 2461 uenam,
793 2425 814 2450 a
847 2414 929 2449 lacu
956 2414 1153 2463 Iuturnae,
1188 2416 1234 2454 de
1261 2430 1334 2467 quo
1362 2430 1473 2468 supra
1501 2432 1539 2469 p.

95 2484 261 2510 cxnvul
295 2482 619 2511 commemoratum
657 2483 722 2512 est.
775 2477 880 2524 Aqua
904 2474 1017 2524 Virgo
1054 2490 1138 2513 num
1172 2479 1245 2515 ullo
1273 2479 1380 2516 modo
1408 2481 1454 2516 ad
1481 2482 1541 2518 Iu-

94 2538 233 2570 turnam
260 2535 462 2584 pertineat,
488 2535 796 2586 quemadmodum
824 2536 1042 2575 Clauseuius
1068 2540 1242 2588 coniecit,
1270 2554 1342 2578 non
1369 2541 1539 2579 dixerim:

95 2592 173 2630 fieri
203 2595 238 2631 id
264 2596 372 2633 uideo
407 2597 455 2634 ad
490 2597 661 2634 tuendam
697 2597 744 2634 de
770 2599 873 2634 Anna
900 2597 1066 2636 Perenna
1091 2603 1318 2640 sententiam.
1372 2603 1413 2640 Id
1442 2616 1542 2640 com-

94 2660 255 2692 mentum
280 2669 363 2695 cum
397 2659 585 2698 confertur
617 2659 665 2697 ad
699 2658 861 2697 fabulam
889 2659 1108 2700 Ouidiauam
1133 2667 1170 2709 2,
1191 2664 1430 2713 583-604,
1460 2677 1540 2714 -qua
