1685 2954
707 98 906 131 rvnmcts
1327 102 1526 144 cmxxxiii

74 201 173 254 quod
201 202 307 254 longe
332 202 409 240 siue
432 199 543 238 dubio
568 197 688 236 abfuit
711 209 735 236 a
762 199 890 236 Caelio
917 205 1063 250 monte,
1092 212 1162 240 nec
1185 200 1346 242 fortassis
1372 206 1522 244 omnino

73 265 252 303 attinebat
276 264 323 302 ad
349 262 487 301 lunium
513 272 687 299 mensem.
740 260 889 298 Priuata
917 262 1043 312 religio
1069 276 1107 301 u.
1132 266 1218 310 181,
1241 267 1314 302 182
1338 267 1425 317 quin
1451 279 1520 306 eo-

72 325 157 363 dem
184 326 292 364 modo
317 326 461 363 Garnae
486 322 696 360 memoriam
722 323 942 371 seruauerit‚
975 331 1086 374 atque
1111 326 1232 363 rustici
1258 328 1375 365 nostri
1399 328 1436 365 in
1465 329 1519 366 si-

71 389 220 426 millima
243 385 521 437 superstitione,
553 396 627 421 non
660 384 806 421 memini
841 396 914 435 quo
948 384 1027 432 die,
1064 385 1111 424 de
1142 386 1231 425 diua
1260 393 1378 426 mam
1401 389 1519 427 Hella

70 455 234 498 narrant,
259 447 407 485 dubium
435 448 495 484 uix
521 451 589 484 est.
634 445 690 482 Ad
718 451 851 483 statum
877 445 1088 483 sacrificium
1114 448 1173 485 Dii
1199 449 1291 486 Fidii
1317 462 1355 489 u.
1371 454 1445 488 213
1459 462 1516 501 sq.

68 509 335 561 quodammodo
362 508 492 546 referri
517 513 692 559 poterunt
715 507 835 545 Varro
861 507 908 545 de
934 508 959 545 l.
986 508 1011 545 1.
1038 508 1075 554 5,
1103 511 1152 546 66
1178 516 1215 548 et
1241 524 1332 562 quos
1358 512 1518 550 Muelle-

67 585 129 610 rus
154 571 356 608 annotauit.
407 570 465 608 De
496 570 608 608 sacris
636 569 771 607 Vestae
797 581 832 605 a.
859 568 897 606 d.
923 569 958 606 V
984 569 1037 607 ld.
1065 572 1133 608 tria
1158 580 1264 621 sunt,
1298 585 1393 623 quae
1420 573 1518 612 Oui-

66 632 147 670 dius
180 632 303 669 tradit.
355 631 518 669 Primum
551 632 773 669 continetur
792 632 955 669 uersibus
981 633 1219 672 296-3042
1254 634 1390 672 Vestae
1424 636 1517 673 mitti

63 694 232 744 patellas,
259 695 344 745 quia
370 694 456 732 olim
487 695 619 744 epulae
645 700 732 730 ante
756 694 872 744 ipsam
899 693 1029 731 aedem
1052 695 1237 733 institutae
1263 708 1347 733 eum
1373 697 1410 733 in
1435 710 1517 734 mo-

62 755 149 794 dum
176 757 280 794 libari
306 757 575 794 consueuerint.
627 755 723 792 Nam
751 767 971 806 quamquam
999 769 1036 794 u.
1057 760 1131 794 300
1156 757 1241 795 deos
1265 771 1357 808 quos
1388 759 1516 796 innuat

61 823 195 868 poeta,
231 819 418 856 obscurius
455 825 533 866 est,
565 817 602 855 id
635 824 756 855 tamen
785 816 962 854 distichon
997 829 1068 854 non
1099 825 1266 869 spectare
1298 819 1345 856 ad
1375 832 1515 858 morem

59 880 240 930 priscum,
275 893 348 931 quo
376 881 507 918 Seruio
533 886 625 918 teste
651 880 697 918 ad
724 883 814 918 Aen.
843 884 880 926 1,
908 880 982 915 636
1016 881 1054 916 in
1080 882 1188 918 atriis
1213 880 1361 919 edebant
1385 882 1515 919 seden-

59 945 125 986 tes,
152 942 265 992 liquet
288 954 310 980 e
335 943 503 993 proximo
527 943 574 980 de
595 943 758 979 Vacuna.
812 941 931 978 Aedes
956 940 1063 989 igitur
1090 954 1125 977 u.
1148 943 1223 978 296
1250 943 1419 981 dicuntur
1444 957 1514 994 pro

59 1002 147 1041 aede
178 1004 378 1041 secundum
410 1004 533 1041 Seruii
566 1004 858 1041 obseruationem
890 1003 981 1039 Aen.
1008 1005 1044 1046 2,
1071 1002 1167 1040 487:
1203 1015 1351 1043 munero
1373 1005 1514 1055 plurali

0 1062 1 1085 ἶ
59 1070 94 1102 et
117 1064 160 1102 de
185 1064 348 1103 dontibus
373 1070 408 1103 et
434 1065 477 1102 de
501 1065 645 1114 templo.
696 1064 884 1101 Distichon
911 1065 998 1108 297,
1027 1064 1103 1100 298
1133 1064 1280 1103 difficile
1311 1073 1368 1104 est
1400 1067 1513 1104 intel-

58 1127 167 1171 lectu,
194 1127 273 1164 siue
291 1133 391 1164 recte
413 1127 522 1174 edidi,
547 1127 624 1164 siue
641 1133 825 1176 praestat:
852 1125 934 1163 inde
954 1137 1155 1174 preca-mur,
1182 1127 1280 1177 quod
1306 1139 1376 1178 per
1399 1128 1511 1166 libros

54 1188 153 1225 licet.
205 1188 421 1225 Coniectare
446 1189 482 1224 in
509 1189 675 1225 carminis
703 1194 806 1238 parte
833 1200 906 1225 nou
927 1188 1112 1224 elaborata
1129 1200 1201 1224 non
1223 1189 1350 1226 ausim.
1403 1189 1511 1233 Quo-

56 1249 152 1286 niam
174 1249 283 1299 igitur
299 1261 406 1286 nemo
423 1249 688 1287 demonstrauit
707 1249 805 1300 apud
821 1250 1009 1286 Romanos
1026 1249 1061 1284 in
1081 1251 1333 1299 precationum
1353 1250 1509 1288 exordiis

54 1311 204 1348 Vestam
229 1323 310 1349 esse
335 1319 605 1362 nuncupatam,
641 1311 751 1349 credo
780 1310 953 1349 Ouidium
985 1317 1134 1361 praeter
1167 1312 1337 1348 uestibuli
1370 1312 1510 1349 uerilo-

54 1373 178 1423 quium
205 1385 228 1410 a
253 1374 380 1421 Vesta,
407 1374 517 1412 Seru.
545 1374 592 1411 ad
621 1375 712 1412 Aen.
739 1377 778 1421 2,
802 1374 892 1421 469,
919 1375 1033 1422 quod,
1061 1379 1171 1423 prout
1197 1373 1307 1410 libros
1333 1375 1507 1424 sequeris,

53 1441 118 1471 aut
143 1436 287 1485 posuit,
314 1445 378 1472 aut
404 1436 554 1486 intelligi
580 1436 720 1483 uoluit,
753 1436 954 1473 meminisse
980 1435 1088 1471 etiam
1116 1435 1371 1485 appellationis
1400 1435 1508 1473 tech-

52 1496 170 1544 nicae,
196 1504 238 1534 ut
262 1497 372 1537 Pont.
397 1501 437 1546 2,
464 1499 503 1546 5,
530 1500 579 1535 68
606 1497 736 1535 coloris
763 1496 944 1533 rhetorici.
1000 1495 1130 1533 Cicero
1156 1497 1191 1533 in
1217 1503 1365 1534 oratore
1388 1509 1421 1534 c.
1437 1496 1506 1535 15:

56 1558 241 1596 Vestibula
274 1561 447 1597 nimirum
488 1560 641 1597 honesta
675 1557 865 1607 aditusque
906 1556 956 1595 ad
994 1570 1147 1595 causam
1181 1558 1293 1606 faciet
1330 1558 1504 1598 illustres.

52 1619 195 1657 Eodem
238 1621 418 1658 uocabulo
460 1621 652 1670 significari
693 1626 892 1670 potuerunt
932 1619 1080 1656 exordia
1115 1621 1379 1670 precationum.
1446 1621 1507 1659 De

52 1680 190 1730 patella
217 1689 387 1720 accurate
421 1684 565 1732 scripsit
591 1683 806 1719 Clausenius
842 1695 878 1731 p.
903 1683 991 1719 632.
1043 1681 1207 1719 Alterum
1239 1689 1296 1720 est
1327 1683 1374 1721 de
1405 1683 1506 1722 seriis

52 1743 230 1792 pistorum
255 1750 292 1780 et
316 1745 499 1781 asinorum
525 1756 561 1780 u.
577 1743 767 1791 305,311,
782 1745 868 1779 341.
921 1744 1092 1787 Causam,
1119 1755 1228 1793 quam
1254 1744 1374 1782 reddit
1394 1752 1506 1796 poeta

52 1817 90 1841 u.
116 1806 356 1852 307—312,
389 1805 499 1854 paulo
534 1806 638 1841 aliter
663 1804 804 1854 profert
829 1804 953 1852 Lydus
980 1804 1027 1841 de
1052 1816 1166 1842 mens.
1194 1807 1234 1852 4,
1260 1806 1326 1852 59,
1354 1807 1503 1856 p.2502
1559 1812 1562 1813 ’

53 1860 122 1903 διὰ
149 1861 195 1903 τὰ
223 1863 318 1911 τοὺς
344 1862 538 1915 ἀρχαίους
567 1861 636 1902 τὸν
670 1860 795 1914 ἄρτον
829 1861 870 1901 ἐν
905 1866 990 1908 τοῖς
1025 1861 1147 1913 ἱεροῖς
1172 1866 1246 1914 τῆς
1264 1860 1400 1911 Ἕςιάς
1426 1879 1505 1905 κα-

53 1922 325 1975 τασκευάζειν.
378 1928 516 1965 Verum
544 1927 701 1977 paniceis
728 1927 797 1964 illis
821 1927 1004 1964 asinorum
1026 1928 1217 1965 monilibus
1244 1941 1282 1966 u.
1300 1929 1390 1978 305,
1412 1931 1504 1979 341,

52 2001 147 2038 quae
171 1990 278 2026 etiam
305 1990 340 2026 in
367 1991 486 2040 capite
513 1989 683 2027 Octobris
709 1990 807 2039 equi,
833 2001 901 2026 nec
927 2000 949 2025 a
976 1988 1278 2027 Sacrauiensibus
1301 1991 1436 2037 solum,
1462 1998 1504 2029 ut

51 2049 218 2097 uidetur,
246 2053 538 2102 usurpabantur,
563 2048 668 2087 Paul.
695 2050 801 2088 Diae.
828 2064 866 2101 p.
879 2054 970 2099 220,
996 2054 1063 2098 21,
1097 2057 1240 2089 tantum
1263 2065 1339 2090 non
1364 2054 1505 2091 tribue-

20 2111 130 2148 ‘rim.
183 2111 270 2149 Non
307 2119 363 2149 est
398 2112 587 2162 probabile
619 2112 715 2148 hanc
741 2113 943 2150 Vestalium
980 2113 1211 2151 cerimoniam
1243 2120 1327 2163 post
1363 2126 1502 2152 annum

47 2171 194 2210 demum
221 2173 267 2210 V.
297 2173 342 2210 C.
369 2174 445 2210 580
470 2185 549 2211 esse
575 2173 841 2214 introductam:
876 2182 960 2211 ante
989 2174 1026 2211 id
1056 2187 1143 2212 uero
1177 2181 1321 2224 tempus
1347 2176 1501 2213 testibus

47 2234 110 2282 iis,
145 2247 237 2285 quos
269 2237 405 2285 poteris
438 2237 600 2272 inuenire
626 2235 725 2285 apud
751 2236 925 2274 Creuzer.
951 2236 1066 2286 antiq.
1091 2236 1163 2273 Ro.
1191 2238 1316 2283 §.282
1343 2243 1381 2274 et
1405 2237 1503 2274 For-

48 2296 168 2335 cellin.
197 2310 228 2334 s.
252 2310 288 2334 u.
315 2299 451 2347 pistor,
484 2297 553 2334 hoc
590 2309 722 2334 nomen
753 2297 801 2334 ad
836 2309 967 2348 panem
995 2297 1225 2348 coquendum
1250 2297 1336 2335 nihil
1361 2298 1499 2336 attine-

48 2358 125 2406 bat,
151 2358 231 2395 solo
258 2359 409 2408 pistrino
432 2360 700 2407 continebatur,
728 2372 824 2410 quae
843 2360 1025 2396 asinorum
1044 2371 1191 2409 quoque
1215 2361 1402 2409 prouincia
1426 2366 1498 2399 est.

47 2487 140 2519 teste
165 2481 296 2519 Seruio
323 2482 390 2519 ecl.
410 2483 449 2530 8,
464 2483 512 2519 82
538 2482 689 2533 pinsunt
716 2494 760 2520 ac
784 2484 927 2522 molunt
951 2483 1086 2521 molam
1111 2490 1263 2531 castam,
1287 2484 1339 2521 sic
1363 2483 1498 2522 dictam

48 2538 210 2581 fortassis
243 2544 328 2594 quia
360 2543 560 2581 secundum
595 2544 704 2581 Seru.
731 2545 823 2583 Aen.
853 2550 893 2594 1,
918 2546 992 2584 179
1027 2543 1195 2593 flantines
1225 2545 1394 2593 farinam
1416 2546 1498 2593 fer-

51 2607 250 2642 mentatum
276 2607 477 2654 contingere
502 2600 574 2644 ηόη
601 2604 738 2643 licebat.
778 2606 877 2643 Num
903 2607 998 2643 Iouis
1024 2607 1171 2645 Pistoris
1196 2607 1325 2657 feriae,
1351 2621 1391 2645 u.
1406 2608 1496 2655 344,

52 2664 85 2702 si
110 2666 218 2704 modo
244 2667 282 2704 in
307 2666 406 2706 hunc
431 2667 525 2705 diem
554 2667 776 2717 inciderunt,
802 2669 838 2706 id
865 2667 1075 2719 effecerint,
1102 2677 1141 2708 ut
1168 2664 1379 2720 ἀρτοποιοὶ
1404 2681 1497 2720 quo-
