1685 2954
131 48 354 80 ocnxxxvx
633 83 638 89 ,
755 47 933 77 comens

129 150 262 189 certius
286 147 371 200 quid
399 146 446 184 de
469 147 604 198 scripto
629 147 720 186 libro
745 148 926 192 iudicare,
956 161 1065 199 quam
1089 148 1139 186 de
1162 147 1351 187 Vrsiniano
1368 151 1476 190 cuius
1501 165 1565 191 co·

127 214 266 264 piosam
293 208 415 256 habui,
441 221 514 246 non
539 215 660 246 tamen
685 211 859 260 integram
886 209 1123 248 collationem.
1172 210 1283 254 Quod
1307 211 1415 260 igitur
1435 225 1565 264 saepe·

128 285 280 313 numero
305 272 360 320 fit,
387 276 429 307 ut
453 283 534 307 cum
558 271 668 308 assint
693 284 764 308 non
791 271 1010 322 poenitenda
1036 272 1206 320 subsidia,
1234 273 1433 322 potuissent
1458 276 1565 325 plura

127 336 278 381 adesse,
305 345 362 369 res
389 344 432 369 eo
459 343 574 382 usque
598 340 858 383 promoueatur
882 346 955 384 quo
982 340 1121 383 potest,
1156 334 1191 371 id
1218 335 1295 371 sine
1321 333 1430 372 dubio
1457 348 1564 386 prae-

126 396 212 433 stiti.
264 394 361 430 Nihil
388 400 456 441 est,
482 395 582 443 quin,
609 402 781 444 quantum
807 395 998 446 potuerim,
1025 395 1071 432 ad
1099 395 1261 432 codicum
1287 395 1500 434 idoneorum
1525 403 1565 435 et

126 462 298 495 accurate
321 467 550 492 excussorum
569 456 676 493 fidem
704 458 962 494 reuocauerim.
1012 458 1059 493 Hi
1085 458 1197 494 sicubi
1223 469 1280 494 me
1306 457 1565 506 destituebant,

125 519 224 558 nolui
249 530 375 555 eorum
403 516 695 566 uitia'reddere,
731 519 966 567 circumspexi
989 525 1051 554 aut
1078 519 1225 556 minoris
1251 520 1304 556 rei
1337 520 1466 568 libros,
1500 525 1565 558 aut

125 582 242 618 minus
269 584 501 629 perspectos,
537 578 637 616 uelut
665 578 762 627 apud
788 579 1018 628 Propertium
1046 580 1284 630 Groningano
1316 581 1407 618 libro
1439 593 1564 618 succe-

122 643 216 680 dunt
234 647 404 690 excerpta
422 639 570 677 Perreii.
610 640 734 689 Atqui,
763 639 871 676 audio
898 638 1092 687 dicentem,
1119 641 1210 678 liber
1229 642 1437 680 Vrsinianus
1457 649 1564 693 pote-

121 710 179 741 rat
204 702 345 739 Romae
370 700 490 738 denuo
525 701 702 747 conferri,
741 712 788 736 ne
823 706 918 736 esset
951 701 1175 750 incognitior.
1229 702 1365 739 Fateor
1397 715 1455 740 me
1488 716 1563 740 non

122 764 361 816 quaesiuisse,
396 776 481 799 num
516 762 672 812 supersit
707 762 742 797 in
769 761 906 797 scriniis
935 761 1129 798 Vaticanis.
1182 763 1256 800 Sed
1283 764 1367 799 satis
1394 763 1479 799 milii
1507 769 1564 801 est

120 826 366 877 quaestionem
393 825 630 861 commouisse
663 824 927 872 ingeniosorum
955 823 1112 858 uirorum
1140 823 1370 860 contentione
1401 823 1563 874 dignam,

119 889 156 926 in
183 899 254 937 qua
281 886 389 923 credo
416 885 576 922 nonnihil
602 885 825 921 etiamaeitra
853 885 962 933 Alpes
990 883 1174 920 diiudicari
1200 896 1330 934 posse,
1357 885 1489 936 uixque
1513 885 1563 924 ad

119 949 156 986 id
182 949 288 998 plura
314 948 461 997 requiri,
488 959 599 996 quam
626 958 719 995 quae
747 953 833 982 nota
862 958 927 994 per
955 945 1138 981 Heinsium
1163 951 1248 981 sunt
1273 944 1320 982 de
1345 946 1469 983 codice
1488 947 1563 985 Vr-

120 1010 271 1046 siniano.
323 1008 586 1058 interpolatum
614 1019 694 1044 esse
719 1006 951 1043 audacissime
980 1019 1130 1051 censeo,
1159 1007 1308 1057 eiusque
1332 1008 1471 1045 artificii
1497 994 1566 1046 ue-v

119 1071 375 1115 tustissimum,
411 1068 510 1117 quod
548 1080 699 1117 usquam
725 1070 793 1116 sit,
830 1080 908 1104 esse
939 1068 1158 1118 exemplum.
1209 1068 1292 1105 Lib.
1312 1072 1349 1117 1,
1370 1070 1443 1106 153
1468 1074 1560 1120 pro:

118 1136 169 1171 Et
195 1131 299 1169 πιοᾶο
324 1130 498 1178 formatis
528 1131 688 1178 oper-itur
711 1128 902 1176 frondibus
933 1128 1042 1166 arbor
1073 1129 1170 1179 apud
1204 1141 1287 1166 eum
1323 1136 1361 1166 et
1385 1130 1561 1170 Mazarin.

116 1200 237 1233 extat:
272 1194 444 1231 amicitur
467 1191 602 1228 vitibus
628 1190 746 1229 arbor.
802 1193 970 1228 Fon-mari
994 1193 1086 1228 uites
1112 1203 1183 1228 non
1210 1191 1281 1240 legi
1306 1191 1390 1228 alibi
1417 1199 1454 1228 et
1479 1193 1561 1242 pal-

115 1268 194 1294 mes
219 1254 396 1304 superiori
423 1265 531 1290 uersu
566 1252 656 1290 suit:
695 1261 793 1291 certe
827 1254 903 1290 siue
937 1253 1067 1289 salsum
1102 1253 1179 1288 sine
1212 1265 1337 1289 uerum
1374 1259 1429 1289 est
1459 1252 1560 1303 quod

116 1319 200 1355 Vrs·.
228 1317 360 1363 habet,
392 1316 507 1352 minus
541 1327 620 1351 esse
652 1315 802 1365 simplex
836 1316 1015 1364 scriptura
1041 1314 1168 1350 Petau.
1197 1314 1464 1351 obseruandum
1490 1322 1559 1353 est.

116 1379 172 1417 lb.
199 1392 234 1416 u.
250 1378 336 1422 315,
363 1377 424 1427 qui
449 1378 499 1414 ita
525 1377 686 1426 corrupit
711 1377 887 1414 distichon
909 1377 1101 1426 pulchrum
1123 1381 1160 1412 et
1180 1375 1286 1412 facile
1311 1376 1495 1413 intellectu
1521 1376 1559 1414 in

117 1441 215 1479 hune
238 1439 405 1477 modum:
432 1440 636 1477 Institerint
659 1451 797 1476 nonae.-
824 1440 896 1475 nisi
920 1440 969 1475 sit
994 1437 1060 1475 tibi
1083 1436 1228 1474 nubilus
1255 1448 1319 1474 aer

478 1503 595 1549 Signa
618 1500 758 1538 dabunt
780 1500 909 1538 imbres
932 1501 1112 1536 exoriente
1134 1498 1217 1544 lyra

118 1565 252 1603 abusus
280 1569 338 1601 est
363 1575 436 1601 non
463 1563 756 1599 uiolentissimum
783 1564 818 1598 in
846 1561 1006 1608 modum,
1033 1560 1098 1597 sed
1124 1560 1209 1596 data
1236 1571 1348 1609 opera
1372 1560 1560 1610 scripturis

116 1628 249 1665 codicis
262 1626 464 1673 Petauiani,
491 1637 581 1675 quas
603 1623 698 1660 uide.
736 1623 940 1660 Ridiculum
960 1622 1058 1658 foret
1077 1629 1206 1670 putare
1226 1633 1270 1657 ex
1288 1620 1357 1657 hac
1380 1621 1559 1671 scriptura

116 1701 215 1740 quae
240 1689 360 1726 uerbis
385 1695 490 1724 tenus
516 1686 664 1735 intelligi
691 1692 811 1735 potest
837 1684 922 1721 oriri
947 1684 1109 1733 potuisse
1134 1682 1383 1721 Petauianam.
1433 1683 1559 1721 Simile

118 1758 174 1789 est
207 1755 244 1798 1,
269 1753 357 1788 381.
417 1749 526 1786 Solus
553 1747 773 1784 Petauianus
808 1745 881 1792 (cs.
911 1752 1030 1781 tamen
1056 1756 1170 1794 supra
1195 1757 1234 1795 p.
1251 1745 1446 1792 ccnxxv)
1471 1745 1558 1783 siin-

117 1813 347 1864 plicissimam
374 1818 412 1848 et
437 1809 776 1861 praestantissimam
804 1807 1018 1856 scripturam
1045 1806 1177 1844 babet:

311 1876 438 1911 Pascit
461 1874 542 1910 ouis
567 1874 697 1920 prato:
722 1868 894 1906 uerbenas
920 1867 1083 1918 improba
1105 1870 1254 1918 carpsit,

118 1936 218 1974 euius
244 1936 421 1972 rationem
455 1932 721 1983 grammaticam
750 1943 861 1981 supra
887 1929 1080 1980 aliquando
1106 1929 1269 1968 defendi.
1321 1930 1368 1966 At
1392 1929 1556 1968 Vrsini&-

117 2010 186 2035 nus
211 2009 292 2034 cum
318 1997 373 2034 sui
397 1995 588 2033 similibus:

477 2057 599 2094 Poscit
624 2067 725 2091 ouem
749 2053 872 2101 fatum
897 2060 989 2091 caet.

116 2120 255 2159 nefaria
272 2119 498 2163 dexteritate,
525 2118 656 2154 abusus
675 2117 818 2167 reliquis
835 2117 1033 2166 scripturae
1048 2113 1321 2162 discriminibus,
1345 2125 1440 2164 quae
1455 2112 1549 2151 uide.

116 2183 172 2222 lb.
199 2196 236 2219 u.
271 2185 345 2219 393
377 2179 582 2226 racemiferi
618 2185 672 2215 est
706 2191 751 2215 ex
786 2179 862 2216 aliis
899 2185 1030 2227 poetae
1063 2175 1162 2214 locis.
1227 2176 1280 2213 lb.
1308 2189 1342 2211 u.
1374 2175 1447 2212 454
1470 2176 1550 2224 quis

116 2256 252 2294 quaeso
270 2257 337 2294 pro
353 2242 480 2281 Inachi
499 2240 602 2277 lauta
628 2240 784 2276 scribere
810 2240 941 2289 potuit,
966 2246 1008 2276 ut
1032 2245 1087 2276 est
1113 2239 1148 2276 in
1166 2239 1263 2286 Vrs.‚
1289 2235 1548 2280 Inachiac—ca,

115 2306 215 2355 quod
241 2307 371 2343 clarius
398 2305 507 2341 habet
524 2303 665 2340 Mazar.
692 2313 816 2346 uacca,
843 2302 908 2337 nisi
933 2301 1104 2338 scelestus
1128 2295 1392 2350 interpolator?
1417 2296 1549 2346 ecquid

116 2368 261 2404 similius
296 2366 482 2404 Puccianis
519 2372 555 2402 et
587 2364 816 2400 Pontanianis
859 2363 1104 2399 uenustatibus
1145 2360 1295 2397 inueniri
1337 2360 1469 2407 poterit
1510 2359 1548 2395 in

117 2430 227 2465 caseis
254 2425 498 2466 membranis?
524 2426 604 2462 Lib.
628 2429 666 2473 2,
686 2427 760 2461 410
787 2425 870 2461 uolo
897 2424 1073 2474 perpendi
1097 2435 1181 2459 num
1207 2428 1279 2457 tres
1306 2419 1354 2455 illi
1381 2419 1549 2455 coniura-

117 2496 214 2527 tores
241 2491 323 2527 Vrs.
351 2489 491 2526 Zulich.
520 2488 616 2525 Maz.
642 2487 749 2523 fidem
777 2493 983 2523 mereantur
1014 2485 1049 2521 in
1083 2485 1257 2533 scriptura
1287 2481 1436 2517 mirifica
1463 2483 1551 2518 Ru-

116 2554 216 2589 mina
243 2551 355 2600 licus,
382 2564 489 2601 quam
515 2562 580 2587 cur
607 2560 753 2586 necesse
780 2560 851 2585 non
876 2548 923 2584 sit
949 2547 1127 2596 recipere,
1153 2544 1298 2581 memini
1320 2554 1377 2579 me
1403 2542 1548 2579 docere.

117 2614 171 2652 lb.
201 2628 237 2651 u.
259 2616 333 2652 647
358 2613 559 2663 speciosum
591 2619 645 2649 est
676 2611 710 2646 iu
739 2610 820 2647 Vrs.
847 2610 982 2646 inuitat
1007 2608 1133 2645 cortice
1158 2603 1344 2653 timuimus,
1373 2615 1441 2654 pro
1467 2603 1550 2640 uul-
