1685 2954
671 119 861 147 MARTlvs
1394 117 1502 147 xmn

42 223 148 260 cuius
174 220 403 259 dedicatione
427 217 676 268 feriarumque
700 218 940 267 conceptione
959 217 1162 256 celebratos
1184 215 1310 254 fuisse.
1356 216 1415 256 De
1434 217 1503 254 Hi-

42 284 226 335 spaniensi
253 282 369 321 reditu
397 279 575 318 eiusmodi
595 279 680 330 quid
702 280 872 329 augurari
899 279 1045 317 uidetur
1064 279 1236 315 Horatius
1254 291 1366 316 carm.
1386 281 1425 326 3,
1442 280 1503 326 14,

43 336 150 382 Anno
176 346 224 384 V.
251 346 294 382 C.
322 342 397 380 735
433 342 543 380 rebus
569 342 717 378 orientis
754 343 891 391 pacatis
927 353 991 378 ara
1018 341 1208 377 Fortunae
1233 340 1374 378 Reduci
1400 339 1504 376 dedi-

42 413 139 455 cata,
166 407 237 444 Dio
262 405 326 452 54,
356 407 428 453 103
458 403 543 441 fast.
571 405 744 441 Amitern.
773 403 823 440 lv
850 402 904 439 ld.
932 402 1086 440 Octobr.
1114 406 1218 439 Anno
1245 403 1317 439 741
1347 415 1429 439 cum
1456 413 1504 439 ex

42 470 165 506 Gallia
190 466 374 510 rediisset,
402 478 466 503 ara
491 464 597 502 Pacis
625 466 838 512 constituta,
879 465 954 502 uid.
981 464 1112 501 lemma
1139 465 1224 501 fast.
1253 464 1425 501 Amitern.
1453 464 1504 501 1V

42 530 141 568 Non.
168 529 236 566 Iul.
279 527 452 565 Proximo
485 539 581 564 anno
615 540 706 565 coss.
735 527 778 564 P.
806 527 971 577 Sulpicio
999 526 1167 570 Quirinio
1194 526 1238 563 C.
1270 527 1420 575 Valgio,
1456 526 1505 564 de

41 591 171 641 quibus
198 589 271 627 uid.
300 590 416 639 Fogg.
440 593 559 640 p.23‚
579 590 642 634 24,
669 595 752 639 post
775 588 928 625 reditum
957 601 1001 625 ex
1027 588 1246 637 Campania,
1271 587 1341 624 Dio
1361 590 1425 636 54,
1438 591 1504 637 28,

40 645 66 700 ἦ
89 645 318 701 σύγκλητος
334 648 478 700 βωμὸν
498 646 637 699 Τύχης
654 647 858 699 Σωτείρας
881 646 1144 699 καθιέρωσεν,
1170 649 1370 687 secundum
1394 663 1503 699 grae-

39 725 122 750 cum
145 714 350 764 exemplum
369 714 592 751 monumenti
612 714 792 762 Ancyrani
812 713 847 750 in
869 712 1004 750 Pisidia
1026 717 1234 762 repertum:
1263 710 1336 747 uid.
1353 711 1503 751 Discou.

39 774 76 811 in
105 777 164 813 As.
192 777 278 813 min.
305 780 344 824 2,
371 778 447 813 426
476 782 513 814 et
541 778 630 812 Acta
656 776 801 812 minora
829 774 940 811 Acad.
968 774 1092 811 Berol.
1122 773 1253 810 mensis
1282 773 1361 810 lun.
1389 775 1503 823 1839,

39 849 78 887 p.
100 839 188 874 104:
229 839 334 874 Anno
362 840 437 875 745
463 843 617 889 propter
643 837 800 874 reditum
827 848 872 873 ex
899 836 1029 872 Gallia
1055 835 1185 872 iterum
1212 846 1277 870 ara
1306 833 1411 870 Pacis
1438 834 1505 871 de-

39 897 160 935 dicata
186 899 234 936 111
263 899 326 936 Kl'
354 900 466 939 Febr.
495 906 587 937 teste
614 898 744 936 Verrio
770 898 910 934 Flacco
936 898 972 933 in
998 896 1083 933 fast.
1111 895 1301 932 Praenest.
1353 896 1430 933 Iam
1456 896 1506 934 111

39 958 102 997 ΚΡ
130 961 222 1010 Apr.
248 971 349 998 aram
376 961 482 998 Pacis
508 961 617 998 etiam
642 964 906 997 commemorat
932 957 1113 1005 Ouidius,
1138 957 1214 994 Dio
1241 964 1364 994 autem
1392 971 1504 996 unum

39 1027 232 1071 praeterea
259 1023 414 1060 reditum
441 1035 487 1061 ex
512 1022 607 1059 bello
627 1021 839 1059 Pannonico
859 1021 926 1069 55,
948 1021 1019 1058 34:
1045 1016 1113 1057 καὶ
1139 1015 1202 1057 ἐπὶ
1235 1019 1286 1071 τῇ
1314 1015 1504 1073 ἐπανόδῳ

40 1078 84 1119 αἱ
106 1080 254 1121 θυσίαι
278 1080 412 1134 ὥσπερ
432 1082 475 1122 ἔκ
496 1079 693 1132 πολεμίας
714 1079 823 1127 τινὸς
841 1076 1193 1132 ἀνακομισθέντος
1215 1077 1503 1133 ἐτελέσθησαν.

41 1144 143 1181 Haec
179 1145 259 1195 ipsa
296 1147 434 1194 uerba,
469 1140 603 1196 ὥσπερ
631 1142 674 1183 ἐκ
705 1141 924 1194 πολεμίας,
961 1156 1049 1181 arae
1073 1143 1178 1181 Pacis
1206 1144 1397 1182 dedicatae
1429 1158 1504 1183 non

40 1207 137 1244 male
163 1208 398 1244 conueniunt.
452 1207 529 1245 Sed
556 1207 753 1245 uidendum
780 1213 836 1245 est
861 1207 908 1244 de
933 1219 1079 1255 mense,
1106 1219 1181 1257 quo
1208 1207 1391 1256 Augustus
1417 1213 1505 1245 tunc

40 1267 201 1305 redierit.
245 1268 400 1318 Scripsit
425 1268 487 1306 illa
512 1269 583 1307 Dio
611 1270 658 1308 de
684 1282 781 1307 anno
801 1269 852 1308 V.
873 1269 920 1306 C.
937 1270 1029 1317 761,
1055 1281 1129 1319 quo
1156 1275 1258 1318 gesta
1286 1268 1378 1306 haec
1403 1281 1505 1307 com-

39 1336 244 1367 memorat:
278 1331 435 1381 primum
472 1331 518 1368 ad
555 1344 684 1383 pacem
721 1337 866 1370 coactos
899 1330 1111 1368 Pannonios
1136 1331 1280 1368 Batone
1315 1331 1432 1381 primo
1467 1337 1506 1369 et

39 1391 194 1430 Pinnete
219 1392 394 1441 ducibus,
431 1393 498 1430 csr.
527 1393 658 1432 Vellei.
688 1398 727 1443 2,
757 1395 850 1431 114:
890 1393 1023 1431 deinde
1048 1394 1250 1444 Augustum
1277 1394 1505 1431 comitiorum

36 1454 281 1491 consularium
317 1462 507 1505 tempore,
542 1455 613 1493 hoc
648 1463 704 1494 est
736 1456 832 1493 circa
856 1456 995 1493 Maium
1030 1455 1109 1493 sere
1135 1469 1313 1503 mensem,
1340 1455 1388 1501 (si
1414 1456 1505 1493 lulio

39 1529 165 1554 mense
192 1518 421 1567 magistratus
449 1524 683 1566 crearentur,
717 1530 800 1555 sero
834 1517 870 1555 id
903 1517 982 1554 fieri
1011 1518 1305 1563 existimabatur,
1342 1518 1413 1554 Dio
1439 1519 1506 1567 40,

41 1580 113 1628 173
140 1579 227 1627 45,)
263 1586 495 1629 praesentem
521 1579 667 1631 quidem
690 1580 833 1617 Romae
859 1579 993 1629 fuisse,
1029 1581 1074 1616 ab
1110 1580 1150 1617 iis
1178 1586 1300 1617 tamen
1325 1593 1365 1618 se
1390 1581 1506 1618 absti-

0 1655 1 1660 ¹
43 1641 183 1689 nuisse3
220 1653 302 1677 nam
332 1641 397 1678 nisi
424 1654 598 1691 praesens
625 1642 776 1691 suisset,
802 1643 967 1693 ineptum
995 1648 1075 1679 erat
1100 1642 1170 1679 hoc
1196 1649 1347 1680 notare:
1382 1643 1505 1680 nouis·

43 1701 134 1739 sime
160 1703 368 1740 Pannonios
393 1705 588 1742 rebellasse
622 1705 689 1741 sub
727 1705 841 1742 altero
869 1704 1013 1741 Batone
1038 1711 1076 1741 et
1103 1705 1164 1740 uix
1191 1717 1235 1741 eo
1262 1717 1359 1741 anno
1385 1717 1407 1741 a
1432 1705 1506 1742 Sil-

0 1757 1 1773 ³
45 1774 140 1798 uano
168 1764 354 1800 coercitos.
400 1765 522 1802 Medio
548 1767 644 1803 inter
670 1765 762 1803 haec
787 1767 867 1803 loco
892 1772 1062 1803 narratur
1082 1768 1284 1816 Augustum
1306 1767 1504 1803 Ariminum

0 1834 1 1845 ¹
45 1824 250 1874 profectum
278 1832 450 1862 euentum
479 1828 563 1863 belli
588 1834 839 1876 exspectasse,
866 1827 1020 1875 deinde,
1048 1828 1097 1864 uti
1118 1829 1312 1878 exscripsi,
1340 1827 1502 1867 rediisse.

43 1885 206 1923 Necesse
232 1893 288 1923 est
313 1887 444 1937 igitur,
482 1888 628 1925 redierit
653 1895 714 1925 aut
744 1896 829 1925 ante
855 1890 998 1926 comitia
1026 1890 1296 1938 magistratibus
1323 1890 1503 1939 creandis,

43 1954 107 1986 aut
131 1949 199 1985 sub
225 1948 335 1985 finem
362 1950 458 1986 anni.
513 1949 588 1987 Sed
615 1949 764 1986 dubium
792 1962 871 1988 esse
898 1965 970 1988 non
998 1958 1141 2002 potest,
1169 1953 1254 2001 quin
1282 1953 1394 2002 priori
1419 1952 1506 1990 anni

42 2017 161 2060 parte.
215 2010 312 2047 Nam
338 2019 422 2061 post
450 2012 560 2048 uerba
588 2012 648 2048 illa
674 2025 806 2061 graece
833 2025 854 2049 a
882 2026 940 2050 me
965 2014 1085 2063 posita
1112 2014 1243 2063 legitur
1269 2014 1403 2051 ταῦτα
1427 2012 1503 2063 μέν

43 2069 86 2109 ἐν
113 2072 162 2123 τῇ
183 2065 321 2123 Ῥώμῃ
349 2068 555 2123 ἐπράχθη.
609 2076 709 2113 Tum
744 2076 892 2113 rebellio
920 2075 1070 2112 Batonis
1104 2076 1279 2126 sequitur.
1332 2078 1411 2114 Hoc
1443 2078 1506 2114 in-

43 2140 131 2184 epte
155 2134 274 2179 fieret,
301 2135 332 2172 si
358 2142 515 2186 propter
543 2149 623 2174 eam
650 2139 883 2177 rebellionem
907 2138 1027 2174 Roma
1054 2138 1240 2188 profectus
1267 2145 1362 2176 esset
1381 2140 1506 2189 Augu-

42 2202 145 2234 stus:
182 2196 370 2247 profectus
396 2198 504 2247 igitur
530 2206 585 2236 est
610 2201 722 2250 priori
750 2201 870 2246 bello,
909 2200 1017 2236 rediit
1043 2201 1111 2236 sub
1139 2206 1282 2250 tempus
1308 2202 1407 2250 pacis
1432 2201 1507 2238 ini-

44 2265 127 2308 tae,
164 2260 243 2296 siue
276 2259 482 2308 ineundae,
521 2262 818 2312 quandoquidem
853 2263 1050 2310 insequenti
1084 2266 1223 2298 aestate
1256 2274 1335 2298 eam
1361 2263 1507 2312 petiisse

42 2320 254 2358 Pannonios
289 2321 400 2358 tradit
428 2322 599 2360 Velleius.
652 2324 752 2360 Nihil
789 2324 898 2361 credo
925 2324 1095 2371 obstare,
1131 2323 1217 2373 quin
1245 2325 1427 2373 Augustus
1459 2325 1505 2361 ΙΙΙ

42 2381 107 2421 Kl’
133 2383 276 2434 Apriles
303 2383 388 2420 anni
413 2383 460 2420 V.
489 2384 533 2422 C.
563 2387 635 2422 761
664 2386 827 2432 rediisse,
856 2398 974 2435 eoque
1001 2384 1059 2421 die
1085 2397 1148 2421 ara
1175 2385 1278 2422 Pacis
1306 2388 1506 2423 constituta

44 2451 207 2494 putetur.
260 2445 361 2482 Fasti
386 2445 561 2484 Maffeani
588 2455 664 2484 tum
691 2449 761 2484 iam
789 2447 955 2498 pridem,
999 2447 1050 2483 uti
1087 2447 1358 2496 demonstraui,
1395 2448 1507 2498 lapidi

22 2506 216 2562 'insculpti
241 2513 367 2545 erant:
404 2507 584 2559 Ouidius,
619 2511 682 2561 qui
706 2510 773 2547 sub
800 2510 909 2547 finem
939 2511 1014 2546 eius
1041 2510 1126 2545 anni
1153 2509 1296 2546 demum
1324 2511 1506 2560 relegatus

46 2575 129 2616 est,
165 2581 242 2606 rem
278 2569 428 2607 carmini
461 2571 625 2609 intexere
658 2573 790 2622 potuit.
842 2573 1018 2609 Extremo
1045 2573 1176 2608 mensis
1202 2571 1260 2608 die
1287 2571 1385 2621 quod
1413 2570 1506 2609 Oui-

49 2629 130 2667 dius
155 2643 297 2668 sacrum
323 2632 452 2670 Lunae
477 2633 514 2670 in
541 2634 722 2670 Auentino
749 2641 1030 2682 commemorat,
1057 2634 1182 2671 tabula
1207 2632 1393 2670 Maffeaua
1419 2639 1516 2675 nota,

12 2709 14 2711 v
49 2691 127 2729 eius
153 2693 207 2731 rei
234 2694 331 2732 omui
357 2700 473 2744 caret,
499 2695 549 2733 ita
569 2695 746 2746 intelligo,
774 2702 813 2733 ut
835 2694 1005 2746 Ouidius,
1032 2697 1083 2737 uti
1110 2696 1332 2747 saepissime,
1357 2695 1409 2733 rei
1428 2705 1504 2731 me-
