<?xml version="1.0" encoding="UTF-8"?>
<!DOCTYPE html PUBLIC "-//W3C//DTD XHTML 1.0 Transitional//EN"
    "http://www.w3.org/TR/xhtml1/DTD/xhtml1-transitional.dtd">
<html xmlns="http://www.w3.org/1999/xhtml" xml:lang="en" lang="en">
 <head>
  <title>
</title>
<meta http-equiv="Content-Type" content="text/html;charset=utf-8" />
  <meta name='ocr-system' content='tesseract 3.04.00' />
  <meta name='ocr-capabilities' content='ocr_page ocr_carea ocr_par ocr_line ocrx_word'/>
</head>
<body>
  <div class='ocr_page' id='page_1' title='image "./fastorumlibrisex00oviduoft_0087.png"; bbox 0 0 1685 2954; ppageno 0'>
   <div class='ocr_carea' id='block_1_1' title="bbox 660 89 1497 120">
    <p class='ocr_par' dir='ltr' id='par_1_1' title="bbox 660 89 1497 120">
     <span class='ocr_line' id='line_1_1' title="bbox 660 89 1497 120; baseline -0.002 0"><span class='ocrx_word' id='word_1_1' title='bbox 660 90 859 120; x_wconf 73' lang='lat' dir='ltr'>HISTORIA</span> <span class='ocrx_word' id='word_1_2' title='bbox 1359 89 1497 119; x_wconf 79' lang='lat' dir='ltr'>Lxxlx</span> 
     </span>
    </p>
   </div>
   <div class='ocr_carea' id='block_1_2' title="bbox 50 187 1509 2721">
    <p class='ocr_par' dir='ltr' id='par_1_2' title="bbox 50 187 1509 2721">
     <span class='ocr_line' id='line_1_2' title="bbox 51 187 1496 240; baseline -0.003 -8"><span class='ocrx_word' id='word_1_3' title='bbox 51 194 150 236; x_wconf 86' lang='lat' dir='ltr'>dium</span> <span class='ocrx_word' id='word_1_4' title='bbox 169 205 192 231; x_wconf 85' lang='lat' dir='ltr'>a</span> <span class='ocrx_word' id='word_1_5' title='bbox 210 192 376 231; x_wconf 83' lang='lat' dir='ltr'>Varrone</span> <span class='ocrx_word' id='word_1_6' title='bbox 397 190 579 240; x_wconf 84' lang='lat' dir='ltr'>accepisse.</span> <span class='ocrx_word' id='word_1_7' title='bbox 605 190 830 238; x_wconf 74' lang='lat' dir='ltr'>existimabo,</span> <span class='ocrx_word' id='word_1_8' title='bbox 856 191 963 227; x_wconf 80' lang='lat' dir='ltr'>etiam</span> <span class='ocrx_word' id='word_1_9' title='bbox 990 187 1079 227; x_wconf 88' lang='lat' dir='ltr'>illud</span> <span class='ocrx_word' id='word_1_10' title='bbox 1104 187 1151 225; x_wconf 86' lang='lat' dir='ltr'>de</span> <span class='ocrx_word' id='word_1_11' title='bbox 1170 187 1382 226; x_wconf 85' lang='lat' dir='ltr'>decemuiris</span> <span class='ocrx_word' id='word_1_12' title='bbox 1408 202 1496 228; x_wconf 91' lang='lat' dir='ltr'>con-</span> 
     </span>
     <span class='ocr_line' id='line_1_3' title="bbox 50 249 1496 298; baseline -0.003 -4"><span class='ocrx_word' id='word_1_13' title='bbox 50 257 143 294; x_wconf 84' lang='lat' dir='ltr'><strong>sueti</strong></span> <span class='ocrx_word' id='word_1_14' title='bbox 169 255 303 292; x_wconf 82' lang='lat' dir='ltr'>ordinis</span> <span class='ocrx_word' id='word_1_15' title='bbox 329 253 547 291; x_wconf 79' lang='lat' dir='ltr'>auctoribus.</span> <span class='ocrx_word' id='word_1_16' title='bbox 599 251 695 288; x_wconf 86' lang='lat' dir='ltr'>Nam</span> <span class='ocrx_word' id='word_1_17' title='bbox 719 251 850 298; x_wconf 81' lang='lat' dir='ltr'>Varro,</span> <span class='ocrx_word' id='word_1_18' title='bbox 882 251 911 287; x_wconf 87' lang='lat' dir='ltr'>si</span> <span class='ocrx_word' id='word_1_19' title='bbox 936 251 1044 289; x_wconf 90' lang='lat' dir='ltr'>modo</span> <span class='ocrx_word' id='word_1_20' title='bbox 1070 263 1114 289; x_wconf 90' lang='lat' dir='ltr'>ex</span> <span class='ocrx_word' id='word_1_21' title='bbox 1141 251 1207 288; x_wconf 90' lang='lat' dir='ltr'>illis</span> <span class='ocrx_word' id='word_1_22' title='bbox 1233 249 1279 287; x_wconf 88' lang='lat' dir='ltr'>de</span> <span class='ocrx_word' id='word_1_23' title='bbox 1303 251 1496 290; x_wconf 88' lang='lat' dir='ltr'>intercala-</span> 
     </span>
     <span class='ocr_line' id='line_1_4' title="bbox 51 313 1498 366; baseline -0.003 -10"><span class='ocrx_word' id='word_1_24' title='bbox 51 319 162 356; x_wconf 77' lang='lat' dir='ltr'>tionis</span> <span class='ocrx_word' id='word_1_25' title='bbox 190 317 328 366; x_wconf 87' lang='lat' dir='ltr'>origine</span> <span class='ocrx_word' id='word_1_26' title='bbox 363 313 503 351; x_wconf 88' lang='lat' dir='ltr'>iudiciis</span> <span class='ocrx_word' id='word_1_27' title='bbox 529 326 549 350; x_wconf 88' lang='lat' dir='ltr'>a</span> <span class='ocrx_word' id='word_1_28' title='bbox 577 313 764 349; x_wconf 86' lang='lat' dir='ltr'>Macrobio</span> <span class='ocrx_word' id='word_1_29' title='bbox 792 316 828 360; x_wconf 90' lang='grc'>1,</span> <span class='ocrx_word' id='word_1_30' title='bbox 852 314 910 356; x_wconf 84' lang='grc'>13,</span> <span class='ocrx_word' id='word_1_31' title='bbox 938 325 976 362; x_wconf 87' lang='lat' dir='ltr'>p.</span> <span class='ocrx_word' id='word_1_32' title='bbox 995 316 1083 360; x_wconf 81' lang='lat'>253,</span> <span class='ocrx_word' id='word_1_33' title='bbox 1109 313 1498 352; x_wconf 74' lang='lat' dir='ltr'>254·c0mmem0ratis</span> 
     </span>
     <span class='ocr_line' id='line_1_5' title="bbox 52 373 1498 428; baseline -0.003 -10"><span class='ocrx_word' id='word_1_34' title='bbox 52 381 190 417; x_wconf 87' lang='lat' dir='ltr'>nullum</span> <span class='ocrx_word' id='word_1_35' title='bbox 218 377 417 428; x_wconf 74' lang='lat' dir='ltr'>ignorauit,</span> <span class='ocrx_word' id='word_1_36' title='bbox 435 388 517 412; x_wconf 89' lang='lat' dir='ltr'>cum</span> <span class='ocrx_word' id='word_1_37' title='bbox 538 375 708 411; x_wconf 87' lang='lat' dir='ltr'>Fuluium</span> <span class='ocrx_word' id='word_1_38' title='bbox 730 373 953 410; x_wconf 76' lang='lat' dir='ltr'>Nobiliorem</span> <span class='ocrx_word' id='word_1_39' title='bbox 979 374 1175 422; x_wconf 80' lang='lat' dir='ltr'><strong>refelleret,</strong></span> <span class='ocrx_word' id='word_1_40' title='bbox 1202 375 1423 427; x_wconf 80' lang='lat' dir='ltr'>doceretque</span> <span class='ocrx_word' id='word_1_41' title='bbox 1442 377 1498 414; x_wconf 90' lang='lat' dir='ltr'>in-</span> 
     </span>
     <span class='ocr_line' id='line_1_6' title="bbox 52 435 1498 486; baseline -0.001 -7"><span class='ocrx_word' id='word_1_42' title='bbox 52 441 264 478; x_wconf 84' lang='lat' dir='ltr'>tercalatum</span> <span class='ocrx_word' id='word_1_43' title='bbox 298 439 368 475; x_wconf 89' lang='lat' dir='ltr'>iam</span> <span class='ocrx_word' id='word_1_44' title='bbox 404 449 500 474; x_wconf 89' lang='lat' dir='ltr'>anno</span> <span class='ocrx_word' id='word_1_45' title='bbox 534 436 584 475; x_wconf 91' lang='lat' dir='ltr'>V.</span> <span class='ocrx_word' id='word_1_46' title='bbox 613 437 658 474; x_wconf 89' lang='lat' dir='ltr'>C.</span> <span class='ocrx_word' id='word_1_47' title='bbox 686 438 759 472; x_wconf 88' lang='lat'>281</span> <span class='ocrx_word' id='word_1_48' title='bbox 796 435 840 472; x_wconf 88' lang='lat' dir='ltr'>L.</span> <span class='ocrx_word' id='word_1_49' title='bbox 869 435 1017 473; x_wconf 89' lang='lat' dir='ltr'>Pinario</span> <span class='ocrx_word' id='word_1_50' title='bbox 1042 436 1283 486; x_wconf 88' lang='lat' dir='ltr'>Mamercino,</span> <span class='ocrx_word' id='word_1_51' title='bbox 1316 438 1359 476; x_wconf 94' lang='lat' dir='ltr'>P.</span> <span class='ocrx_word' id='word_1_52' title='bbox 1386 440 1498 478; x_wconf 87' lang='lat' dir='ltr'>Furio</span> 
     </span>
     <span class='ocr_line' id='line_1_7' title="bbox 53 497 1500 551; baseline -0.001 -10"><span class='ocrx_word' id='word_1_53' title='bbox 53 516 159 548; x_wconf 68' lang='lat' dir='ltr'>coss„</span> <span class='ocrx_word' id='word_1_54' title='bbox 184 500 288 538; x_wconf 90' lang='lat' dir='ltr'>simul</span> <span class='ocrx_word' id='word_1_55' title='bbox 308 500 564 549; x_wconf 87' lang='lat' dir='ltr'>Sempronium</span> <span class='ocrx_word' id='word_1_56' title='bbox 585 497 813 534; x_wconf 85' lang='lat' dir='ltr'><strong>Tuditanum</strong></span> <span class='ocrx_word' id='word_1_57' title='bbox 840 504 877 534; x_wconf 90' lang='lat' dir='ltr'>et</span> <span class='ocrx_word' id='word_1_58' title='bbox 897 498 1061 535; x_wconf 85' lang='lat' dir='ltr'>Cassium</span> <span class='ocrx_word' id='word_1_59' title='bbox 1088 499 1278 536; x_wconf 88' lang='lat' dir='ltr'>Heminam</span> <span class='ocrx_word' id='word_1_60' title='bbox 1303 501 1500 551; x_wconf 77' lang='lat' dir='ltr'>redarguit,</span> 
     </span>
     <span class='ocr_line' id='line_1_8' title="bbox 54 559 1501 616; baseline -0.001 -14"><span class='ocrx_word' id='word_1_61' title='bbox 54 566 115 616; x_wconf 91' lang='lat' dir='ltr'>qui</span> <span class='ocrx_word' id='word_1_62' title='bbox 140 562 369 600; x_wconf 88' lang='lat' dir='ltr'>decemuiros</span> <span class='ocrx_word' id='word_1_63' title='bbox 395 562 533 611; x_wconf 83' lang='lat' dir='ltr'>legibus</span> <span class='ocrx_word' id='word_1_64' title='bbox 559 559 758 596; x_wconf 83' lang='lat' dir='ltr'><strong>scribendis</strong></span> <span class='ocrx_word' id='word_1_65' title='bbox 785 567 951 597; x_wconf 88' lang='lat' dir='ltr'>auctores</span> <span class='ocrx_word' id='word_1_66' title='bbox 977 560 1234 610; x_wconf 82' lang='lat' dir='ltr'>prodiderant:</span> <span class='ocrx_word' id='word_1_67' title='bbox 1261 561 1366 600; x_wconf 83' lang='lat' dir='ltr'>facile</span> <span class='ocrx_word' id='word_1_68' title='bbox 1392 564 1501 614; x_wconf 88' lang='lat' dir='ltr'>igitur</span> 
     </span>
     <span class='ocr_line' id='line_1_9' title="bbox 52 620 1500 674; baseline -0.001 -10"><span class='ocrx_word' id='word_1_69' title='bbox 52 633 130 664; x_wconf 85' lang='lat' dir='ltr'>erat</span> <span class='ocrx_word' id='word_1_70' title='bbox 154 624 326 674; x_wconf 86' lang='lat' dir='ltr'>suspicari</span> <span class='ocrx_word' id='word_1_71' title='bbox 363 623 429 660; x_wconf 88' lang='lat' dir='ltr'>hos</span> <span class='ocrx_word' id='word_1_72' title='bbox 463 621 563 659; x_wconf 80' lang='lat' dir='ltr'>aliud</span> <span class='ocrx_word' id='word_1_73' title='bbox 598 620 687 671; x_wconf 89' lang='lat' dir='ltr'>quid</span> <span class='ocrx_word' id='word_1_74' title='bbox 722 623 767 658; x_wconf 87' lang='lat' dir='ltr'>ab</span> <span class='ocrx_word' id='word_1_75' title='bbox 804 622 1076 659; x_wconf 77' lang='lat' dir='ltr'>intercalatione</span> <span class='ocrx_word' id='word_1_76' title='bbox 1110 635 1182 658; x_wconf 91' lang='lat' dir='ltr'>non</span> <span class='ocrx_word' id='word_1_77' title='bbox 1209 623 1366 660; x_wconf 87' lang='lat' dir='ltr'>alienum</span> <span class='ocrx_word' id='word_1_78' title='bbox 1391 626 1500 663; x_wconf 83' lang='lat' dir='ltr'>inno-</span> 
     </span>
     <span class='ocr_line' id='line_1_10' title="bbox 52 683 1499 734; baseline 0 -10"><span class='ocrx_word' id='word_1_79' title='bbox 52 698 169 724; x_wconf 84' lang='lat' dir='ltr'>nasse.</span> <span class='ocrx_word' id='word_1_80' title='bbox 222 685 374 734; x_wconf 80' lang='lat' dir='ltr'>Scripsit</span> <span class='ocrx_word' id='word_1_81' title='bbox 399 685 553 721; x_wconf 85' lang='lat' dir='ltr'>sortasse</span> <span class='ocrx_word' id='word_1_82' title='bbox 575 683 696 721; x_wconf 89' lang='lat' dir='ltr'>Varro</span> <span class='ocrx_word' id='word_1_83' title='bbox 725 684 771 719; x_wconf 79' lang='lat' dir='ltr'>ab</span> <span class='ocrx_word' id='word_1_84' title='bbox 799 683 852 720; x_wconf 87' lang='lat' dir='ltr'>his</span> <span class='ocrx_word' id='word_1_85' title='bbox 879 685 1034 734; x_wconf 86' lang='lat' dir='ltr'>primum</span> <span class='ocrx_word' id='word_1_86' title='bbox 1061 684 1310 721; x_wconf 82' lang='lat' dir='ltr'>intercalatum</span> <span class='ocrx_word' id='word_1_87' title='bbox 1338 698 1417 722; x_wconf 88' lang='lat' dir='ltr'>esse</span> <span class='ocrx_word' id='word_1_88' title='bbox 1441 689 1499 724; x_wconf 71' lang='lat' dir='ltr'>itr-</span> 
     </span>
     <span class='ocr_line' id='line_1_11' title="bbox 51 746 1501 795; baseline -0.001 -8"><span class='ocrx_word' id='word_1_89' title='bbox 51 754 106 787; x_wconf 78' lang='lat' dir='ltr'>ter</span> <span class='ocrx_word' id='word_1_90' title='bbox 128 760 284 786; x_wconf 80' lang='lat' dir='ltr'>mensem</span> <span class='ocrx_word' id='word_1_91' title='bbox 305 746 555 793; x_wconf 73' lang='lat' dir='ltr'>Februarium,</span> <span class='ocrx_word' id='word_1_92' title='bbox 582 748 643 795; x_wconf 79' lang='lat' dir='ltr'>qui</span> <span class='ocrx_word' id='word_1_93' title='bbox 668 750 752 782; x_wconf 74' lang='lat' dir='ltr'>tuuc</span> <span class='ocrx_word' id='word_1_94' title='bbox 777 750 868 783; x_wconf 80' lang='lat' dir='ltr'>esset</span> <span class='ocrx_word' id='word_1_95' title='bbox 888 750 1081 791; x_wconf 74' lang='lat' dir='ltr'>extremus,</span> <span class='ocrx_word' id='word_1_96' title='bbox 1107 751 1141 782; x_wconf 86' lang='lat' dir='ltr'>et</span> <span class='ocrx_word' id='word_1_97' title='bbox 1166 748 1258 783; x_wconf 76' lang='lat' dir='ltr'>inter</span> <span class='ocrx_word' id='word_1_98' title='bbox 1275 747 1367 784; x_wconf 77' lang='lat' dir='ltr'>Kal.</span> <span class='ocrx_word' id='word_1_99' title='bbox 1386 750 1501 786; x_wconf 84' lang='lat' dir='ltr'>Mur-</span> 
     </span>
     <span class='ocr_line' id='line_1_12' title="bbox 53 808 1501 860; baseline -0.001 -12"><span class='ocrx_word' id='word_1_100' title='bbox 53 813 143 859; x_wconf 75' lang='lat' dir='ltr'>tias,</span> <span class='ocrx_word' id='word_1_101' title='bbox 170 821 262 860; x_wconf 86' lang='lat' dir='ltr'>quae</span> <span class='ocrx_word' id='word_1_102' title='bbox 281 809 429 856; x_wconf 76' lang='lat' dir='ltr'>fueraut</span> <span class='ocrx_word' id='word_1_103' title='bbox 448 809 600 858; x_wconf 78' lang='lat' dir='ltr'>primae.</span> <span class='ocrx_word' id='word_1_104' title='bbox 648 809 749 844; x_wconf 82' lang='lat' dir='ltr'>Haec</span> <span class='ocrx_word' id='word_1_105' title='bbox 767 809 860 844; x_wconf 90' lang='lat' dir='ltr'>enim</span> <span class='ocrx_word' id='word_1_106' title='bbox 884 808 994 844; x_wconf 87' lang='lat' dir='ltr'>uerba</span> <span class='ocrx_word' id='word_1_107' title='bbox 1017 820 1061 845; x_wconf 86' lang='lat' dir='ltr'>ex</span> <span class='ocrx_word' id='word_1_108' title='bbox 1080 809 1156 845; x_wconf 90' lang='lat' dir='ltr'>eius</span> <span class='ocrx_word' id='word_1_109' title='bbox 1175 809 1368 858; x_wconf 89' lang='lat' dir='ltr'>epistolicis</span> <span class='ocrx_word' id='word_1_110' title='bbox 1388 822 1501 859; x_wconf 87' lang='lat' dir='ltr'>quae-</span> 
     </span>
     <span class='ocr_line' id='line_1_13' title="bbox 51 869 1502 920; baseline 0 -10"><span class='ocrx_word' id='word_1_111' title='bbox 51 873 225 910; x_wconf 88' lang='lat' dir='ltr'>stionibus</span> <span class='ocrx_word' id='word_1_112' title='bbox 261 878 436 920; x_wconf 79' lang='lat' dir='ltr'>excerpta</span> <span class='ocrx_word' id='word_1_113' title='bbox 467 871 628 906; x_wconf 87' lang='lat' dir='ltr'>seruauit</span> <span class='ocrx_word' id='word_1_114' title='bbox 657 869 807 906; x_wconf 89' lang='lat' dir='ltr'>Seruius</span> <span class='ocrx_word' id='word_1_115' title='bbox 834 870 879 906; x_wconf 90' lang='lat' dir='ltr'>ad</span> <span class='ocrx_word' id='word_1_116' title='bbox 907 871 1010 919; x_wconf 80' lang='lat' dir='ltr'>Virg.</span> <span class='ocrx_word' id='word_1_117' title='bbox 1038 882 1095 918; x_wconf 87' lang='lat' dir='ltr'>ge.</span> <span class='ocrx_word' id='word_1_118' title='bbox 1125 873 1162 917; x_wconf 92' lang='lat'>1,</span> <span class='ocrx_word' id='word_1_119' title='bbox 1182 872 1246 917; x_wconf 82' lang='lat'>43,</span> <span class='ocrx_word' id='word_1_120' title='bbox 1278 871 1345 908; x_wconf 89' lang='lat' dir='ltr'>sed</span> <span class='ocrx_word' id='word_1_121' title='bbox 1373 873 1502 910; x_wconf 88' lang='lat' dir='ltr'>leuiter</span> 
     </span>
     <span class='ocr_line' id='line_1_14' title="bbox 53 932 1504 984; baseline 0.001 -13"><span class='ocrx_word' id='word_1_122' title='bbox 53 940 225 984; x_wconf 88' lang='lat' dir='ltr'>corrupta</span> <span class='ocrx_word' id='word_1_123' title='bbox 252 933 322 970; x_wconf 82' lang='lat' dir='ltr'>ita:</span> <span class='ocrx_word' id='word_1_124' title='bbox 358 945 452 981; x_wconf 86' lang='lat' dir='ltr'>quae</span> <span class='ocrx_word' id='word_1_125' title='bbox 480 937 557 968; x_wconf 80' lang='lat' dir='ltr'>tum</span> <span class='ocrx_word' id='word_1_126' title='bbox 584 935 689 968; x_wconf 75' lang='lat' dir='ltr'>erant</span> <span class='ocrx_word' id='word_1_127' title='bbox 713 934 863 980; x_wconf 79' lang='lat' dir='ltr'>primae.</span> <span class='ocrx_word' id='word_1_128' title='bbox 916 932 1052 967; x_wconf 73' lang='lat' dir='ltr'>Verum</span> <span class='ocrx_word' id='word_1_129' title='bbox 1082 932 1117 968; x_wconf 92' lang='lat' dir='ltr'>id</span> <span class='ocrx_word' id='word_1_130' title='bbox 1145 932 1210 968; x_wconf 87' lang='lat' dir='ltr'>nisi</span> <span class='ocrx_word' id='word_1_131' title='bbox 1236 945 1294 981; x_wconf 90' lang='lat' dir='ltr'>eo,</span> <span class='ocrx_word' id='word_1_132' title='bbox 1319 946 1392 983; x_wconf 92' lang='lat' dir='ltr'>quo</span> <span class='ocrx_word' id='word_1_133' title='bbox 1418 940 1504 972; x_wconf 86' lang='lat' dir='ltr'>ten-</span> 
     </span>
     <span class='ocr_line' id='line_1_15' title="bbox 54 992 1502 1044; baseline 0.001 -11"><span class='ocrx_word' id='word_1_134' title='bbox 54 997 145 1044; x_wconf 84' lang='lat' dir='ltr'>taui,</span> <span class='ocrx_word' id='word_1_135' title='bbox 176 995 234 1032; x_wconf 90' lang='lat' dir='ltr'>uel</span> <span class='ocrx_word' id='word_1_136' title='bbox 261 995 330 1031; x_wconf 88' lang='lat' dir='ltr'>alio</span> <span class='ocrx_word' id='word_1_137' title='bbox 358 993 466 1031; x_wconf 89' lang='lat' dir='ltr'>modo</span> <span class='ocrx_word' id='word_1_138' title='bbox 493 992 728 1040; x_wconf 80' lang='lat' dir='ltr'>emendatur,</span> <span class='ocrx_word' id='word_1_139' title='bbox 758 993 956 1030; x_wconf 82' lang='lat' dir='ltr'>Varronem</span> <span class='ocrx_word' id='word_1_140' title='bbox 983 993 1172 1030; x_wconf 84' lang='lat' dir='ltr'>credamus</span> <span class='ocrx_word' id='word_1_141' title='bbox 1197 1001 1343 1044; x_wconf 87' lang='lat' dir='ltr'>oportet</span> <span class='ocrx_word' id='word_1_142' title='bbox 1368 1009 1502 1035; x_wconf 88' lang='lat' dir='ltr'>annum</span> 
     </span>
     <span class='ocr_line' id='line_1_16' title="bbox 53 1054 1501 1097; baseline 0.001 -2"><span class='ocrx_word' id='word_1_143' title='bbox 53 1059 200 1095; x_wconf 87' lang='lat' dir='ltr'>Numae</span> <span class='ocrx_word' id='word_1_144' title='bbox 226 1070 247 1093; x_wconf 88' lang='lat' dir='ltr'>a</span> <span class='ocrx_word' id='word_1_145' title='bbox 273 1056 406 1092; x_wconf 88' lang='lat' dir='ltr'>Martio</span> <span class='ocrx_word' id='word_1_146' title='bbox 434 1055 479 1090; x_wconf 87' lang='lat' dir='ltr'>ad</span> <span class='ocrx_word' id='word_1_147' title='bbox 507 1055 746 1091; x_wconf 80' lang='lat' dir='ltr'>Februarium</span> <span class='ocrx_word' id='word_1_148' title='bbox 773 1054 1025 1092; x_wconf 83' lang='lat' dir='ltr'>decurrentem</span> <span class='ocrx_word' id='word_1_149' title='bbox 1051 1062 1088 1092; x_wconf 90' lang='lat' dir='ltr'>et</span> <span class='ocrx_word' id='word_1_150' title='bbox 1112 1055 1318 1093; x_wconf 78' lang='lat' dir='ltr'>Ianuarium</span> <span class='ocrx_word' id='word_1_151' title='bbox 1341 1070 1501 1097; x_wconf 88' lang='lat' dir='ltr'>mensem</span> 
     </span>
     <span class='ocr_line' id='line_1_17' title="bbox 55 1116 1504 1169; baseline 0.001 -12"><span class='ocrx_word' id='word_1_152' title='bbox 55 1120 283 1157; x_wconf 87' lang='lat' dir='ltr'>undecimum</span> <span class='ocrx_word' id='word_1_153' title='bbox 312 1117 378 1153; x_wconf 88' lang='lat' dir='ltr'>sibi</span> <span class='ocrx_word' id='word_1_154' title='bbox 404 1116 574 1164; x_wconf 87' lang='lat' dir='ltr'>finxisse,</span> <span class='ocrx_word' id='word_1_155' title='bbox 612 1116 669 1152; x_wconf 90' lang='lat' dir='ltr'>cui</span> <span class='ocrx_word' id='word_1_156' title='bbox 702 1116 776 1163; x_wconf 84' lang='lat' dir='ltr'>rei,</span> <span class='ocrx_word' id='word_1_157' title='bbox 816 1125 855 1152; x_wconf 91' lang='lat' dir='ltr'>ut</span> <span class='ocrx_word' id='word_1_158' title='bbox 881 1116 1041 1166; x_wconf 84' lang='lat' dir='ltr'>Philarg.</span> <span class='ocrx_word' id='word_1_159' title='bbox 1069 1117 1114 1154; x_wconf 91' lang='lat' dir='ltr'>ad</span> <span class='ocrx_word' id='word_1_160' title='bbox 1142 1118 1242 1168; x_wconf 80' lang='lat' dir='ltr'>Virg.</span> <span class='ocrx_word' id='word_1_161' title='bbox 1275 1131 1332 1168; x_wconf 84' lang='lat' dir='ltr'>ge.</span> <span class='ocrx_word' id='word_1_162' title='bbox 1362 1124 1399 1169; x_wconf 77' lang='grc' dir='ltr'>ὃ,</span> <span class='ocrx_word' id='word_1_163' title='bbox 1427 1124 1504 1160; x_wconf 86' lang='grc'>304</span> 
     </span>
     <span class='ocr_line' id='line_1_18' title="bbox 54 1178 1504 1229; baseline 0.002 -11"><span class='ocrx_word' id='word_1_164' title='bbox 54 1181 231 1227; x_wconf 85' lang='lat' dir='ltr'>omittam,</span> <span class='ocrx_word' id='word_1_165' title='bbox 257 1191 340 1215; x_wconf 89' lang='lat' dir='ltr'>casu</span> <span class='ocrx_word' id='word_1_166' title='bbox 370 1178 528 1227; x_wconf 82' lang='lat' dir='ltr'>quodam</span> <span class='ocrx_word' id='word_1_167' title='bbox 553 1178 723 1214; x_wconf 81' lang='lat' dir='ltr'>conuenit</span> <span class='ocrx_word' id='word_1_168' title='bbox 750 1178 850 1213; x_wconf 90' lang='lat' dir='ltr'>locus</span> <span class='ocrx_word' id='word_1_169' title='bbox 878 1178 924 1214; x_wconf 89' lang='lat' dir='ltr'>de</span> <span class='ocrx_word' id='word_1_170' title='bbox 949 1178 974 1216; x_wconf 91' lang='lat' dir='ltr'>l.</span> <span class='ocrx_word' id='word_1_171' title='bbox 1001 1179 1027 1216; x_wconf 91' lang='lat' dir='ltr'>l.</span> <span class='ocrx_word' id='word_1_172' title='bbox 1055 1181 1093 1226; x_wconf 85' lang='lat'>6,</span> <span class='ocrx_word' id='word_1_173' title='bbox 1113 1179 1174 1223; x_wconf 82' lang='lat'>34,</span> <span class='ocrx_word' id='word_1_174' title='bbox 1201 1181 1262 1229; x_wconf 89' lang='lat' dir='ltr'>qui</span> <span class='ocrx_word' id='word_1_175' title='bbox 1289 1188 1407 1219; x_wconf 89' lang='lat' dir='ltr'>tamen</span> <span class='ocrx_word' id='word_1_176' title='bbox 1436 1196 1504 1220; x_wconf 89' lang='lat' dir='ltr'>nec</span> 
     </span>
     <span class='ocr_line' id='line_1_19' title="bbox 54 1240 1502 1292; baseline 0.001 -13"><span class='ocrx_word' id='word_1_177' title='bbox 54 1244 283 1280; x_wconf 88' lang='lat' dir='ltr'>coniecturae</span> <span class='ocrx_word' id='word_1_178' title='bbox 309 1247 454 1276; x_wconf 86' lang='lat' dir='ltr'>nostrae</span> <span class='ocrx_word' id='word_1_179' title='bbox 474 1241 614 1276; x_wconf 78' lang='lat' dir='ltr'>obstat:</span> <span class='ocrx_word' id='word_1_180' title='bbox 644 1241 698 1276; x_wconf 90' lang='lat' dir='ltr'>sui</span> <span class='ocrx_word' id='word_1_181' title='bbox 725 1240 820 1275; x_wconf 89' lang='lat' dir='ltr'>enim</span> <span class='ocrx_word' id='word_1_182' title='bbox 846 1240 1018 1289; x_wconf 81' lang='lat' dir='ltr'>temporis</span> <span class='ocrx_word' id='word_1_183' title='bbox 1041 1240 1202 1278; x_wconf 87' lang='lat' dir='ltr'>ordinem</span> <span class='ocrx_word' id='word_1_184' title='bbox 1225 1250 1386 1292; x_wconf 83' lang='lat' dir='ltr'>usurpat.</span> <span class='ocrx_word' id='word_1_185' title='bbox 1426 1246 1502 1284; x_wconf 88' lang='lat' dir='ltr'>Sed</span> 
     </span>
     <span class='ocr_line' id='line_1_20' title="bbox 55 1301 1504 1356; baseline 0.003 -15"><span class='ocrx_word' id='word_1_186' title='bbox 55 1305 302 1352; x_wconf 85' lang='lat' dir='ltr'>cuiuscunque</span> <span class='ocrx_word' id='word_1_187' title='bbox 324 1303 539 1338; x_wconf 77' lang='lat' dir='ltr'>sententiam</span> <span class='ocrx_word' id='word_1_188' title='bbox 560 1301 714 1338; x_wconf 84' lang='lat' dir='ltr'>Ouidius</span> <span class='ocrx_word' id='word_1_189' title='bbox 740 1302 776 1337; x_wconf 87' lang='lat' dir='ltr'>in</span> <span class='ocrx_word' id='word_1_190' title='bbox 796 1301 886 1337; x_wconf 88' lang='lat' dir='ltr'>libro</span> <span class='ocrx_word' id='word_1_191' title='bbox 909 1301 1067 1338; x_wconf 90' lang='lat' dir='ltr'>secundo</span> <span class='ocrx_word' id='word_1_192' title='bbox 1092 1304 1282 1352; x_wconf 85' lang='lat' dir='ltr'>expressit,</span> <span class='ocrx_word' id='word_1_193' title='bbox 1309 1306 1504 1356; x_wconf 85' lang='lat' dir='ltr'>aliquando</span> 
     </span>
     <span class='ocr_line' id='line_1_21' title="bbox 55 1364 1504 1413; baseline 0.003 -9"><span class='ocrx_word' id='word_1_194' title='bbox 55 1378 136 1404; x_wconf 87' lang='lat' dir='ltr'>eam</span> <span class='ocrx_word' id='word_1_195' title='bbox 163 1364 333 1402; x_wconf 89' lang='lat' dir='ltr'>deseruit.</span> <span class='ocrx_word' id='word_1_196' title='bbox 384 1364 479 1400; x_wconf 87' lang='lat' dir='ltr'>Nam</span> <span class='ocrx_word' id='word_1_197' title='bbox 506 1364 542 1399; x_wconf 92' lang='lat' dir='ltr'>in</span> <span class='ocrx_word' id='word_1_198' title='bbox 570 1364 661 1399; x_wconf 85' lang='lat' dir='ltr'>libro</span> <span class='ocrx_word' id='word_1_199' title='bbox 689 1364 821 1412; x_wconf 85' lang='lat' dir='ltr'>primo,</span> <span class='ocrx_word' id='word_1_200' title='bbox 849 1375 957 1413; x_wconf 90' lang='lat' dir='ltr'>quem</span> <span class='ocrx_word' id='word_1_201' title='bbox 983 1364 1099 1400; x_wconf 90' lang='lat' dir='ltr'>solum</span> <span class='ocrx_word' id='word_1_202' title='bbox 1126 1366 1172 1400; x_wconf 93' lang='lat' dir='ltr'>ab</span> <span class='ocrx_word' id='word_1_203' title='bbox 1199 1377 1243 1401; x_wconf 89' lang='lat' dir='ltr'>eo</span> <span class='ocrx_word' id='word_1_204' title='bbox 1269 1374 1504 1409; x_wconf 84' lang='lat' dir='ltr'>retractatum</span> 
     </span>
     <span class='ocr_line' id='line_1_22' title="bbox 56 1424 1504 1474; baseline 0.004 -10"><span class='ocrx_word' id='word_1_205' title='bbox 56 1427 332 1473; x_wconf 82' lang='lat' dir='ltr'>demonstrabo,</span> <span class='ocrx_word' id='word_1_206' title='bbox 369 1438 466 1462; x_wconf 89' lang='lat' dir='ltr'>uers.</span> <span class='ocrx_word' id='word_1_207' title='bbox 494 1426 544 1461; x_wconf 79' lang='lat'>44</span> <span class='ocrx_word' id='word_1_208' title='bbox 570 1438 694 1461; x_wconf 87' lang='lat' dir='ltr'>omnes</span> <span class='ocrx_word' id='word_1_209' title='bbox 731 1424 873 1461; x_wconf 80' lang='lat' dir='ltr'>codices</span> <span class='ocrx_word' id='word_1_210' title='bbox 902 1432 1048 1474; x_wconf 78' lang='lat' dir='ltr'>praeter</span> <span class='ocrx_word' id='word_1_211' title='bbox 1081 1425 1170 1462; x_wconf 90' lang='lat' dir='ltr'>leuis</span> <span class='ocrx_word' id='word_1_212' title='bbox 1196 1431 1367 1467; x_wconf 87' lang='lat' dir='ltr'>momenti</span> <span class='ocrx_word' id='word_1_213' title='bbox 1394 1432 1504 1469; x_wconf 85' lang='lat' dir='ltr'>inter-</span> 
     </span>
     <span class='ocr_line' id='line_1_23' title="bbox 56 1486 1505 1543; baseline 0.001 -18"><span class='ocrx_word' id='word_1_214' title='bbox 56 1489 199 1539; x_wconf 85' lang='lat' dir='ltr'>polatos</span> <span class='ocrx_word' id='word_1_215' title='bbox 236 1487 411 1537; x_wconf 85' lang='lat' dir='ltr'>quosdam</span> <span class='ocrx_word' id='word_1_216' title='bbox 447 1487 603 1523; x_wconf 76' lang='lat' dir='ltr'>habentz</span> <span class='ocrx_word' id='word_1_217' title='bbox 643 1489 920 1536; x_wconf 78' lang='lat' dir='ltr'>praeposuitque</span> <span class='ocrx_word' id='word_1_218' title='bbox 945 1486 1047 1524; x_wconf 66' lang='lat' dir='ltr'>datos.</span> <span class='ocrx_word' id='word_1_219' title='bbox 1102 1488 1218 1526; x_wconf 90' lang='lat' dir='ltr'>Huius</span> <span class='ocrx_word' id='word_1_220' title='bbox 1244 1504 1390 1543; x_wconf 86' lang='lat' dir='ltr'>quoque</span> <span class='ocrx_word' id='word_1_221' title='bbox 1426 1509 1505 1532; x_wconf 83' lang='lat' dir='ltr'>mu-</span> 
     </span>
     <span class='ocr_line' id='line_1_24' title="bbox 56 1548 1505 1600; baseline 0.006 -13"><span class='ocrx_word' id='word_1_222' title='bbox 56 1557 155 1588; x_wconf 87' lang='lat' dir='ltr'>tatae</span> <span class='ocrx_word' id='word_1_223' title='bbox 174 1551 375 1586; x_wconf 81' lang='lat' dir='ltr'>sententiae</span> <span class='ocrx_word' id='word_1_224' title='bbox 397 1550 428 1585; x_wconf 89' lang='lat' dir='ltr'>si</span> <span class='ocrx_word' id='word_1_225' title='bbox 452 1556 582 1585; x_wconf 84' lang='lat' dir='ltr'>auctor</span> <span class='ocrx_word' id='word_1_226' title='bbox 604 1548 833 1598; x_wconf 83' lang='lat' dir='ltr'>quaerendus</span> <span class='ocrx_word' id='word_1_227' title='bbox 854 1556 923 1596; x_wconf 92' lang='lat' dir='ltr'>est,</span> <span class='ocrx_word' id='word_1_228' title='bbox 948 1549 1044 1586; x_wconf 83' lang='lat' dir='ltr'>dabo</span> <span class='ocrx_word' id='word_1_229' title='bbox 1064 1551 1258 1600; x_wconf 79' lang='lat' dir='ltr'>Hyginum,</span> <span class='ocrx_word' id='word_1_230' title='bbox 1288 1557 1387 1593; x_wconf 90' lang='lat' dir='ltr'>cuius</span> <span class='ocrx_word' id='word_1_231' title='bbox 1406 1570 1505 1595; x_wconf 89' lang='lat' dir='ltr'>com-</span> 
     </span>
     <span class='ocr_line' id='line_1_25' title="bbox 56 1611 1506 1669; baseline 0.006 -21"><span class='ocrx_word' id='word_1_232' title='bbox 56 1613 251 1649; x_wconf 87' lang='lat' dir='ltr'>mentarios</span> <span class='ocrx_word' id='word_1_233' title='bbox 277 1612 314 1648; x_wconf 90' lang='lat' dir='ltr'>in</span> <span class='ocrx_word' id='word_1_234' title='bbox 331 1612 517 1660; x_wconf 79' lang='lat' dir='ltr'>Virgilium</span> <span class='ocrx_word' id='word_1_235' title='bbox 541 1612 656 1656; x_wconf 83' lang='lat' dir='ltr'>(Gell.</span> <span class='ocrx_word' id='word_1_236' title='bbox 675 1615 710 1658; x_wconf 87' lang='lat' dir='ltr'>l,</span> <span class='ocrx_word' id='word_1_237' title='bbox 727 1611 792 1660; x_wconf 87' lang='lat'>21)</span> <span class='ocrx_word' id='word_1_238' title='bbox 816 1611 924 1660; x_wconf 82' lang='lat' dir='ltr'>paulo</span> <span class='ocrx_word' id='word_1_239' title='bbox 951 1619 1035 1648; x_wconf 87' lang='lat' dir='ltr'>ante</span> <span class='ocrx_word' id='word_1_240' title='bbox 1062 1612 1178 1649; x_wconf 89' lang='lat' dir='ltr'>editos</span> <span class='ocrx_word' id='word_1_241' title='bbox 1205 1616 1369 1665; x_wconf 85' lang='lat' dir='ltr'>coniicio,</span> <span class='ocrx_word' id='word_1_242' title='bbox 1396 1632 1506 1669; x_wconf 89' lang='lat' dir='ltr'>quam</span> 
     </span>
     <span class='ocr_line' id='line_1_26' title="bbox 59 1672 1506 1723; baseline 0.006 -14"><span class='ocrx_word' id='word_1_243' title='bbox 59 1673 104 1709; x_wconf 88' lang='lat' dir='ltr'>ab</span> <span class='ocrx_word' id='word_1_244' title='bbox 123 1672 256 1709; x_wconf 90' lang='lat' dir='ltr'>Ouidio</span> <span class='ocrx_word' id='word_1_245' title='bbox 282 1678 412 1710; x_wconf 80' lang='lat' dir='ltr'>uatum</span> <span class='ocrx_word' id='word_1_246' title='bbox 436 1673 621 1710; x_wconf 72' lang='lat' dir='ltr'>studiosus</span> <span class='ocrx_word' id='word_1_247' title='bbox 646 1686 822 1711; x_wconf 81' lang='lat' dir='ltr'>nouorum</span> <span class='ocrx_word' id='word_1_248' title='bbox 846 1674 1107 1723; x_wconf 71' lang='lat' dir='ltr'>appellaretur,</span> <span class='ocrx_word' id='word_1_249' title='bbox 1135 1676 1226 1713; x_wconf 83' lang='lat' dir='ltr'>trist.</span> <span class='ocrx_word' id='word_1_250' title='bbox 1250 1680 1285 1722; x_wconf 88' lang='lat'>3,</span> <span class='ocrx_word' id='word_1_251' title='bbox 1303 1681 1360 1720; x_wconf 89' lang='lat'>14,</span> <span class='ocrx_word' id='word_1_252' title='bbox 1376 1682 1410 1717; x_wconf 90' lang='lat'>7.</span> <span class='ocrx_word' id='word_1_253' title='bbox 1447 1681 1506 1720; x_wconf 85' lang='lat' dir='ltr'>Ex</span> 
     </span>
     <span class='ocr_line' id='line_1_27' title="bbox 58 1734 1507 1789; baseline 0.006 -19"><span class='ocrx_word' id='word_1_254' title='bbox 58 1734 112 1771; x_wconf 83' lang='lat' dir='ltr'>his</span> <span class='ocrx_word' id='word_1_255' title='bbox 132 1735 395 1771; x_wconf 84' lang='lat' dir='ltr'>commentariis</span> <span class='ocrx_word' id='word_1_256' title='bbox 415 1735 509 1770; x_wconf 88' lang='lat' dir='ltr'>iuter</span> <span class='ocrx_word' id='word_1_257' title='bbox 533 1736 658 1783; x_wconf 85' lang='lat' dir='ltr'>multa,</span> <span class='ocrx_word' id='word_1_258' title='bbox 687 1748 781 1785; x_wconf 87' lang='lat' dir='ltr'>quae</span> <span class='ocrx_word' id='word_1_259' title='bbox 807 1737 999 1786; x_wconf 80' lang='lat' dir='ltr'>excerpsit,</span> <span class='ocrx_word' id='word_1_260' title='bbox 1024 1736 1139 1773; x_wconf 86' lang='lat' dir='ltr'>Macr.</span> <span class='ocrx_word' id='word_1_261' title='bbox 1159 1742 1195 1784; x_wconf 93' lang='lat'>1,</span> <span class='ocrx_word' id='word_1_262' title='bbox 1216 1740 1254 1785; x_wconf 93' lang='lat'>7,</span> <span class='ocrx_word' id='word_1_263' title='bbox 1281 1752 1319 1789; x_wconf 92' lang='lat' dir='ltr'>p.</span> <span class='ocrx_word' id='word_1_264' title='bbox 1336 1743 1413 1778; x_wconf 90' lang='grc'>217</span> <span class='ocrx_word' id='word_1_265' title='bbox 1437 1742 1507 1779; x_wconf 91' lang='lat' dir='ltr'>hoc</span> 
     </span>
     <span class='ocr_line' id='line_1_28' title="bbox 59 1795 1358 1847; baseline 0.004 -14"><span class='ocrx_word' id='word_1_266' title='bbox 59 1796 215 1847; x_wconf 82' lang='lat' dir='ltr'>profert,</span> <span class='ocrx_word' id='word_1_267' title='bbox 241 1795 401 1832; x_wconf 84' lang='lat' dir='ltr'>Saturno</span> <span class='ocrx_word' id='word_1_268' title='bbox 429 1802 465 1830; x_wconf 80' lang='lat' dir='ltr'>et</span> <span class='ocrx_word' id='word_1_269' title='bbox 490 1796 576 1832; x_wconf 80' lang='lat' dir='ltr'>lano</span> <span class='ocrx_word' id='word_1_270' title='bbox 603 1798 694 1834; x_wconf 87' lang='lat' dir='ltr'>duos</span> <span class='ocrx_word' id='word_1_271' title='bbox 721 1798 911 1834; x_wconf 89' lang='lat' dir='ltr'>continuos</span> <span class='ocrx_word' id='word_1_272' title='bbox 938 1810 1078 1834; x_wconf 89' lang='lat' dir='ltr'>menses</span> <span class='ocrx_word' id='word_1_273' title='bbox 1103 1799 1240 1836; x_wconf 87' lang='lat' dir='ltr'>dicatos</span> <span class='ocrx_word' id='word_1_274' title='bbox 1267 1813 1358 1838; x_wconf 83' lang='lat' dir='ltr'>esse.</span> 
     </span>
     <span class='ocr_line' id='line_1_29' title="bbox 162 1856 1506 1912; baseline 0.007 -18"><span class='ocrx_word' id='word_1_275' title='bbox 162 1859 329 1894; x_wconf 83' lang='lat' dir='ltr'>Transeo</span> <span class='ocrx_word' id='word_1_276' title='bbox 357 1856 404 1892; x_wconf 89' lang='lat' dir='ltr'>ad</span> <span class='ocrx_word' id='word_1_277' title='bbox 429 1857 604 1892; x_wconf 81' lang='lat' dir='ltr'>mensium</span> <span class='ocrx_word' id='word_1_278' title='bbox 641 1859 800 1895; x_wconf 87' lang='lat' dir='ltr'>nomina.</span> <span class='ocrx_word' id='word_1_279' title='bbox 852 1859 909 1895; x_wconf 92' lang='lat' dir='ltr'>De</span> <span class='ocrx_word' id='word_1_280' title='bbox 935 1859 1100 1896; x_wconf 88' lang='lat' dir='ltr'>Ianuario</span> <span class='ocrx_word' id='word_1_281' title='bbox 1128 1862 1225 1898; x_wconf 86' lang='lat' dir='ltr'>nulla</span> <span class='ocrx_word' id='word_1_282' title='bbox 1251 1875 1411 1912; x_wconf 90' lang='lat' dir='ltr'>unquam</span> <span class='ocrx_word' id='word_1_283' title='bbox 1437 1865 1506 1904; x_wconf 85' lang='lat' dir='ltr'>fuit</span> 
     </span>
     <span class='ocr_line' id='line_1_30' title="bbox 60 1918 1505 1973; baseline 0.006 -16"><span class='ocrx_word' id='word_1_284' title='bbox 60 1920 257 1957; x_wconf 83' lang='lat' dir='ltr'>dubitatio:</span> <span class='ocrx_word' id='word_1_285' title='bbox 295 1918 342 1954; x_wconf 91' lang='lat' dir='ltr'>de</span> <span class='ocrx_word' id='word_1_286' title='bbox 376 1918 463 1954; x_wconf 90' lang='lat' dir='ltr'>Iano</span> <span class='ocrx_word' id='word_1_287' title='bbox 498 1930 593 1967; x_wconf 86' lang='lat' dir='ltr'>quae</span> <span class='ocrx_word' id='word_1_288' title='bbox 627 1918 780 1956; x_wconf 89' lang='lat' dir='ltr'>Ouidius</span> <span class='ocrx_word' id='word_1_289' title='bbox 815 1922 1068 1969; x_wconf 87' lang='lat' dir='ltr'>persequitur,</span> <span class='ocrx_word' id='word_1_290' title='bbox 1102 1922 1187 1958; x_wconf 87' lang='lat' dir='ltr'>alibi</span> <span class='ocrx_word' id='word_1_291' title='bbox 1218 1924 1505 1973; x_wconf 85' lang='lat' dir='ltr'>explicabuntur.</span> 
     </span>
     <span class='ocr_line' id='line_1_31' title="bbox 60 1979 1506 2031; baseline 0.006 -12"><span class='ocrx_word' id='word_1_292' title='bbox 60 1982 118 2019; x_wconf 87' lang='lat' dir='ltr'>De</span> <span class='ocrx_word' id='word_1_293' title='bbox 143 1981 334 2018; x_wconf 87' lang='lat' dir='ltr'>Februarii</span> <span class='ocrx_word' id='word_1_294' title='bbox 359 1980 503 2016; x_wconf 80' lang='lat' dir='ltr'>nomine</span> <span class='ocrx_word' id='word_1_295' title='bbox 529 1979 709 2029; x_wconf 88' lang='lat' dir='ltr'>duplicem</span> <span class='ocrx_word' id='word_1_296' title='bbox 734 1994 878 2018; x_wconf 87' lang='lat' dir='ltr'>causam</span> <span class='ocrx_word' id='word_1_297' title='bbox 907 1982 1062 2019; x_wconf 85' lang='lat' dir='ltr'>Ouidius</span> <span class='ocrx_word' id='word_1_298' title='bbox 1087 1983 1217 2031; x_wconf 85' lang='lat' dir='ltr'>habet,</span> <span class='ocrx_word' id='word_1_299' title='bbox 1242 1985 1506 2028; x_wconf 81' lang='lat' dir='ltr'>februationem</span> 
     </span>
     <span class='ocr_line' id='line_1_32' title="bbox 61 2043 1508 2092; baseline 0.007 -13"><span class='ocrx_word' id='word_1_300' title='bbox 61 2050 125 2080; x_wconf 84' lang='lat' dir='ltr'>aut</span> <span class='ocrx_word' id='word_1_301' title='bbox 149 2043 465 2092; x_wconf 87' lang='lat' dir='ltr'>Lupercaliorum,</span> <span class='ocrx_word' id='word_1_302' title='bbox 494 2054 587 2078; x_wconf 88' lang='lat' dir='ltr'>uers.</span> <span class='ocrx_word' id='word_1_303' title='bbox 609 2045 680 2090; x_wconf 83' lang='lat'>31,</span> <span class='ocrx_word' id='word_1_304' title='bbox 715 2050 778 2079; x_wconf 90' lang='lat' dir='ltr'>aut</span> <span class='ocrx_word' id='word_1_305' title='bbox 803 2044 1042 2090; x_wconf 86' lang='lat' dir='ltr'>Feraliorum,</span> <span class='ocrx_word' id='word_1_306' title='bbox 1070 2057 1164 2082; x_wconf 87' lang='lat' dir='ltr'>uers.</span> <span class='ocrx_word' id='word_1_307' title='bbox 1189 2049 1251 2083; x_wconf 84' lang='lat'>33.</span> <span class='ocrx_word' id='word_1_308' title='bbox 1305 2050 1427 2087; x_wconf 83' lang='lat' dir='ltr'>Altera</span> <span class='ocrx_word' id='word_1_309' title='bbox 1453 2059 1508 2089; x_wconf 89' lang='lat' dir='ltr'>est</span> 
     </span>
     <span class='ocr_line' id='line_1_33' title="bbox 61 2104 1507 2157; baseline 0.006 -15"><span class='ocrx_word' id='word_1_310' title='bbox 61 2105 253 2151; x_wconf 81' lang='lat' dir='ltr'>Varronis,</span> <span class='ocrx_word' id='word_1_311' title='bbox 287 2104 360 2140; x_wconf 83' lang='lat' dir='ltr'>uid.</span> <span class='ocrx_word' id='word_1_312' title='bbox 388 2104 434 2141; x_wconf 89' lang='lat' dir='ltr'>de</span> <span class='ocrx_word' id='word_1_313' title='bbox 460 2104 484 2140; x_wconf 88' lang='lat' dir='ltr'>l.</span> <span class='ocrx_word' id='word_1_314' title='bbox 512 2105 536 2140; x_wconf 87' lang='lat' dir='ltr'>l.</span> <span class='ocrx_word' id='word_1_315' title='bbox 565 2106 603 2151; x_wconf 86' lang='lat'>6,</span> <span class='ocrx_word' id='word_1_316' title='bbox 631 2107 681 2141; x_wconf 83' lang='lat'>34</span> <span class='ocrx_word' id='word_1_317' title='bbox 711 2113 749 2141; x_wconf 86' lang='lat' dir='ltr'>et</span> <span class='ocrx_word' id='word_1_318' title='bbox 775 2106 964 2143; x_wconf 88' lang='lat' dir='ltr'>Censorin.</span> <span class='ocrx_word' id='word_1_319' title='bbox 994 2119 1025 2142; x_wconf 89' lang='lat' dir='ltr'>c.</span> <span class='ocrx_word' id='word_1_320' title='bbox 1046 2111 1109 2154; x_wconf 91' lang='lat'>22,</span> <span class='ocrx_word' id='word_1_321' title='bbox 1137 2120 1173 2157; x_wconf 86' lang='lat' dir='ltr'>p.</span> <span class='ocrx_word' id='word_1_322' title='bbox 1196 2113 1291 2156; x_wconf 83' lang='lat'>121,</span> <span class='ocrx_word' id='word_1_323' title='bbox 1319 2113 1420 2149; x_wconf 87' lang='lat' dir='ltr'>cuius</span> <span class='ocrx_word' id='word_1_324' title='bbox 1446 2115 1507 2152; x_wconf 90' lang='lat' dir='ltr'>illa</span> 
     </span>
     <span class='ocr_line' id='line_1_34' title="bbox 62 2165 1506 2217; baseline 0.007 -14"><span class='ocrx_word' id='word_1_325' title='bbox 62 2167 196 2204; x_wconf 86' lang='lat' dir='ltr'>uerba:</span> <span class='ocrx_word' id='word_1_326' title='bbox 219 2165 387 2213; x_wconf 76' lang='lat' dir='ltr'>februum</span> <span class='ocrx_word' id='word_1_327' title='bbox 414 2170 533 2202; x_wconf 81' lang='lat' dir='ltr'>autem</span> <span class='ocrx_word' id='word_1_328' title='bbox 559 2179 629 2203; x_wconf 79' lang='lat' dir='ltr'>uon</span> <span class='ocrx_word' id='word_1_329' title='bbox 656 2167 749 2204; x_wconf 72' lang='lat' dir='ltr'>idem</span> <span class='ocrx_word' id='word_1_330' title='bbox 775 2180 1027 2217; x_wconf 71' lang='lat' dir='ltr'>usquequaque</span> <span class='ocrx_word' id='word_1_331' title='bbox 1053 2168 1199 2217; x_wconf 74' lang='lat' dir='ltr'>dicu-ur,</span> <span class='ocrx_word' id='word_1_332' title='bbox 1222 2183 1312 2208; x_wconf 74' lang='lat' dir='ltr'>nam</span> <span class='ocrx_word' id='word_1_333' title='bbox 1336 2174 1443 2212; x_wconf 75' lang='lat' dir='ltr'>aliter</span> <span class='ocrx_word' id='word_1_334' title='bbox 1467 2177 1506 2213; x_wconf 77' lang='lat' dir='ltr'>in</span> 
     </span>
     <span class='ocr_line' id='line_1_35' title="bbox 61 2226 1507 2278; baseline 0.007 -13"><span class='ocrx_word' id='word_1_335' title='bbox 61 2228 149 2266; x_wconf 69' lang='lat' dir='ltr'>aliis</span> <span class='ocrx_word' id='word_1_336' title='bbox 174 2230 292 2265; x_wconf 74' lang='lat' dir='ltr'>sacris</span> <span class='ocrx_word' id='word_1_337' title='bbox 316 2226 523 2274; x_wconf 81' lang='lat' dir='ltr'>februatur,</span> <span class='ocrx_word' id='word_1_338' title='bbox 559 2229 780 2278; x_wconf 88' lang='lat' dir='ltr'>respondent</span> <span class='ocrx_word' id='word_1_339' title='bbox 806 2230 993 2267; x_wconf 84' lang='lat' dir='ltr'>Ouidianis</span> <span class='ocrx_word' id='word_1_340' title='bbox 1028 2242 1123 2268; x_wconf 83' lang='lat' dir='ltr'>uers.</span> <span class='ocrx_word' id='word_1_341' title='bbox 1151 2235 1332 2272; x_wconf 70' lang='lat'>21—28.</span> <span class='ocrx_word' id='word_1_342' title='bbox 1383 2238 1507 2276; x_wconf 86' lang='lat' dir='ltr'>Altera</span> 
     </span>
     <span class='ocr_line' id='line_1_36' title="bbox 61 2289 1507 2346; baseline 0.006 -18"><span class='ocrx_word' id='word_1_343' title='bbox 61 2297 118 2328; x_wconf 77' lang='lat' dir='ltr'>est</span> <span class='ocrx_word' id='word_1_344' title='bbox 142 2291 261 2326; x_wconf 89' lang='lat' dir='ltr'>Fuluii</span> <span class='ocrx_word' id='word_1_345' title='bbox 288 2297 325 2327; x_wconf 91' lang='lat' dir='ltr'>et</span> <span class='ocrx_word' id='word_1_346' title='bbox 349 2289 462 2334; x_wconf 90' lang='lat' dir='ltr'>Iunii,</span> <span class='ocrx_word' id='word_1_347' title='bbox 494 2289 567 2326; x_wconf 85' lang='lat' dir='ltr'>uid.</span> <span class='ocrx_word' id='word_1_348' title='bbox 596 2291 702 2327; x_wconf 83' lang='lat' dir='ltr'>Varr.</span> <span class='ocrx_word' id='word_1_349' title='bbox 731 2292 754 2328; x_wconf 88' lang='lat'>1.</span> <span class='ocrx_word' id='word_1_350' title='bbox 781 2291 855 2328; x_wconf 90' lang='lat' dir='ltr'>ind.</span> <span class='ocrx_word' id='word_1_351' title='bbox 885 2298 922 2328; x_wconf 83' lang='lat' dir='ltr'>et</span> <span class='ocrx_word' id='word_1_352' title='bbox 947 2292 1110 2329; x_wconf 87' lang='lat' dir='ltr'>Macrob.</span> <span class='ocrx_word' id='word_1_353' title='bbox 1139 2298 1175 2341; x_wconf 88' lang='lat' dir='ltr'>l,</span> <span class='ocrx_word' id='word_1_354' title='bbox 1192 2298 1237 2330; x_wconf 80' lang='lat'>13</span> <span class='ocrx_word' id='word_1_355' title='bbox 1264 2309 1302 2346; x_wconf 91' lang='lat' dir='ltr'>p.</span> <span class='ocrx_word' id='word_1_356' title='bbox 1322 2300 1419 2336; x_wconf 81' lang='lat'><strong>250:</strong></span> <span class='ocrx_word' id='word_1_357' title='bbox 1446 2300 1507 2337; x_wconf 88' lang='lat' dir='ltr'>lu·-</span> 
     </span>
     <span class='ocr_line' id='line_1_37' title="bbox 63 2354 1508 2407; baseline 0.006 -16"><span class='ocrx_word' id='word_1_358' title='bbox 63 2355 177 2391; x_wconf 66' lang='lat' dir='ltr'>suari</span> <span class='ocrx_word' id='word_1_359' title='bbox 203 2357 324 2390; x_wconf 85' lang='lat' dir='ltr'>autem</span> <span class='ocrx_word' id='word_1_360' title='bbox 349 2364 388 2389; x_wconf 89' lang='lat' dir='ltr'>eo</span> <span class='ocrx_word' id='word_1_361' title='bbox 415 2364 532 2388; x_wconf 82' lang='lat' dir='ltr'>mense</span> <span class='ocrx_word' id='word_1_362' title='bbox 557 2354 737 2389; x_wconf 69' lang='lat' dir='ltr'>ciuitatem</span> <span class='ocrx_word' id='word_1_363' title='bbox 762 2366 901 2391; x_wconf 76' lang='lat' dir='ltr'>neeesse</span> <span class='ocrx_word' id='word_1_364' title='bbox 926 2359 1024 2399; x_wconf 82' lang='lat' dir='ltr'>erat,</span> <span class='ocrx_word' id='word_1_365' title='bbox 1051 2368 1120 2404; x_wconf 86' lang='lat' dir='ltr'>quo</span> <span class='ocrx_word' id='word_1_366' title='bbox 1146 2357 1318 2407; x_wconf 66' lang='lat' dir='ltr'>instituit,</span> <span class='ocrx_word' id='word_1_367' title='bbox 1342 2365 1384 2397; x_wconf 79' lang='lat' dir='ltr'>ut</span> <span class='ocrx_word' id='word_1_368' title='bbox 1407 2363 1508 2399; x_wconf 76' lang='lat' dir='ltr'>iusta</span> 
     </span>
     <span class='ocr_line' id='line_1_38' title="bbox 65 2412 1509 2460; baseline 0.008 -10"><span class='ocrx_word' id='word_1_369' title='bbox 65 2412 134 2451; x_wconf 70' lang='lat' dir='ltr'>diis</span> <span class='ocrx_word' id='word_1_370' title='bbox 156 2414 324 2452; x_wconf 78' lang='lat' dir='ltr'>manibus</span> <span class='ocrx_word' id='word_1_371' title='bbox 349 2414 584 2452; x_wconf 78' lang='lat' dir='ltr'>soluerentur.</span> <span class='ocrx_word' id='word_1_372' title='bbox 636 2414 693 2451; x_wconf 86' lang='lat' dir='ltr'>De</span> <span class='ocrx_word' id='word_1_373' title='bbox 719 2415 851 2452; x_wconf 86' lang='lat' dir='ltr'>Martio</span> <span class='ocrx_word' id='word_1_374' title='bbox 879 2429 1000 2453; x_wconf 85' lang='lat' dir='ltr'>mense</span> <span class='ocrx_word' id='word_1_375' title='bbox 1034 2419 1232 2455; x_wconf 86' lang='lat' dir='ltr'>sententiae</span> <span class='ocrx_word' id='word_1_376' title='bbox 1259 2420 1353 2457; x_wconf 86' lang='lat' dir='ltr'>duae</span> <span class='ocrx_word' id='word_1_377' title='bbox 1379 2423 1509 2460; x_wconf 85' lang='lat' dir='ltr'>leuiter</span> 
     </span>
     <span class='ocr_line' id='line_1_39' title="bbox 66 2473 1509 2526; baseline 0.008 -16"><span class='ocrx_word' id='word_1_378' title='bbox 66 2473 311 2525; x_wconf 86' lang='lat' dir='ltr'>discrepantes</span> <span class='ocrx_word' id='word_1_379' title='bbox 338 2478 383 2512; x_wconf 87' lang='lat' dir='ltr'>ab</span> <span class='ocrx_word' id='word_1_380' title='bbox 404 2476 541 2513; x_wconf 90' lang='lat' dir='ltr'>Ouidio</span> <span class='ocrx_word' id='word_1_381' title='bbox 568 2478 698 2513; x_wconf 79' lang='lat' dir='ltr'>auxilio</span> <span class='ocrx_word' id='word_1_382' title='bbox 724 2478 903 2526; x_wconf 86' lang='lat' dir='ltr'>opinionis</span> <span class='ocrx_word' id='word_1_383' title='bbox 932 2479 1032 2515; x_wconf 87' lang='lat' dir='ltr'>istius</span> <span class='ocrx_word' id='word_1_384' title='bbox 1060 2479 1104 2516; x_wconf 90' lang='lat' dir='ltr'>de</span> <span class='ocrx_word' id='word_1_385' title='bbox 1131 2492 1225 2517; x_wconf 88' lang='lat' dir='ltr'>anno</span> <span class='ocrx_word' id='word_1_386' title='bbox 1246 2482 1392 2520; x_wconf 90' lang='lat' dir='ltr'>Romuli</span> <span class='ocrx_word' id='word_1_387' title='bbox 1420 2498 1509 2522; x_wconf 92' lang='lat' dir='ltr'>con-</span> 
     </span>
     <span class='ocr_line' id='line_1_40' title="bbox 68 2535 1508 2590; baseline 0.009 -19"><span class='ocrx_word' id='word_1_388' title='bbox 68 2535 231 2573; x_wconf 87' lang='lat' dir='ltr'>ciliantur</span> <span class='ocrx_word' id='word_1_389' title='bbox 257 2541 294 2585; x_wconf 90' lang='lat'>3,</span> <span class='ocrx_word' id='word_1_390' title='bbox 310 2539 372 2586; x_wconf 84' lang='lat'>97,</span> <span class='ocrx_word' id='word_1_391' title='bbox 393 2540 464 2574; x_wconf 78' lang='lat'>98:</span> <span class='ocrx_word' id='word_1_392' title='bbox 495 2539 629 2586; x_wconf 84' lang='lat' dir='ltr'>altera,</span> <span class='ocrx_word' id='word_1_393' title='bbox 653 2551 767 2576; x_wconf 87' lang='lat' dir='ltr'>uerss.</span> <span class='ocrx_word' id='word_1_394' title='bbox 795 2542 958 2576; x_wconf 80' lang='lat'><strong>73——77</strong></span> <span class='ocrx_word' id='word_1_395' title='bbox 985 2542 1257 2590; x_wconf 86' lang='lat' dir='ltr'>comprehensa,</span> <span class='ocrx_word' id='word_1_396' title='bbox 1285 2552 1363 2581; x_wconf 85' lang='lat' dir='ltr'>erat</span> <span class='ocrx_word' id='word_1_397' title='bbox 1388 2546 1508 2584; x_wconf 89' lang='lat' dir='ltr'>Fuluii</span> 
     </span>
     <span class='ocr_line' id='line_1_41' title="bbox 70 2596 1507 2657; baseline 0.011 -27"><span class='ocrx_word' id='word_1_398' title='bbox 70 2601 107 2631; x_wconf 90' lang='lat' dir='ltr'>et</span> <span class='ocrx_word' id='word_1_399' title='bbox 129 2596 232 2645; x_wconf 87' lang='lat' dir='ltr'>lunii,</span> <span class='ocrx_word' id='word_1_400' title='bbox 260 2599 334 2636; x_wconf 90' lang='lat' dir='ltr'>uid.</span> <span class='ocrx_word' id='word_1_401' title='bbox 352 2601 510 2652; x_wconf 38' lang='lat' dir='ltr'>Censor,</span> <span class='ocrx_word' id='word_1_402' title='bbox 529 2604 593 2648; x_wconf 87' lang='grc'>22,</span> <span class='ocrx_word' id='word_1_403' title='bbox 612 2613 650 2650; x_wconf 83' lang='lat' dir='ltr'>p.</span> <span class='ocrx_word' id='word_1_404' title='bbox 668 2602 758 2649; x_wconf 82' lang='lat'>1193</span> <span class='ocrx_word' id='word_1_405' title='bbox 786 2602 901 2639; x_wconf 83' lang='lat' dir='ltr'>altera</span> <span class='ocrx_word' id='word_1_406' title='bbox 920 2603 1107 2650; x_wconf 82' lang='lat' dir='ltr'>Varronis,</span> <span class='ocrx_word' id='word_1_407' title='bbox 1134 2616 1178 2642; x_wconf 84' lang='lat' dir='ltr'>ex</span> <span class='ocrx_word' id='word_1_408' title='bbox 1202 2619 1274 2655; x_wconf 89' lang='lat' dir='ltr'>quo</span> <span class='ocrx_word' id='word_1_409' title='bbox 1296 2620 1390 2657; x_wconf 86' lang='lat' dir='ltr'>quae</span> <span class='ocrx_word' id='word_1_410' title='bbox 1411 2608 1507 2646; x_wconf 89' lang='lat' dir='ltr'>Cen-</span> 
     </span>
     <span class='ocr_line' id='line_1_42' title="bbox 69 2658 1508 2721; baseline 0.011 -29"><span class='ocrx_word' id='word_1_411' title='bbox 69 2658 206 2694; x_wconf 79' lang='lat' dir='ltr'>sorinus</span> <span class='ocrx_word' id='word_1_412' title='bbox 230 2660 256 2696; x_wconf 87' lang='lat' dir='ltr'>l.</span> <span class='ocrx_word' id='word_1_413' title='bbox 275 2661 356 2712; x_wconf 62' lang='lat' dir='ltr'>hp.</span> <span class='ocrx_word' id='word_1_414' title='bbox 375 2664 450 2698; x_wconf 85' lang='lat'>120</span> <span class='ocrx_word' id='word_1_415' title='bbox 475 2670 512 2700; x_wconf 89' lang='lat' dir='ltr'>et</span> <span class='ocrx_word' id='word_1_416' title='bbox 538 2664 615 2699; x_wconf 84' lang='lat' dir='ltr'>sine</span> <span class='ocrx_word' id='word_1_417' title='bbox 641 2662 751 2701; x_wconf 89' lang='lat' dir='ltr'>dubio</span> <span class='ocrx_word' id='word_1_418' title='bbox 777 2663 925 2700; x_wconf 78' lang='lat' dir='ltr'>Verrius</span> <span class='ocrx_word' id='word_1_419' title='bbox 951 2664 1103 2706; x_wconf 87' lang='lat' dir='ltr'>Flaccus</span> <span class='ocrx_word' id='word_1_420' title='bbox 1129 2667 1164 2702; x_wconf 91' lang='lat' dir='ltr'>in</span> <span class='ocrx_word' id='word_1_421' title='bbox 1191 2666 1335 2718; x_wconf 80' lang='lat' dir='ltr'>fastigio</span> <span class='ocrx_word' id='word_1_422' title='bbox 1361 2671 1508 2721; x_wconf 71' lang='lat' dir='ltr'>tabulae</span> 
     </span>
    </p>
   </div>
  </div>
 </body>
</html>
