1685 2954
112 87 169 118 χι.
665 116 669 121 ,
697 80 962 112 πεΒκνΛιῑινε

117 186 207 225 nulli
233 190 443 237 supersunt,
468 188 617 234 praeter
640 181 845 221 Maffeanos
871 188 910 220 et
934 180 1222 230 Lambecianos,
1247 180 1317 232 qui*
1334 182 1562 220 consentiunt

114 249 152 286 in
177 248 229 286 lx
253 248 333 296 Kl’,
371 252 410 284 et
433 257 525 296 quos
556 245 594 282 in
625 243 810 282 codicibus
836 255 881 280 ex
906 242 1033 281 Ouidii
1059 244 1177 281 uerbis
1201 243 1387 282 confectos
1412 245 1563 295 posthac

116 310 245 359 edam,
271 318 427 360 quorum
453 305 599 357 quidam
624 306 692 344 Xll
720 306 781 343 ΚΓ
809 305 954 342 Feralia
979 311 1144 355 ponu'nt,
1170 305 1264 343 male
1289 306 1474 355 pensitatis
1500 319 1562 343 uu.

116 373 205 419 567,
232 372 319 408 568.
369 369 412 407 Si
437 369 488 406 ita
514 369 690 406 rationem
716 368 903 414 instituas,
937 366 1101 404 undecim
1129 368 1241 418 pedes
1267 368 1463 417 intelligas,
1492 368 1566 404 uti-

117 445 191 484 que
215 433 252 470 in
277 432 356 482 ipsa
382 431 585 476 Quirinalia
613 437 650 467 et
675 429 867 466 stultorum
901 426 1010 465 ferias
1036 428 1179 465 Feralia
1205 428 1368 466 incidunt
1393 436 1430 465 et
1455 429 1566 466 iuter-

119 495 215 546 preti
240 493 454 530 Fornacalia
490 494 749 529 instaurantur.
801 488 881 526 Nec
916 490 1017 527 iubet
1047 490 1202 527 absurda
1234 502 1277 527 ea
1304 491 1495 541 persequi,
1529 491 1567 527 in

121 568 218 607 quae
243 561 444 605 coguntur,
471 554 534 604 qui
559 552 704 590 Feralia
731 549 898 588 conferre
925 552 1036 589 uelint
1062 552 1097 587 in
1123 552 1358 590 Terminalia.
1410 553 1570 590 Necesse

122 625 179 656 est
204 617 366 655 tabulam
387 614 609 652 Maffeanam
634 612 763 650 reddat
789 611 955 650 Ouidius.
1006 613 1166 650 Primum
1191 614 1300 663 igitur
1323 627 1454 652 censeo
1479 627 1571 664 poe·

123 686 199 717 tam
225 685 367 729 tempus
402 677 498 714 istud
534 676 738 725 religiosum
773 675 964 723 repetiisse
997 687 1019 712 a
1044 675 1130 712 Kal.
1147 676 1280 722 Febr„
1317 676 1415 726 quod
1443 676 1572 713 eodem

123 741 235 791 plane
260 740 369 778 modo
394 739 482 776 fecit
507 749 632 775 mense
657 736 758 773 Iunio
785 738 824 784 6,
844 739 930 773 223.
985 736 1082 779 Quin
1111 737 1219 786 paulo
1245 738 1410 787 superius
1436 742 1475 785 2,
1498 737 1573 774 525

124 802 378 840 Fornacalium
403 799 678 837 indicendorum
699 805 842 849 tempus
862 796 945 834 iude
967 808 988 833 a
1006 797 1180 835 Kalendis
1199 798 1326 835 eodem
1343 797 1453 835 modo
1475 811 1575 836 com-

124 865 351 902 memorauit.
405 863 484 900 Nec
522 861 675 898 multum
711 860 872 909 opinioni
906 870 1010 896 meae
1044 860 1173 897 obesse
1197 866 1310 910 puto,
1345 860 1442 911 quod
1477 860 1576 912 apud

127 926 247 963 Cicer.
267 937 354 975 epp.
375 923 422 961 ad
441 924 490 968 Q.
510 923 556 960 fr.
577 927 615 971 2,
637 926 661 960 3
687 922 838 971 legimus
858 922 1014 957 Atticum
1040 922 1234 971 aliquando
1261 935 1408 959 uxorem
1434 921 1579 960 duxisse

129 986 224 1037 prid.
253 985 305 1022 Id.
328 986 438 1022 Febr.
468 984 588 1022 Codd.
615 997 697 1021 cum
723 983 821 1033 apud
845 982 1016 1020 Ouidium
1044 982 1203 1020 habeant
1226 986 1323 1020 Dum
1349 988 1468 1022 tamen
1493 984 1581 1022 haec

128 1047 240 1096 fient,
273 1054 400 1097 posset
434 1046 470 1083 id
506 1046 552 1082 ad
579 1046 674 1082 illius
701 1046 752 1082 rei
780 1045 1049 1082 excusationem
1083 1046 1270 1094 conuerti,
1301 1046 1365 1083 sed
1401 1047 1579 1096 argutius,

129 1123 240 1160 quam
266 1110 352 1146 mihi
378 1109 510 1159 placet.
557 1107 649 1144 Vtut
674 1113 742 1154 est,
769 1106 857 1142 illud
883 1106 1042 1143 secundo
1070 1107 1150 1144 loco
1176 1107 1258 1144 milii
1286 1108 1461 1158 persuasi,
1488 1106 1580 1144 Oui-

130 1171 229 1208 dium
265 1171 338 1208 duo
372 1182 473 1207 sacra
512 1176 641 1206 natura
677 1180 743 1205 sua
769 1167 944 1204 simillima
972 1175 1009 1204 et
1045 1175 1209 1218 tempore
1232 1170 1402 1219 contigua
1428 1170 1582 1206 commi—

130 1235 278 1272 acuisse.
328 1231 493 1270 Alterum
518 1231 670 1268 fuerunt
694 1230 922 1274 Parentalia,
959 1231 1131 1278 antiquae
1162 1231 1416 1279 appellationis
1449 1231 1524 1268 dies
1549 1236 1583 1268 et

132 1297 208 1334 iam
233 1295 315 1334 inde
340 1308 365 1333 a
383 1296 511 1332 Numa
536 1297 843 1342 cognatorum
867 1290 1011 1337 inferiis
1035 1292 1236 1336 institutus,
1264 1298 1304 1329 ut
1329 1294 1378 1329 ait
1405 1293 1582 1330 Ausonius

136 1357 256 1410 praef.
275 1358 446 1404 Parent.;
474 1368 546 1392 non
572 1355 679 1404 igitur
696 1353 879 1405 publicum
903 1365 1059 1400 sacrum,
1085 1353 1148 1390 sed
1170 1354 1360 1404 populare,
1386 1355 1414 1392 si
1433 1355 1584 1393 Festum

136 1419 263 1456 audias
288 1432 326 1469 p.
341 1421 404 1464 61,
432 1422 478 1455 13
504 1418 604 1464 Vrs.,
632 1429 705 1466 quo
733 1416 768 1452 in
796 1416 966 1452 lemmate
991 1427 1122 1453 censeo
1148 1416 1414 1454 emendandum
1441 1420 1587 1456 Forna-

137 1481 248 1529 caua,
274 1481 512 1528 Parentalia,
540 1491 586 1516 ne
610 1477 773 1522 Parilia,
799 1489 893 1527 quae
919 1477 1014 1513 inter
1037 1478 1180 1526 publica
1206 1491 1309 1515 sacra
1335 1479 1370 1515 in
1396 1478 1498 1516 fastis
1524 1491 1586 1516 re-

138 1543 326 1590 feruntur,
354 1542 590 1593 popularibus
616 1546 899 1585 accenseantur,
925 1551 1041 1588 quae,
1070 1545 1108 1574 ut
1135 1539 1286 1576 Caristia
1314 1539 1518 1589 Ouidiana,
1550 1543 1587 1578 iu

140 1605 284 1650 tabulis,
308 1603 492 1641 Maffeana
518 1602 744 1652 praesertim,
770 1602 848 1638 iure
874 1601 1100 1637 omittuntur.
1153 1600 1207 1636 Ea
1236 1601 1343 1650 igitur
1368 1601 1589 1650 Parentalia,

142 1666 202 1703 uix
229 1679 301 1704 uno
328 1665 386 1702 die
411 1665 575 1711 definita,
603 1675 684 1699 cum
710 1667 849 1711 tempus
875 1662 1168 1700 Parcntaliornm
1195 1663 1239 1698 sit
1265 1663 1299 1698 in
1329 1665 1442 1700 ueteri
1469 1664 1590 1714 lapide

141 1727 240 1778 apud
266 1727 424 1777 Neapol.
450 1726 497 1763 ad
525 1725 635 1763 Ouid.
664 1729 701 1771 2,
731 1725 819 1772 537,
850 1737 871 1760 a
896 1724 1022 1760 diebus
1048 1723 1234 1770 feralibus,
1262 1725 1346 1761 atris
1373 1737 1416 1762 ac
1443 1726 1590 1765 nefastis

143 1791 179 1827 in
200 1790 326 1826 tabula
344 1787 532 1825 Mafleana
558 1793 723 1834 tempore
741 1786 969 1833 dirimuntur,
998 1786 1146 1834 quando
1167 1785 1352 1823 Macrobio
1375 1794 1466 1825 teste
1488 1792 1526 1836 1,
1544 1791 1592 1826 16

145 1854 239 1891 atri-s
275 1851 396 1888 dicbus
430 1862 504 1887 aon
539 1849 639 1885 lacuit
672 1852 866 1898 parentare
903 1854 1038 1883 certam
1078 1849 1124 1883 ab
1162 1860 1319 1885 causam.
1382 1849 1593 1888 Secundum

147 1913 321 1952 Ouidium
350 1912 520 1949 uidentur
546 1910 718 1947 continuo
748 1910 874 1947 ordine
901 1909 976 1945 dies
1002 1909 1158 1957 ferales,
1192 1910 1268 1946 siue
1293 1909 1479 1948 sebi-natos
1505 1923 1594 1948 cou-

147 1976 313 2014 nexulsse
339 1987 420 2012 cum
445 1973 650 2018 Feralibus,
676 1972 712 2007 in
740 1984 919 2009 marmore
945 1967 1063 2007 littera
1090 1971 1121 2007 F
1147 1971 1304 2020 signatis,
1332 1973 1416 2021 qula
1443 1984 1510 2009 nec
1534 1971 1595 2010 se-

148 2038 249 2085 riae,
283 2048 351 2073 nec
384 2043 464 2072 ater
497 2034 573 2071 dles
607 2039 751 2080 essent,
786 2033 916 2083 quibus
951 2031 1093 2083 publice
1124 2032 1338 2083 quibusdam
1362 2039 1595 2084 parentatum

149 2111 229 2137 esse
255 2094 420 2146 uidetur,
447 2098 583 2141 Bruto,
608 2094 702 2144 Lyd.
732 2095 811 2131 loco
837 2094 927 2143 ind.,
955 2094 1154 2143 Tarpeiae,
1181 2094 1306 2141 'l'atio,
1331 2093 1481 2144 Dionys.
1510 2096 1595 2134 Hal.

150 2164 190 2209 2,
217 2162 281 2208 40,
306 2161 370 2198 52.
422 2160 480 2196 Ne
515 2159 622 2207 igitur
645 2147 758 2207 'poeta
784 2156 859 2193 dies
888 2155 1046 2193 nefastos
1080 2156 1225 2192 tabulae
1250 2154 1457 2193 Maffeanae
1483 2169 1597 2207 prae-

152 2222 289 2259 teriisse
316 2229 478 2271 putetur,
504 2219 709 2270 parentales
729 2218 804 2256 dios
830 2230 925 2254 uers.
946 2219 1020 2254 548
1046 2216 1152 2254 iidem
1181 2217 1395 2266 habeantur,
1421 2231 1512 2269 quos
1537 2219 1598 2268 fe-

152 2282 250 2321 rales
276 2282 364 2319 dixit
392 2287 430 2331 2,
459 2286 507 2320 34
533 2290 569 2319 et
595 2282 634 2330 5,
660 2283 756 2329 486,
791 2279 1095 2330 quemadmodum
1123 2280 1236 2316 Trist.
1265 2282 1304 2326 3,
1331 2282 1370 2328 3,
1390 2283 1436 2317 81
1464 2278 1600 2328 feralia

153 2357 223 2399 pro
245 2344 492 2392 parentalibus
517 2344 648 2394 posuit.
702 2343 845 2381 Feralia
873 2353 984 2389 uero,
1019 2343 1079 2390 qui
1106 2349 1160 2378 est
1186 2342 1301 2378 omnis
1327 2343 1402 2380 eius
1429 2344 1600 2394 temporis

155 2407 353 2453 terminus,
384 2407 511 2455 utique
543 2405 631 2444 mihi
666 2403 809 2440 uidetur
841 2404 998 2441 indicare
1031 2417 1064 2440 a.
1094 2403 1130 2440 d.
1156 2404 1206 2440 ΙΧ
1232 2403 1316 2440 Kal.
1343 2404 1450 2442 Mart.
1504 2404 1600 2441 Nam

156 2479 239 2503 cum
266 2467 372 2503 codd.
402 2479 519 2516 aequa
547 2467 728 2516 utrimque
753 2467 968 2502 auctoritate
1005 2465 1191 2502 discedant
1225 2466 1261 2502 iu
1295 2466 1491 2515 scripturas
1517 2476 1601 2503 cm·-

155 2529 256 2565 mina
281 2533 409 2565 nostra
435 2528 510 2565 dies
535 2536 570 2565 et
597 2530 758 2565 carmina
784 2532 911 2565 nostra
935 2527 1058 2577 pedes,
1095 2539 1246 2576 quarum
1281 2527 1376 2563 illam
1411 2538 1517 2564 nemo
1543 2537 1602 2564 sa-

158 2602 226 2626 nus
252 2601 331 2626 sese
357 2590 555 2639 intelligere
580 2591 735 2639 putabit,
762 2589 852 2627 haec
879 2590 1025 2627 tabulae
1047 2588 1251 2626 Maffeauae
1276 2596 1314 2625 et
1339 2588 1604 2626 Lambecianae

160 2649 385 2696 aduersatur‚
412 2653 617 2688 coniectura
643 2658 697 2688 est
722 2652 922 2701 promenda
947 2653 992 2688 ab
1015 2658 1168 2701 utraque
1194 2651 1371 2700 scriptura
1398 2663 1469 2688 nou
1496 2651 1605 2699 longe
