1685 2954
124 74 206 120 182
681 87 998 117 Fas-ronvn

177 189 250 230 llle
277 188 438 228 domum
466 186 641 241 glandes
669 201 932 241 excussaque
960 200 1070 230 mora
1098 189 1252 230 rubetis

232 257 386 308 Portat,
414 260 456 294 et
485 254 634 295 arsuris
663 256 774 296 arida
803 258 916 310 ligna
943 255 1066 297 focis:
1484 262 1563 297 510

178 323 285 364 Filia
314 335 440 376 parua
472 321 575 363 duas
603 325 819 377 redigebat
847 330 985 363 monte
1014 326 1211 377 capellas:

233 391 290 430 Et
318 395 433 430 tener
461 391 500 430 in
529 392 647 431 cunis
674 392 780 432 filius
811 405 939 446 aeger
968 398 1066 433 erat.

178 458 327 509 Mater,
356 459 413 498 ait
442 458 570 511 uirgo.
606 465 718 500 mota
748 466 813 500 est
841 460 920 500 dea
949 461 1110 500 nomine
1138 460 1295 499 matris:

235 522 342 574 Quid
371 525 475 566 facis
505 527 545 565 in
574 526 674 567 solis
703 528 940 568 incomitata
968 525 1101 568 locis?

178 590 352 632 Restitit
380 598 425 632 et
454 594 601 646 senior,
632 593 820 646 quamuis
850 607 953 634 onus
980 601 1115 647 urget,
1145 601 1190 634 et
1218 601 1318 647 orat,
1487 598 1566 635 515

235 659 367 699 Tecta
396 673 498 700 suae
527 663 676 701 subeat
704 661 1074 714 quantulacumque
1103 673 1240 701 casae.

179 725 252 766 Illa
280 733 419 780 negat.
459 729 667 767 simularat
696 740 828 780 anum,
857 728 1055 780 mitraque
1086 729 1255 781 capillos

235 794 461 835 Presserat.
501 795 670 835 instanti
700 795 799 834 talia
827 793 937 835 dicta
966 795 1106 835 refert:

182 860 342 913 Sospes
373 875 458 914 eas,
489 866 741 915 semperque
761 875 923 915 parens.
960 863 1055 902 mihi
1081 863 1162 902 filia
1188 868 1303 915 rapta
1333 868 1410 903 est.

235 929 331 969 Heu
359 931 500 970 melior
529 937 681 984 quanto
711 944 801 972 sors
832 937 904 970 tua
933 936 1044 969 sorte
1073 943 1165 969 mea
1194 933 1279 970 est!
1491 933 1571 969 520

180 994 305 1035 Dixit.
335 1002 377 1035 et
397 1002 442 1036 ut
461 997 664 1050 lacrimae,
684 1011 818 1050 neque
840 999 944 1037 enim
966 998 1177 1038 lacrimare
1198 997 1363 1038 deorum
1387 1002 1465 1050 est,

236 1063 403 1104 Decidit
430 1061 471 1102 in
502 1064 665 1116 tepidos
693 1064 827 1104 lucida
856 1071 975 1119 gutta
1004 1066 1132 1105 sinus.

181 1129 303 1170 Flent
331 1131 482 1182 pariter
508 1132 654 1171 molles
683 1133 827 1172 animis
855 1133 1053 1186 uirgoque
1083 1145 1308 1185 senexque,

236 1198 273 1237 E
303 1198 448 1251 quibus
478 1199 583 1239 haec
611 1197 709 1240 iusti
737 1200 862 1240 uerba
892 1200 1005 1240 fuere
1035 1201 1168 1240 senis:

183 1262 257 1305 Sic
286 1263 370 1318 tibi,
399 1279 520 1319 quam
551 1267 732 1320 quereris
761 1274 929 1320 raptam,
960 1268 1015 1307 sit
1043 1267 1123 1307 filia
1155 1279 1324 1318 sospes:
1492 1270 1571 1307 525

240 1332 390 1388 Surge,
418 1346 497 1374 nec
529 1335 709 1388 exiguae
740 1333 909 1387 despice
939 1341 1053 1376 tecta
1082 1346 1221 1375 casae.

181 1494 267 1531 509.
304 1506 509 1544 excusaque
529 1495 565 1541 f.
671 1497 758 1534 511.
793 1496 882 1532 duas
909 1496 1108 1546 pendentes
1135 1507 1228 1546 rupe
1254 1507 1335 1545 cap.
1361 1497 1398 1531 4.
1439 1495 1578 1543 redige-

133 1543 196 1580 bat
218 1557 310 1594 rupe
336 1557 418 1595 cap.
442 1549 492 1582 28
503 1549 563 1582 33.
605 1546 791 1595 redigebat
816 1547 912 1583 sorte
938 1559 1019 1595 cap.
1105 1544 1150 1583 Σ.
1192 1547 1341 1595 capillos
1368 1549 1553 1595 Eitea-pr.

181 1596 268 1631 512.
299 1595 348 1631 Et
372 1603 476 1632 tener
503 1597 537 1632 in
571 1605 674 1633 tener
706 1600 741 1633 in
776 1610 857 1633 cun.
888 1599 1080 1645 Emeupr.
1198 1598 1285 1632 513.
1322 1603 1376 1632 est
1406 1595 1452 1632 de
1482 1608 1578 1633 nom.

137 1641 259 1681 Φπια.
272 1657 327 1694 pr.
437 1647 525 1686 514.
557 1648 629 1684 sac.
658 1648 805 1683 insolitis
832 1647 903 1691 (ed.
929 1649 1024 1693 Vic.)
1053 1647 1272 1682 incomittata
1299 1649 1484 1694 Ema-pr.
1524 1646 1580 1682 in-

131 1695 215 1731 solis
247 1697 293 1732 G.
334 1696 403 1732 inc.
432 1697 522 1745 iugis
549 1695 737 1734 FP‘Pbs
759 1702 854 1741 σῶος
887 1696 1169 1744 ΟΔρυιιν.εεν.
1282 1697 1369 1732 515.
1402 1699 1478 1743 Ita,
1506 1697 1581 1733 Re-

131 1745 233 1792 stitit,
259 1745 634 1796 Ilf.Bmea.pr.r
650 1750 699 1783 20
725 1752 893 1796 ιμιιιιιιον.
935 1747 1116 1783 Praestitit
1143 1759 1162 1783 s
1188 1746 1269 1783 dno.
1309 1747 1471 1782 Perstitit
1497 1759 1581 1784 cae-

135 1797 214 1832 teri.
265 1796 380 1832 honus
408 1799 453 1833 Ε.
503 1811 562 1833 ou.
593 1805 718 1846 urgeat
746 1806 826 1833 orat
851 1795 954 1833 AB.
1061 1799 1146 1833 516.
1183 1798 1298 1832 'l‘osta
1325 1800 1370 1834 E.
1421 1798 1538 1833 'resta
1563 1811 1583 1836 r

133 1858 272 1894 vta-pr.
312 1847 361 1883 Vt
387 1848 515 1884 subeat
542 1855 637 1884 tecta
664 1856 788 1896 quant.
816 1848 938 1884 hueu.
961 1848 1014 1885 ed.
1060 1849 1139 1884 sub.
1169 1846 1436 1897 qualiacunque
1467 1845 1587 1895 ΨΔῘ

133 1908 158 1944 p
183 1901 326 1944 septem.
430 1898 517 1934 517.
546 1899 600 1934 Ill.
631 1911 764 1946 negans
789 1900 833 1934 G.
873 1899 1055 1934 simulauit
1079 1896 1129 1934 Ψ.
1168 1899 1313 1934 simulat
1337 1911 1376 1934 se
1402 1910 1510 1934 auum
1533 1897 1581 1937 Σ.

138 1948 329 1983 simulabat
355 1960 387 1985 r.
499 1950 584 1985 518.
625 1950 709 1984 talia
740 1950 850 1984 uerba
877 1946 1209 1994 DEGWAEbt'
1229 1948 1390 1985 sedecim.
1494 1950 1582 1987 519.

138 1996 248 2045 Sosp-
278 2010 358 2034 eras
388 2001 432 2035 B.
486 2011 556 2048 que
588 2009 693 2047 pater
727 1999 811 2034 mihi
838 1999 897 2036 A.
953 2012 1025 2048 que
1051 2011 1158 2048 pares
1183 1998 1213 2045 1⁰.
1267 2006 1381 2048 nupta
1412 2006 1467 2036 est
1499 2000 1532 2037 b.

185 2048 272 2084 520.
302 2049 358 2084 Eu
388 2050 469 2085 mel.
491 2050 539 2086 A.
580 2050 656 2084 Heu
686 2057 821 2098 quanto
850 2050 976 2085 melior
1003 2052 1185 2086 GNtres.
1228 2049 1310 2084 mel.
1337 2057 1511 2097 quantum
1532 2048 1580 2087 Γ.

135 2103 198 2133 tua
224 2110 294 2134 om.
316 2098 336 2135 b
352 2111 498 2148 mcum.
548 2111 626 2135 mea
653 2106 708 2145 est
735 2099 817 2136 libri
842 2104 984 2148 practer
1010 2112 1099 2148 quos
1124 2111 1196 2148 seq.
1217 2096 1313 2145 (Σῖ)
1337 2099 1395 2136 '1¹11
1403 2113 1497 2148 yms
1517 2111 1582 2137 sex

136 2146 242 2184 alios.
347 2151 434 2186 521.
464 2151 551 2186 laer.
575 2162 641 2185 nec
668 2164 725 2186 en.
745 2148 879 2187 ΛΣΙ).
921 2151 1058 2188 lacrim.
1086 2151 1255 2186 decorum
1282 2162 1388 2187 unus.
1431 2158 1485 2187 est
1510 2150 1579 2190 ahi.

134 2195 531 2249 Efflyma.pr.s2021
551 2211 629 2236 sex.
662 2200 782 2237 Gloss.
795 2204 846 2237 E:
866 2201 1027 2246 lacrimo]
1045 2201 1223 2248 genitiuus
1237 2208 1303 2236 est.
1407 2203 1493 2237 522.
1522 2200 1579 2235 ln·

136 2248 220 2284 cidit
245 2251 374 2287 Euar.
393 2263 462 2287 scr.
509 2250 687 2299 intepidos
719 2253 764 2287 G.
819 2251 977 2301 trepidos
1008 2248 1307 2287 HDFOEDPAb
1324 2263 1394 2287 ma.
1412 2263 1466 2299 pr.
1494 2254 1577 2286 tres.

135 2299 301 2345 crepidos
327 2313 359 2337 r.
405 2301 515 2337 liuida
541 2301 603 2337 A.
652 2302 768 2337 lurida
793 2305 855 2338 20.
905 2302 1038 2351 liquida
1065 2308 1167 2350 gutta
1194 2303 1255 2337 48.
1365 2301 1450 2336 523.
1485 2300 1581 2336 Fent

133 2346 202 2393 Ilf.
223 2361 295 2386 ma.
313 2362 371 2398 pr.
418 2351 600 2401 Flentque
626 2364 704 2401 par.
733 2354 768 2388 E
782 2352 847 2389 sub
866 2364 943 2389 ras.
986 2352 1084 2388 moll.
1112 2351 1225 2387 omnis
1251 2350 1270 2387 b
1289 2362 1360 2387 ma.
1378 2361 1434 2398 pr.
1479 2350 1578 2387 moll.

135 2397 272 2434 animos
299 2412 406 2438 sata.
424 2414 480 2450 pr.
531 2402 629 2438 moll.
658 2403 764 2438 animi
793 2402 980 2439 21121220
1005 2402 1088 2439 duo.
1139 2402 1238 2438 moll.
1264 2400 1381 2436 animo
1407 2401 1458 2436 N.
1508 2412 1581 2449 que

134 2454 314 2497 paterque
334 2452 377 2486 N
382 2463 462 2488 παν.
476 2464 545 2489 scr.
651 2453 738 2490 524.
767 2453 856 2489 haec
883 2454 965 2489 iussi
991 2451 1056 2499 11f.
1096 2452 1187 2489 haec
1212 2451 1293 2487 lassi
1320 2452 1467 2486 21420
1485 2451 1582 2487 alius

134 2502 168 2534 et
193 2497 261 2544 ΗΓ.
277 2511 350 2536 ma.
367 2513 434 2537 sec.
462 2514 577 2551 supra
602 2502 666 2539 lin.
769 2504 856 2539 525.
884 2503 941 2539 Sit
965 2503 1029 2549 fh.
1068 2506 1146 2548 Ita,
1172 2514 1232 2550 qu·
1253 2512 1353 2548 quer·
1376 2509 1485 2549 rapt.,
1511 2500 1580 2547 Ilt'-

133 2560 243 2597 quam
269 2557 409 2599 raptam
437 2554 598 2599 quereris
621 2552 872 2602 mema.pr.
894 2553 1009 2590 decem
1018 2566 1028 2597 ;
1052 2563 1204 2600 ysuar.
1220 2561 1290 2586 scr.
1331 2562 1440 2599 quam
1466 2563 1579 2600 quae-

135 2598 184 2634 ris
209 2599 253 2636 sit
277 2612 402 2650 sospes
436 2602 508 2637 lilia
535 2611 675 2652 raptam
703 2605 753 2639 N.
799 2617 908 2652 quam
935 2611 1074 2652 raptam
1102 2600 1242 2650 quaeris
1268 2602 1425 2647 (queris)
1450 2603 1495 2639 sit
1521 2613 1580 2640 re-

136 2646 236 2698 liqui.
337 2651 424 2688 526.
452 2652 546 2700 exig.
573 2654 711 2702 despue
737 2666 773 2690 m
791 2653 857 2691 sub
877 2666 968 2697 ras„
995 2657 1035 2688 ut
1059 2649 1215 2699 putabat
1239 2652 1384 2691 Heins.1
