1685 2954
121 37 204 69 ch
587 40 644 67 DE
671 40 798 69 Lvms
830 40 1103 71 CIRCENSIBVS

119 140 224 177 tertia
256 144 428 176 annotat:
464 137 516 188 τῇ
548 134 593 174 δὲ
619 133 732 188 ἑξῆς,
764 135 853 189 ἣτις
879 138 935 184 ἐςὶ
960 139 1038 189 πρὸ
1065 134 1273 191 τεσσάρων
1298 139 1452 179 Νωνῶν
1476 138 1558 180 Ἰα-

118 198 326 250 νουαριόυ,
354 193 569 246 ἐσχόλαζον
596 195 663 235 διὰ
690 197 740 237 τὰ
767 197 854 252 ἱερὰ
881 198 930 239 τὰ
958 198 1230 252 ἱπποδρόμια,
1261 203 1312 239 uti
1339 204 1458 252 placet
1481 205 1560 242 edi-

120 264 270 300 toribus.
322 262 488 297 Instituta
515 272 593 296 esse
619 272 641 297 a
664 261 822 300 Romulo
848 264 958 300 tradit
983 264 1118 301 Paulus
1146 277 1183 314 p.
1201 267 1264 310 81,
1288 268 1354 301 11:
1382 265 1498 302 locum
1525 266 1562 302 in

122 325 246 362 Coelio
282 329 405 359 monte
439 323 485 358 ab
515 321 648 359 Ouidio
675 327 713 372 3,
741 325 814 361 522
849 325 1045 362 indicatum
1072 327 1274 364 Martialem
1300 338 1466 375 campum
1493 339 1563 364 no-

121 387 232 423 minat
257 397 294 433 p.
317 387 403 431 131,
427 386 485 420 13.
539 383 571 419 Is
605 385 683 434 ipse
715 386 814 423 locus
848 387 878 423 si
903 399 925 423 a
950 387 1053 424 Liuio
1080 391 1118 435 3,
1145 389 1193 424 63
1219 388 1370 423 Martius
1397 393 1562 435 uocatur,

121 458 218 497 quae
251 446 398 494 egregia
436 450 490 481 est
521 444 709 482 Niebuhrii
743 448 949 484 coniectura
973 449 1010 485 h.
1039 449 1108 485 Ro.
1138 453 1175 495 3,
1208 462 1244 498 p.
1261 449 1334 484 425
1362 461 1445 485 ann.
1474 450 1563 496 827,

120 507 312 558 probabile
337 512 414 553 est,
452 506 516 542 nisi
542 506 670 555 fallor,
698 508 733 543 in
770 509 881 557 pratis
907 509 1092 546 Flaminiis
1120 510 1196 546 fieri
1223 511 1307 546 olim
1335 509 1564 546 consueuisse

120 569 292 618 Equiria:
326 568 518 616 utrobique
552 569 645 604 enim
677 569 712 605 in
747 569 907 605 eiusdem
945 570 1003 606 dei
1038 572 1150 608 tutela
1185 579 1331 609 senatus
1367 578 1456 608 erat.
1510 572 1564 607 Ae

122 642 205 666 cum
231 629 335 666 ludos
360 630 525 679 publicos
553 629 674 667 Ouidii
709 637 829 667 aetate
861 644 941 667 cum
967 632 1142 682 dignitate
1175 633 1289 670 factos
1317 633 1426 669 fuisse
1451 645 1565 682 opor-

122 697 211 740 teat,
239 703 357 740 neque
382 692 427 727 sit
455 703 599 728 necesse
622 692 847 739 9ramineum
872 703 1037 740 campum
1064 694 1110 728 ab
1136 693 1270 730 Ouidio
1297 695 1404 730 alium
1432 693 1566 742 signifi-

122 754 218 800 cari,
255 765 362 801 quam
390 753 505 802 ipsum
533 764 699 801 campum
726 752 919 799 Martium,
952 760 1264 803 quantusquantus
1290 755 1356 791 suit
1383 755 1447 800 (de
1471 754 1566 793 ludis

122 814 321 865 piscatoriis
347 816 381 850 in
406 815 570 862 gramme
594 815 712 862 campi
737 814 772 858 6,
794 815 869 849 237
896 814 979 862 quia
1006 815 1103 863 quod
1132 828 1243 863 genus
1270 815 1392 863 suerit,
1419 816 1565 852 omnino

123 876 264 925 ignoro,
291 874 376 911 nihil
403 875 577 922 definio);
616 887 696 910 cum
723 882 911 923 praeterea
940 882 1043 924 prata
1069 875 1268 923 Flaminia,
1295 878 1374 914 siue
1400 890 1567 926 campum

122 936 338 974 Flaminium
365 937 518 986 posthac
537 935 843 972 inclusum‘fuisse
868 936 961 972 circo
984 936 1160 973 Flaminio
1182 939 1386 974 noueriznus
1411 950 1455 974 ex
1472 939 1568 974 Var-

122 1009 212 1034 rone
241 997 288 1033 de
313 998 336 1033 l.
363 997 388 1034 l.
416 999 452 1043 5,
482 999 568 1046 154,
595 998 699 1033 Liuio
726 1000 764 1045 3,
791 997 841 1033 54
866 996 946 1045 fin.,
975 1010 1104 1035 censeo
1130 999 1278 1049 Equiria
1304 1006 1384 1035 acta
1410 1000 1446 1035 in
1473 999 1567 1036 circo

122 1059 301 1096 Flaminio
328 1058 485 1095 indicare
513 1058 708 1107 Ouidium,
742 1059 794 1095 uti
820 1058 985 1096 Plebeios
1013 1061 1210 1108 circenses,
1244 1061 1290 1097 de
1316 1062 1444 1110 quibus
1471 1060 1570 1110 loqui

123 1121 269 1158 uidetur
290 1121 408 1156 Varro
435 1121 533 1170 apud
562 1120 668 1157 Seru.
697 1120 743 1157 ad
771 1133 826 1170 ge.
857 1124 894 1168 3,
921 1123 986 1157 18:
1021 1121 1117 1158 Olim
1143 1124 1235 1159 enim
1262 1125 1297 1159 ῐη
1318 1122 1421 1159 litore
1446 1120 1570 1169 flumi-

122 1185 182 1220 nis
207 1185 378 1219 circenses
403 1182 650 1231 a9itabantur‚
676 1184 713 1219 in
738 1182 851 1219 altero
878 1182 990 1219 latere
1007 1186 1135 1231 positis
1157 1183 1305 1232 ρῖαᾶὶὶε,
1331 1189 1372 1220 ut
1397 1183 1441 1220 ab
1462 1188 1570 1221 utra-

123 1257 190 1294 que
209 1249 315 1294 parte
339 1248 430 1280 esset
454 1246 625 1292 ignauiae
648 1256 818 1293 praesens
844 1244 1052 1294 periculum.
1097 1245 1153 1282 De
1180 1258 1223 1282 eo
1251 1246 1344 1281 circo
1371 1246 1476 1281 scribi
1502 1258 1570 1295 po-

122 1307 234 1343 tuisse
261 1305 383 1343 Ouidii
408 1318 444 1341 u.
459 1307 531 1341 521
560 1305 666 1342 docet
687 1306 757 1342 Dio
781 1306 883 1343 Cass.
910 1307 972 1351 56,
989 1309 1055 1342 27:
1086 1304 1135 1343 τά
1163 1319 1204 1343 τε
1221 1301 1357 1355 Ἄρεια
1385 1301 1475 1343 τότε
1497 1303 1571 1355 μὲν

123 1361 260 1416 ἐπειδὴ
286 1361 307 1404 ὃ
332 1364 494 1414 Τίβερις
519 1361 587 1402 τὸν
615 1362 868 1416 ἱππόδρομον
895 1365 1140 1416 προκατέσχε
1168 1366 1208 1405 ἐν
1235 1370 1284 1419 τῇ
1311 1368 1383 1404 τοῦ
1403 1363 1571 1417 Αὐγού-

124 1440 196 1474 ςου
224 1424 353 1484 ἀγορᾷ
379 1425 445 1464 καὶ
467 1424 602 1464 ἵππων
630 1423 770 1480 δρόμῳ
798 1426 864 1465 καὶ
886 1425 1043 1477 θηρίων
1071 1430 1211 1481 σφαγῇ
1239 1425 1428 1479 ἐτιμήθη.
1470 1431 1572 1467 Haec

125 1492 239 1528 uerba
265 1491 435 1541 quoniam
461 1489 507 1527 de
534 1491 618 1540 ipsis
643 1491 800 1541 Equiriis
827 1491 897 1527 dici
923 1504 995 1527 non
1023 1493 1210 1540 existimo,
1247 1491 1439 1528 reserenda
1465 1498 1573 1529 erunt

124 1552 172 1590 ad
205 1552 311 1589 ludos
346 1553 471 1589 Martis
502 1552 638 1589 Vltoris
663 1553 714 1589 lV
739 1551 792 1589 ld.
818 1552 919 1600 Mai„
956 1553 1052 1602 quod
1089 1555 1241 1590 alterum
1276 1561 1331 1590 est
1366 1552 1572 1603 exemplum

122 1615 333 1651 circensium
361 1614 438 1651 sine
463 1615 612 1651 scenicis
638 1614 736 1664 apud
765 1613 937 1651 Ouidium
965 1616 1002 1662 5,
1030 1615 1126 1663 597,
1154 1628 1197 1652 ac
1223 1615 1268 1652 de
1295 1615 1401 1662 loco,
1436 1627 1508 1664 quo
1535 1614 1574 1651 hi

123 1677 181 1725 agi
208 1676 278 1712 sint
305 1676 422 1724 soliti,
462 1677 631 1713 certiores
658 1690 723 1714 nos
758 1676 916 1712 faciunt:
954 1676 1000 1712 de
1037 1689 1110 1725 quo
1146 1678 1234 1714 alias
1260 1677 1353 1713 tradi
1379 1677 1573 1726 quicquam

123 1737 221 1774 haud
247 1738 404 1774 memini.
456 1738 644 1788 Equorum
670 1738 837 1787 probatio
866 1737 982 1786 pridie
1011 1737 1189 1774 circenses
1214 1738 1400 1774 Romanos
1426 1744 1462 1774 et
1488 1737 1572 1775 Ple-

124 1799 224 1836 beios
260 1805 456 1836 annotatur
490 1801 527 1835 in
563 1799 686 1835 tabula
716 1798 922 1834 Maffeana:
963 1798 999 1834 in
1036 1798 1129 1835 ludis
1157 1799 1285 1835 Martis
1313 1799 1445 1835 Vltoris
1474 1812 1572 1836 com-

123 1863 315 1897 memorari
342 1861 486 1898 uidetur
511 1873 533 1897 a
558 1861 676 1898 Dione
701 1860 766 1908 55,
792 1862 860 1896 10:
899 1872 1028 1896 canum
1056 1861 1220 1910 probatio
1254 1861 1321 1897 sub
1349 1860 1497 1898 Nerone
1525 1860 1572 1897 ab

124 1921 252 1958 eodem
282 1922 438 1959 traditur
463 1925 524 1967 61,
551 1924 587 1959 6.

228 1984 386 2027 Quando
409 1986 584 2021 circenses
605 1983 679 2021 ludi
698 1984 846 2021 scenicis
868 1984 980 2020 iuncti
1005 1983 1165 2029 fuerunt,
1186 1984 1348 2021 ultimum
1369 1985 1487 2022 locum
1507 1984 1572 2021 ob-

125 2045 335 2092 tinuerunt,
371 2059 442 2083 non
470 2046 596 2083 eodem
623 2046 755 2095 ubique
792 2046 930 2083 dierum
956 2057 1120 2084 numero.
1171 2045 1265 2082 lllud
1296 2035 1347 2083 del
1368 2046 1571 2082 Floralibus

125 2103 272 2157 quo'que
299 2107 452 2145 Ouidius
479 2114 631 2145 testatur
659 2108 696 2155 5,
725 2109 818 2144 1892

313 2171 437 2207 Circus
461 2173 499 2208 ‘in
524 2170 618 2207 lmnc
643 2172 719 2206 exit
744 2170 973 2219 clamataque
997 2170 1125 2220 palma
1152 2169 1313 2213 theatris,

126 2229 197 2268 hoc
223 2237 290 2276 est,
317 2233 493 2270 circenses
520 2238 596 2268 tum
622 2232 723 2279 fieri,
751 2244 831 2267 cum
858 2240 941 2281 post
965 2233 1124 2268 scenicos
1150 2232 1270 2281 palma
1296 2230 1381 2267 data
1406 2230 1462 2266 sit.
1505 2229 1573 2267 ⁴De

128 2304 173 2329 ea
199 2293 324 2342 palma
351 2295 470 2331 locum
496 2294 581 2330 olim
608 2292 845 2330 emendabam
866 2292 988 2329 Ouidii
1014 2293 1104 2329 trist.
1126 2296 1165 2340 2,
1185 2293 1271 2328 507.
1326 2291 1500 2328 Conseres
1525 2290 1572 2328 de

126 2352 332 2390 fabularum
374 2355 547 2391 iudicibus
583 2367 677 2403 quae
716 2355 905 2391 annotauit
942 2362 977 2391 et
1016 2367 1106 2403 quos
1142 2352 1313 2389 indicauit
1346 2352 1573 2389 Weichertus

130 2421 230 2464 poet.
253 2417 332 2453 rell.
348 2429 384 2466 p.
402 2418 488 2453 336.
528 2416 692 2453 Florales
719 2417 893 2453 circenses
921 2416 980 2452 ubi
1007 2416 1075 2452 acti
1101 2415 1235 2452 fuerint
1262 2421 1345 2450 ante
1371 2420 1574 2450 extructum

128 2478 260 2514 circum
287 2478 443 2526 Florae,
480 2490 589 2528 quem
625 2490 647 2514 a
671 2478 848 2528 scriptore
881 2475 980 2514 nullo
1016 2477 1140 2513 tabula
1162 2474 1344 2512 Maffeaua
1377 2475 1575 2512 uetustiore

127 2545 191 2575 aut
217 2540 359 2589 aequali
385 2540 658 2576 commemorari
691 2546 830 2576 certum
857 2546 931 2588 est,
969 2540 1109 2576 nescio:
1147 2550 1213 2575 nec
1239 2537 1382 2574 memini
1414 2536 1574 2574 disertim
1613 2577 1617 2581 ,

123 2611 297 2650 equorum
324 2607 507 2638 certamen
534 2601 569 2637 in
596 2602 636 2638 iis
662 2601 756 2639 ludis
783 2601 904 2652 tradi,
943 2607 982 2639 ut
1014 2600 1168 2638 fortasse
1193 2599 1339 2637 uenatio
1366 2605 1509 2637 tantum
1535 2598 1572 2635 in
