1685 2954
121 51 255 89 ccxxv
751 51 810 98 nn
838 51 935 100 oms

122 157 434 198 consecrarentur,
459 148 507 188 de
533 150 663 201 quibus
687 163 785 201 quae
809 151 908 191 dicta
936 158 1022 191 sunt
1046 164 1084 204 p.
1103 161 1445 200 cxx1v,cxxvm
1474 165 1562 191 oon·

122 213 220 252 serre
244 214 381 264 poteris
407 224 489 249 cum
515 212 766 253 Clausenianis
793 226 831 265 p.
849 216 962 263 1092,
978 216 1090 259 1093,
1116 214 1222 251 facile
1247 213 1479 265 intelligitur:
1506 215 1563 252 cui

121 274 362 313 coniunctioni
396 273 597 311 inseruiunt
628 274 789 313 fortassis
819 277 993 327 sagittae,
1021 276 1080 312 uel
1107 274 1316 323 uenabula,
1349 287 1447 324 quae
1471 275 1564 313 indi·

119 342 250 373 cantur
274 335 320 372 ab
347 333 483 372 Ouidio
501 347 537 372 u.
553 337 643 384 438,
669 336 735 377 csr.
762 345 940 375 annotata
965 337 1012 374 ad
1036 337 1113 374 Ibin
1137 351 1173 374 u.
1187 339 1252 385 48,
1280 348 1564 374 commemoran-

119 403 180 433 tur
204 408 229 433 a
254 396 402 443 Gellio,
438 402 566 434 extant
598 398 634 434 in
671 399 801 436 numis.
853 398 996 436 Deinde
1034 399 1226 436 accessisse
1260 397 1406 435 uidetur
1438 397 1565 435 fabula

117 457 335 506 graecanica
361 457 408 494 de
433 457 520 495 loue
544 458 708 507 infante,
734 471 771 498 u.
792 462 865 497 443
883 473 952 510 sq„
988 460 1088 496 cuius
1120 461 1275 509 primum
1303 472 1349 496 ex
1379 459 1565 497 Ciceronis

116 524 253 566 aetate,
279 519 308 555 si
334 517 551 556 Vaillantius
577 528 676 558 recte
701 521 897 570 iudicauit,
925 528 1093 571 superest
1120 522 1363 559 testimonium
1391 522 1426 558 in
1454 533 1566 558 numo

114 579 374 628 Fonteiorum,
407 593 505 618 num.
533 581 620 619 fam.
647 580 818 629 Romam.
847 587 883 630 1,
911 595 949 632 p.
964 583 1057 618 450:
1100 583 1165 618 nisi
1190 582 1286 620 sorte
1313 594 1450 633 caprae
1476 581 1566 619 illud

114 641 373 688 simulacrum,
409 642 508 692 quod
544 654 657 693 supra
682 643 743 678 lib.
767 637 831 691 Vl,
860 643 907 680 fr.
931 645 956 679 4
982 644 1183 680 Varronem
1219 645 1363 682 nouisse
1398 643 1566 691 uidimus,

115 703 267 740 fabulae
291 703 435 740 iamiam
461 703 530 740 suit
554 710 823 753 argumentum.
874 704 1063 741 Postremo
1094 698 1313 753 extiterunt,
1341 706 1403 754 qui
1429 705 1567 754 Apolli-

114 775 199 801 nem
228 764 325 801 hunc
350 764 459 802 deum
482 777 561 802 esse
585 765 773 813 docerent,
803 766 1025 814 grammatici
1051 766 1128 802 sine
1152 765 1275 810 dubio,
1301 771 1459 802 testante
1477 766 1568 802 Gel-

113 825 175 863 lio.
229 825 443 863 Clausenius
471 839 572 864 more
597 839 664 864 suo
689 828 761 864 iam
788 826 928 877 pridem
957 838 992 863 a.
1018 827 1065 863 V.
1086 827 1130 863 C.
1151 828 1227 863 560
1252 832 1405 876 propter
1431 838 1569 875 cogna-

113 887 250 924 tionem
271 899 352 923 cum
375 889 591 938 Aesculapio
618 889 654 925 in
681 889 798 925 insula
816 889 993 924 Tiberina
1012 895 1261 925 consecratum
1286 894 1389 937 putat
1414 900 1452 937 p.
1471 890 1566 924 1091

114 954 153 985 et
178 948 428 986 uetustissimis
449 950 586 987 Latinis
613 951 650 987 in
676 949 848 986 feriarum
872 950 1087 985 Latinarum
1115 950 1316 986 cerimoniis
1342 949 1569 986 instituendis

113 1015 239 1046 notam
265 1010 378 1046 fuisse
403 1022 572 1060 graecam
599 1011 762 1047 fabulam
788 1012 930 1062 scripsit
957 1024 993 1061 p.
1009 1014 1104 1047 801:
1136 1013 1282 1048 Veiouis
1306 1011 1467 1048 tummelt
1493 1009 1569 1047 sicr·

116 1071 193 1118 auf
219 1070 282 1109 der
317 1071 554 1120 sprinyenden
582 1074 704 1121 Zieyo.
760 1075 842 1110 Wie
867 1073 929 1109 der
958 1074 1047 1109 Gon
1082 1072 1141 1110 als
1166 1072 1299 1109 Kitabe
1324 1074 1470 1122 Spruny
1494 1070 1571 1108 mul

115 1131 298 1180 Schunmy
324 1132 449 1181 yetiebt
476 1132 552 1170 und
578 1136 665 1170 ietzt
690 1135 728 1169 in
754 1133 827 1170 *ihm
853 1133 931 1171 sich
958 1135 994 1170 in
1022 1132 1077 1169 die
1103 1133 1219 1179 Liit'te
1242 1132 1391 1171 erhoben
1417 1132 1502 1180 hat,
1528 1145 1570 1169 so

114 1193 292 1242 schwinyt
320 1206 406 1230 inan
434 1196 472 1231 in
509 1194 781 1242 ausyelassener
809 1194 1047 1232 Fromichkeit
1077 1194 1155 1232 sich
1187 1194 1260 1240 ates
1281 1194 1482 1232 Schaukeln
1507 1193 1570 1230 hin

113 1254 190 1291 und
214 1255 278 1292 her
292 1282 304 1302 ‚
340 1255 398 1292 uls
430 1267 534 1292 wenn
558 1268 646 1293 wan
670 1259 711 1293 in
741 1259 873 1294 seinem
899 1256 1032 1294 Reiche
1057 1256 1150 1293 nach
1173 1256 1247 1293 ihm
1273 1255 1409 1294 sucme.
1461 1255 1572 1291 Talia

113 1328 189 1354 non
215 1328 360 1366 semper
386 1328 505 1366 aequo
534 1318 653 1355 auimo
681 1319 751 1367 legi
777 1325 944 1369 possunt.

215 1378 256 1415 In
282 1381 407 1415 Anna
434 1377 651 1415 Perenna
682 1378 890 1415 definienda
917 1390 1065 1415 necesse
1092 1384 1147 1415 est
1174 1379 1394 1416 cerimonias
1421 1384 1459 1416 et
1488 1378 1572 1416 cul-

115 1446 192 1477 tum
226 1440 434 1477 discernere
469 1440 516 1476 ab
551 1440 780 1489 opinionibus
807 1447 845 1477 et
869 1440 1025 1488 fabulis,
1061 1440 1160 1490 quod
1186 1452 1299 1490 supra
1325 1454 1363 1491 p.
1389 1452 1571 1490 cmxxv,

117 1513 301 1539 cnxxvn
327 1501 466 1540 sactum
492 1508 547 1538 est
576 1513 599 1538 a
625 1501 741 1538 nobis.
789 1502 934 1539 Deinde
963 1515 1051 1538 uero
1078 1502 1329 1551 segregandae
1355 1508 1439 1539 sunt
1464 1501 1572 1540 sabu-

114 1564 177 1600 lae
202 1563 402 1613 populares
428 1569 465 1600 et
491 1564 822 1612 grammaticorum.
877 1564 1092 1600 Posterioris
1120 1564 1262 1613 generis
1288 1575 1384 1612 quae
1411 1564 1572 1613 pruden-

116 1630 173 1662 ter
199 1625 356 1674 perspici
381 1631 546 1674 possunt,
577 1623 720 1660 fortiter
748 1632 833 1661 sunt
859 1624 1095 1661 abiiciendae.
1136 1624 1316 1660 Neutrum
1344 1623 1401 1660 hic
1426 1637 1574 1676 quoque

116 1686 202 1723 satis
234 1686 443 1722 obseruauit
470 1684 701 1722 Clausenius.
754 1684 852 1722 Nam
886 1687 971 1734 quia
1006 1685 1168 1722 decreuit
1195 1686 1337 1720 Annam
1366 1685 1574 1724 Perennam

116 1747 289 1785 mollioris
315 1758 435 1795 aquae
462 1758 595 1782 numen
623 1757 717 1793 esse,
745 1747 821 1783 eius
845 1747 1038 1783 commenti
1062 1746 1244 1797 praesidia
1261 1747 1370 1783 etiam
1390 1758 1434 1783 ex
1451 1746 1574 1785 Ouidii

117 1822 180 1846 uu.
199 1809 411 1845 667—660
438 1807 582 1856 petiuit.
621 1809 752 1844 Lunae
774 1814 811 1844 et
837 1807 1020 1845 Themidis
1044 1809 1383 1858 interpretationem
1411 1808 1459 1845 ad
1485 1811 1575 1846 anni

119 1868 337 1907 uocabulum
356 1876 525 1919 spectare
546 1869 741 1907 intellexit:
770 1869 921 1906 Themis
943 1870 1039 1907 enim
1061 1875 1178 1906 mater
1197 1876 1252 1906 est
1274 1870 1456 1907 Horarum
1474 1870 1574 1921 apud

117 1932 277 1969 Pausan.
297 1932 337 1979 5,
360 1933 426 1970 17:
453 1931 517 1968 sed
546 1938 610 1969 aut
637 1943 756 1982 aquae
781 1932 898 1968 mollis
927 1944 1030 1968 usum
1053 1937 1130 1967 toto
1150 1943 1262 1979 anno,
1290 1938 1353 1968 aut
1377 1933 1463 1968 anni
1489 1932 1526 1969 li.
1539 1944 1572 1970 e.

120 1994 293 2044 temporis
319 2004 386 2042 per
413 1992 640 2042 clepsydram
666 1993 890 2030 mensionem
917 1994 967 2030 ait
993 1992 1155 2030 indicari.
1196 1992 1254 2029 De
1275 1995 1364 2030 Ione
1391 1994 1572 2029 coniectu·

121 2067 224 2103 ram,
260 2066 355 2104 quae
381 2062 467 2091 nata
497 2061 552 2091 est
584 2066 627 2090 ex
652 2053 800 2092 fabulae
832 2055 1022 2105 popularis
1051 2061 1267 2104 argumento
1293 2061 1330 2091 et
1356 2044 1456 2091 Isidis
1490 2066 1570 2090 cum

121 2117 228 2154 Luna
253 2117 553 2166 comparatione,
590 2117 722 2165 repetit
747 2116 845 2165 inde,
872 2117 970 2167 quod
998 2117 1071 2153 Nili
1098 2128 1194 2165 aqua
1220 2116 1425 2153 mollissima
1447 2115 1569 2154 fuerit.

122 2179 180 2216 De
203 2178 363 2229 nympha
383 2176 573 2214 Atlantide
598 2184 790 2227 postquam
818 2179 867 2214 ita
893 2178 999 2215 dixit:
1030 2180 1095 2215 Boi
1116 2179 1227 2215 Anna
1255 2180 1334 2215 tritt
1359 2176 1415 2214 die
1437 2175 1571 2213 eruatu-

122 2240 229 2281 rende
246 2239 367 2286 Kraft
392 2239 454 2276 des
477 2241 688 2276 Gewcissers
714 2239 943 2277 uorncimlich
971 2242 1009 2276 in
1036 2239 1099 2276 der
1120 2241 1217 2287 Saye
1241 2238 1381 2282 hemor,
1407 2237 1496 2274 dass
1519 2239 1572 2274 sie

125 2302 203 2339 dem
228 2305 367 2351 Iupiter
392 2301 449 2338 die
474 2305 566 2338 erste
592 2302 717 2350 Speise
741 2301 896 2350 yereicht
922 2300 1034 2349 habe,
1069 2307 1243 2351 punctum
1279 2299 1447 2348 temporis
1480 2300 1571 2335 sub-

125 2363 258 2400 oluisse
283 2363 428 2399 uidetur
455 2362 502 2399 de
530 2364 849 2411 grammaticorum
884 2363 1056 2409 artificio,
1089 2373 1209 2412 neque
1240 2367 1358 2397 tamen
1386 2368 1571 2397 assecutus

125 2430 180 2460 est
205 2434 282 2461 rem
310 2424 449 2474 ipsam,
477 2430 514 2460 et
539 2425 570 2460 si
596 2431 780 2460 assecutus
809 2431 928 2471 esset,
965 2430 1022 2460 sat
1048 2424 1142 2468 scio,
1177 2421 1297 2458 denuo
1324 2423 1569 2471 peruenisset.

122 2485 387 2534 'Disputauerat
414 2486 507 2521 enim
535 2483 660 2534 aliquis
683 2489 824 2523 Annam
851 2498 930 2522 esse
954 2483 1222 2533 intelligendam
1241 2483 1450 2520 Arcadicam
1478 2482 1571 2520 louis

126 2546 299 2583 nutricem
319 2538 460 2594 Ἁγνώ,
490 2545 599 2583 Paus.
621 2548 660 2594 8,
680 2549 744 2595 38,
771 2559 794 2584 a
821 2559 895 2597 qua
920 2546 1002 2583 sons
1027 2545 1194 2596 perennis
1221 2545 1256 2580 in
1279 2544 1422 2593 Lycaeo
1449 2550 1572 2580 monte

127 2607 241 2647 dictus
268 2608 346 2646 suit.
402 2607 464 2644 llis
495 2608 605 2657 igitur
631 2621 779 2658 prorsus
811 2609 978 2660 sepositis
1006 2618 1048 2646 ac
1075 2607 1207 2644 relicti>-
1239 2606 1387 2643 fabulae
1415 2605 1571 2657 popula·
