1685 2954
163 67 221 112 80
724 79 1047 123 Masi-onvm

221 184 389 238 Iamque
415 179 486 222 ubi
513 179 704 222 suadebit
731 181 916 236 placidos
943 194 1027 223 nox
1053 180 1218 224 humida
1244 194 1422 237 somnos,

273 251 407 291 Parca
429 247 632 303 precaturi
659 249 807 291 sumite
834 249 930 290 uina
956 261 1092 304 manu,

219 319 288 372 Et,
316 319 422 359 bene
451 330 540 370 uos,
570 318 676 358 bene
702 323 747 358 te
774 315 932 371 patriae
959 322 1090 371 pater,
1117 318 1268 372 optime
1295 318 1468 372 Caesar,
1526 323 1605 360 635

274 387 413 427 Dicite
440 385 599 427 suffuso
628 391 692 427 ter
720 385 826 427 bona
853 385 980 427 uerba
1007 398 1131 426 mero.

223 522 322 564 Nox
348 520 417 561 ubi
445 521 661 574 transierit,
689 520 811 562 solito
840 520 1069 564 celebretur
1096 521 1247 563 honore

277 590 455 643 Separat
481 587 630 629 indicio
657 587 726 642 qui
753 588 859 629 deus
886 600 984 628 arua
1011 600 1101 629 suo.
1167 624 1169 629 ,

212 657 423 708 Termine,
451 656 541 697 siue
569 655 686 710 lapis,
716 653 807 696 siue
835 667 886 695 es
915 654 1110 696 defossus
1138 656 1178 696 in
1209 669 1309 711 agro

274 725 439 777 Stipes,
476 724 527 764 ab
557 721 734 775 antiquis
764 728 809 762 tu
840 733 1002 774 quoque
1030 736 1180 763 numen
1206 724 1349 764 habes.
1527 725 1608 764 640

216 794 279 834 Te
308 792 388 833 duo
417 791 579 832 diuersa
608 789 759 830 domini
785 801 856 841 pro
886 795 1002 841 parte
1029 796 1225 831 coronant

273 859 458 913 Bi'naque
485 864 599 898 serta
628 857 712 910 tibi,
742 856 917 909 binaque
945 855 1027 897 liba
1056 857 1200 898 ferunt.

216 930 301 971 Ara
329 928 389 976 fu.
428 927 510 968 hue
535 927 674 980 ignem
703 929 820 966 curto
850 924 930 964 fert
957 924 1112 966 rustica
1138 924 1281 979 testu‚s

209 1043 292 1078 633.
320 1040 394 1076 Iam
422 1038 486 1075 tibi
512 1037 614 1074 suad.
642 1041 728 1073 uett.
748 1035 802 1073 ed.
839 1037 902 1074 ubi
929 1050 998 1075 om.
1026 1039 1064 1075 G.
1102 1037 1162 1074 ubi
1188 1049 1255 1074 sua
1282 1036 1424 1075 dederit
1443 1040 1503 1075 M.
1541 1037 1610 1075 hu-

161 1092 258 1130 mida
284 1090 328 1128 ub
355 1092 459 1138 impr.
486 1101 560 1125 ma.
587 1090 625 1124 Ξη
650 1099 727 1125 ras.
754 1087 819 1133 ΗΓ.
860 1100 931 1125 nox
957 1089 1082 1125 ultima
1109 1090 1223 1125 BGZ
1246 1101 1321 1125 ma.
1340 1101 1396 1138 pr.
1424 1101 1460 1125 m
1485 1092 1534 1125 23
1548 1091 1610 1126 33.

157 1155 330 1192 sompnos
347 1143 390 1177 E.
417 1152 550 1176 sonnos
570 1136 647 1175 (Dr.
742 1139 827 1173 634.
854 1141 932 1185 Ita,
949 1139 1077 1186 Parca,
1092 1138 1308 1187 11f.ma.pr.
1321 1151 1373 1184 ηις
1404 1140 1525 1176 Guar.
1535 1151 1608 1176 scr.

157 1194 281 1242 Larga
298 1192 441 1230 caeteri..
476 1191 598 1226 Verba
620 1200 718 1238 pree.
744 1191 869 1225 Tnar.
880 1201 949 1225 scr.
988 1197 1177 1238 precatura
1200 1186 1500 1236 OE(test.Heins.)
1526 1194 1560 1226 et

159 1256 242 1281 aar.
261 1255 331 1280 scr.
360 1246 515 1289 uterque.
559 1240 689 1276 sumite
715 1239 826 1274 uerba
846 1240 894 1275 A.
933 1252 1025 1276 sum.
1054 1251 1142 1276 uera
1168 1240 1229 1275 43.
1268 1252 1359 1276 sum.
1389 1239 1497 1276 thura
1526 1201 1613 1275 ΦΙΕ

165 1292 219 1333 Ψ.
259 1294 370 1339 dona,
390 1303 493 1328 sacra
513 1294 563 1327 M
574 1302 640 1339 pro
653 1301 755 1326 uarr.
769 1301 858 1326 serr.
901 1302 1027 1326 manus
1047 1294 1107 1325 11.
1210 1290 1297 1326 635.
1324 1291 1416 1326 bene
1434 1302 1499 1326 nos
1520 1287 1614 1326 ΦΝ

157 1358 179 1383 8
195 1355 348 1382 masec.
371 1344 419 1378 14
429 1343 478 1377 34
496 1346 582 1377 uett.
595 1340 649 1377 ed.
689 1351 754 1375 uos
780 1340 919 1388 patriae
948 1341 1039 1377 bene
1061 1352 1126 1376 uos
1152 1346 1258 1389 pater
1278 1343 1337 1375 12.
1379 1352 1443 1376 uos
1468 1340 1611 1390 patriae

156 1397 254 1432 bene
279 1401 319 1430 tu
354 1399 460 1443 pater
491 1397 575 1429 tres.
628 1392 720 1426 bene
746 1397 784 1426 tu
813 1397 906 1437 patr.
940 1389 1022 1427 libri
1047 1392 1204 1438 exceptis
1228 1390 1306 1426 AB
1322 1390 1438 1427 GDE
1459 1403 1533 1428 ma.
1550 1402 1609 1439 pr.

157 1448 275 1484 FTm
293 1446 412 1481 6820
429 1448 462 1480 et
482 1441 747 1492 quatuordecim
774 1440 870 1477 aliis.
975 1443 1060 1478 636.
1089 1440 1238 1477 subfuso
1264 1443 1310 1477 P.
1350 1440 1499 1490 perfuso
1527 1446 1612 1489 post

159 1508 265 1534 sacra
291 1495 404 1531 uerba
430 1505 467 1542 9.
507 1492 645 1529 suffuso
672 1493 707 1527 in
735 1503 836 1527 sacra
865 1490 976 1528 uerba
1001 1488 1175 1527 ABFOE
1200 1503 1273 1527 ma.
1288 1502 1357 1527 sec.
1384 1492 1468 1527 843
1494 1489 1613 1528 decem

158 1547 242 1592 alm
272 1547 301 1583 G
310 1548 344 1582 Τ
367 1557 449 1582 nar.
470 1556 540 1581 scr.
586 1543 667 1579 Dic.
694 1541 888 1578 fundentes
917 1542 952 1577 in
980 1553 1082 1578 sacra
1111 1542 1222 1577 uerba
1246 1553 1386 1577 merum
1419 1543 1491 1577 Tr.
1530 1540 1613 1577 suf-

157 1597 241 1635 fuso
267 1597 338 1632 iam
366 1607 469 1632 sacra
501 1594 615 1630 uerba
645 1594 691 1630 G.
739 1591 878 1628 suffuso
915 1593 985 1628 sint
1020 1592 1115 1628 bona
1148 1592 1261 1627 uerba
1292 1588 1416 1627 GDOE
1440 1589 1507 1626 sub
1531 1602 1611 1628 ras.

156 1650 262 1695 (teste
274 1648 419 1693 Heius.)
444 1643 486 1682 Ψ
504 1643 626 1691 Ilfeld.
652 1656 689 1679 m
716 1645 825 1679 1220
852 1644 1014 1691 qztinque.
1055 1641 1193 1678 suffuso
1220 1642 1264 1677 sit
1292 1642 1386 1677 bona
1412 1641 1526 1677 uerba
1549 1644 1611 1678 11.

158 1698 297 1735 suffuso
327 1698 398 1733 sint
429 1708 531 1732 sacra
559 1698 592 1731 Z
613 1696 685 1732 67.
741 1691 878 1729 suffuso
914 1694 999 1742 quin
1033 1703 1136 1728 sacra
1163 1693 1226 1727 48.
1272 1690 1410 1728 suffuso
1436 1703 1614 1740 sacraque

158 1749 274 1785 uerba
300 1747 323 1794 f
344 1749 405 1783 40.
449 1745 585 1782 suffuso
612 1750 696 1793 post
722 1755 824 1780 sacra
851 1742 870 1779 b
879 1755 901 1791 p
928 1745 1092 1791 quinque.
1139 1740 1278 1777 suffuso
1305 1754 1372 1790 per
1397 1753 1500 1778 sacra
1523 1741 1614 1779 ‘reli-

161 1802 234 1849 qui.
287 1800 390 1835 Nam
415 1798 557 1833 Heinsii
586 1797 826 1832 coniecturam
850 1796 1058 1841 recepimus.
1104 1791 1224 1829 Gloss.
1243 1791 1373 1838 Ilfeld:
1400 1793 1495 1828 bona
1523 1792 1549 1829 i.
1577 1803 1613 1829 e.
1669 1809 1674 1817 ·

160 1862 276 1886 sacra.
388 1849 474 1884 637,
512 1846 694 1882 transieris
723 1848 782 1881 11.
824 1844 884 1879 ubi
909 1844 1053 1879 desierit
1079 1842 1162 1880 duo.
1213 1843 1393 1878 transierit
1418 1843 1537 1879 subito
1563 1838 1614 1878 Λ

160 1900 270 1937 alius.
311 1899 516 1936 celebratur
535 1893 664 1932 ΕΓΔ
678 1906 821 1943 ma.pr.
839 1906 861 1942 9
877 1899 1044 1943 quatitur.
1147 1894 1234 1931 638.
1262 1892 1419 1942 Seperat
1445 1892 1499 1929 ed.
1523 1895 1613 1930 Ven.

163 1952 241 1988 V‘w.
268 1949 354 1986 Am.
465 1950 552 1984 639.
587 1947 665 1982 siue
692 1946 794 1994 palus
821 1957 840 1981 s
866 1957 1009 1993 mmpr.
1057 1943 1135 1980 siue
1161 1949 1216 1979 est
1240 1955 1290 1979 m.
1333 1955 1371 1988 es
1397 1955 1468 1980 om.
1494 1942 1525 1989 f.
1574 1955 1614 1980 es

159 2000 329 2037 diffussus
349 2003 473 2037 Ema.
492 2010 548 2046 pr.
587 1997 751 2033 defossus
778 2002 900 2031 aratro
925 1998 987 2030 20.
1028 1996 1063 2030 in
1091 2006 1180 2031 aruo
1206 2005 1314 2029 unus.
1355 1994 1449 2042 agris
1470 1991 1612 2030 FFM.

161 2063 268 2100 agros
292 2049 354 2088 Λ.
456 2052 542 2087 640.
577 2048 795 2095 Interpunxi
824 2045 873 2082 ad·
898 2045 1099 2093 exemplum
1125 2043 1200 2081 cod.
1230 2043 1354 2090 llfeld.
1384 2048 1417 2080 et
1441 2048 1529 2081 uett.
1557 2042 1613 2080 ed.

160 2102 317 2151 antiquis
353 2102 406 2137 sie
441 2111 585 2150 quoque
614 2094 881 2145 DEF(Q>?)p
900 2098 923 2131 6
950 2095 1075 2142 Ilt'eld.
1105 2094 1150 2132 ab
1183 2093 1343 2143 improba
1370 2106 1443 2131 ma.
1472 2096 1509 2130 in
1533 2104 1610 2145 ras.

161 2165 295 2191 nomen
323 2151 406 2188 libri
430 2155 573 2200 praeter
599 2147 722 2194 Ilfeld.
752 2147 826 2184 BC
836 2149 906 2183 FP
921 2144 990 2195 ²119
1017 2145 1240 2193 undeuiginti
1266 2144 1361 2181 alios
1385 2149 1419 2180 et
1444 2148 1530 2180 uett.
1557 2141 1612 2179 ed.

212 2204 298 2239 641.
327 2202 400 2238 duo
426 2205 466 2239 in
491 2212 566 2238 ras,
586 2198 655 2244 111⁰.
698 2198 832 2233 diuers.
861 2197 958 2234 dom.
986 2196 1032 2233 de
1057 2199 1092 2233 in
1114 2208 1189 2233 ras.
1216 2207 1264 2231 m.
1308 2194 1440 2231 diuersi
1459 2191 1525 2230 Γ.·
1545 2191 1613 2228 do-

161 2254 296 2290 minum
323 2252 355 2299 f.
396 2254 471 2299 Sic,
499 2263 565 2300 pro
594 2255 711 2299 parte,
738 2247 861 2294 llfem.
885 2249 1040 2284 BGDZ
1059 2249 1110 2282 20
1126 2257 1204 2282 sex.
1244 2245 1290 2281 de
1317 2252 1420 2294 parte
1444 2243 1584 2291 reliqui.

213 2305 301 2340 642.
330 2304 496 2352 Binaque
526 2301 623 2337 dona
650 2299 712 2334 tibi
737 2299 894 2347 binaque
920 2305 1017 2334 serta
1046 2297 1114 2333 ser.
1141 2293 1199 2332 H.
1251 2296 1408 2343 binaque
1432 2293 1528 2329 dona
1553 2292 1615 2329 fe-

157 2361 243 2390 runt
269 2353 351 2391 libri
375 2358 518 2402 praeter
543 2363 623 2394 eos,
650 2360 739 2398 quos
764 2360 913 2397 sequor,
944 2349 1064 2385 BGD
1083 2350 1116 2384 Z
1129 2346 1237 2394 9hm
1252 2358 1276 2395 p
1296 2356 1368 2381 ma.
1389 2355 1459 2380 sec.
1486 2341 1616 2389 Ilfeld.

159 2415 233 2440 ma.
262 2408 343 2440 tert.
371 2407 410 2441 in
429 2415 513 2441 Ὑαε.
539 2405 563 2439 8
598 2400 765 2438 tredecim
797 2399 890 2435 alios
922 2403 955 2434 et
988 2403 1072 2435 uett.
1099 2397 1153 2433 ed.
1206 2395 1328 2432 ferunt
1360 2394 1418 2430 uel
1454 2399 1548 2429 testa
1580 2404 1614 2438 r,

159 2455 317 2502 ascripto
340 2454 567 2502 glossemate,
595 2451 643 2488 ud
660 2461 754 2486 vers.
772 2461 844 2498 seq.
863 2448 955 2498 quod
974 2447 1173 2497 pertinebat
1200 2447 1238 2482 in
1265 2443 1380 2481 codice
1405 2443 1612 2491 archetypo.

209 2506 296 2540 643.
324 2505 375 2540 fit.
404 2505 460 2541 hic
486 2506 559 2553 ign.
592 2497 893 2545 GEFMEbfr
918 2501 976 2536 68
993 2500 1159 2535 101220
1183 2497 1333 2542 triyznta
1369 2493 1440 2530 duo
1466 2498 1500 2530 et
1526 2492 1614 2540 llll,

157 2553 220 2592 sed
246 2553 302 2591 hic
328 2566 442 2603 supra
466 2555 600 2591 lineam
625 2552 760 2600 scripto
787 2551 838 2587 fit.
885 2550 925 2586 fit
953 2549 1022 2586 hic.
1050 2550 1166 2597 ignem
1195 2543 1278 2582 FA
1287 2541 1332 2579 N
1339 2541 1421 2580 ΡΛ
1437 2542 1613 2593 Tyhmp

155 2617 175 2642 s
200 2606 249 2641 47
275 2609 310 2640 et
335 2609 421 2641 uer-t.
450 2604 504 2640 ed.
544 2604 585 2639 fit
612 2603 694 2639 huic
720 2602 792 2650 ign.
825 2598 914 2637 Ga>
939 2602 1008 2646 293
1039 2600 1125 2636 GM
1142 2606 1309 2632 nar-scr.
1351 2593 1423 2630 huc
1449 2596 1558 2630 etiam
1584 2603 1610 2642 ρ

155 2667 236 2694 aar.
254 2667 326 2693 scr.
380 2655 421 2692 fit
448 2654 507 2690 hic
532 2660 635 2690 curto
662 2652 733 2689 sert
759 2654 878 2699 ignem
907 2651 1039 2687 rustica
1065 2653 1158 2685 testo
1185 2647 1247 2682 49.
1296 2645 1416 2694 iguem
1442 2650 1546 2682 curta
1576 2643 1613 2680 1)
