1685 2954
616 90 717 120 me.
747 91 961 122 Paxmvs
1457 81 1513 126 35

101 188 381 244 'Redditaque
409 192 477 234 est
503 189 634 231 omnis
660 190 810 244 populo
838 190 1050 244 prouincia
1078 198 1221 236 nostro

177 259 234 299 Et
261 265 357 311 tuus
383 259 575 310 Augusto
604 258 768 299 nomine
797 257 932 300 dictus
961 272 1077 301 auus.
1429 267 1512 305 590

121 326 296 380 Perlege
325 323 548 378 dispositas
577 337 784 379 generosa
811 339 885 379 per
913 328 1017 368 atria
1044 339 1176 382 ceras,

177 392 450 448 Contigerunt
477 392 574 432 nulli
600 394 762 434 nomina
790 399 909 435 tanta
935 395 1033 435 uiro.

121 460 262 502 Africa
288 459 485 500 uictorem
513 459 566 500 de
594 472 643 501 se
671 467 806 502 uocat.
844 462 948 502 alter
975 463 1152 518 Isauras,

170 528 256 568 Aut
284 527 453 568 Cretum
483 526 658 569 domitas
688 529 934 571 testificatur
962 543 1083 584 opes:

117 595 238 635 Hunc
265 594 468 635 Numidae
497 596 663 649 faciunt,
693 595 801 637 illum
830 598 1031 639 Messana
1061 599 1297 653 superbum:
1430 603 1509 641 595

174 663 244 703 Ille
273 662 526 704 Numantina
554 663 680 706 traxit
708 665 759 705 ab
789 666 888 706 urbe
917 671 1066 707 notam.

115 731 171 771 Et
196 736 367 771 mortem
395 737 440 771 et
467 744 614 772 nomen
641 733 776 773 Druso
805 731 1028 774 Germania
1055 735 1166 775 fecit.

173 798 246 838 Me
274 800 486 852 miserum,
521 800 652 841 uirtus
681 813 802 854 quam
833 799 972 842 breuis
1001 802 1068 842 illa
1097 802 1194 843 fuit!

118 865 165 906 Si
194 872 310 919 petat
335 880 360 907 a
386 866 522 919 uictis,
552 873 614 908 tot
643 874 778 909 sumat
806 868 970 908 nomina
999 869 1170 922 Caesar,

173 933 284 984 Quot
312 947 476 975 numero
506 942 659 989 gentes
686 934 889 975 maximus
919 934 1029 975 orbis
1054 936 1192 977 habet.
1427 942 1507 977 600

116 1002 183 1041 Ex
211 1015 291 1041 uno
321 1002 481 1055 quidam
512 1003 699 1042 celebres
725 1007 797 1041 aut
826 999 982 1054 torquis
1013 1002 1207 1056 adempti,

172 1070 258 1108 Aut
288 1070 398 1109 corui
426 1069 566 1109 titulos
594 1069 803 1109 auxiliaris
830 1068 995 1110 habent.

115 1137 285 1189 Magne,
315 1142 427 1176 tuum
454 1149 601 1176 nomen
631 1149 762 1177 rerum
790 1143 856 1177 est
883 1149 1075 1178 mensura
1103 1143 1284 1180 tuarum:

169 1204 257 1245 Sed
285 1204 353 1257 qui
380 1209 426 1245 te
453 1204 566 1257 uicit,
595 1205 758 1244 nomine
787 1203 916 1245 maior
945 1210 1044 1246 erat.

109 1286 197 1324 589.
226 1294 281 1323 est
304 1287 456 1324 hominis
472 1285 533 1325 A.
572 1294 628 1324 est
653 1300 724 1325 om.
740 1291 862 1325 Ema.
875 1299 932 1337 pr.
970 1287 1204 1338 Redditaque
1229 1288 1395 1326 immunis
1419 1302 1510 1328 sua·

60 1337 136 1375 deo.
184 1345 239 1374 est
264 1338 347 1374 olim
377 1341 411 1375 E
432 1350 516 1375 παν.
535 1350 605 1376 scr.
653 1351 742 1388 pop.
770 1337 963 1388 prudentia
990 1344 1111 1375 uestro
1138 1352 1188 1376 m.
1236 1342 1438 1389 pronuncia
1468 1343 1508 1379 G.

58 1401 166 1439 prou.
199 1395 320 1425 uestro
347 1391 387 1425 K
411 1388 493 1434 4)8.
597 1390 684 1425 590.
721 1389 837 1425 dictus
865 1388 978 1425 honos
1009 1401 1029 1425 s
1054 1394 1088 1425 et
1115 1389 1213 1426 alius
1237 1402 1408 1429 uar.scr.

107 1440 194 1476 591.
220 1439 403 1488 depositas
424 1441 508 1477 P3.
535 1442 609 1484 Ita,
637 1451 827 1488 generosa,
855 1440 968 1476 BGD
982 1436 1347 1490 OEKNflPZymps
1371 1444 1451 1478 812
1462 1445 1509 1479 33

58 1491 107 1526 34
117 1491 165 1526 35
176 1491 224 1526 36
235 1491 285 1525 40
309 1489 555 1537 undetriginta
580 1495 615 1526 et
640 1490 718 1527 edd.
746 1502 838 1527 saec.
866 1502 950 1537 ΧΠ
985 1488 1126 1528 AMb
1145 1492 1195 1526 44
1216 1503 1300 1530 aar.
1322 1504 1393 1529 scr.
1443 1505 1510 1529 an-

56 1551 146 1576 nosa
170 1540 195 1577 h
213 1541 262 1576 47
287 1540 373 1577 Αἶά.
403 1542 514 1577 1502.
557 1553 750 1577 numerosa
776 1540 858 1578 duo.
902 1541 1066 1577 cinerosa
1091 1540 1513 1580 AEFAMOPAE

61 1589 186 1636 ber
203 1592 268 1635 3)8
289 1593 389 1637 (test.
408 1591 521 1638 Cios.)
542 1594 590 1628 39
616 1596 650 1628 et
674 1591 817 1640 τεῖὶᾳυὶς
848 1592 878 1629 G
885 1588 982 1629 ΦΛ
989 1590 1034 1628 Ν
1037 1590 1077 1627 Ζ
1084 1591 1104 1628 b
1118 1593 1167 1628 44
1184 1604 1268 1629 ναν.
1283 1605 1354 1630 scr.
1387 1593 1511 1631 Gloss,

58 1641 237 1685 cinerosa]
265 1649 415 1690 propter
442 1649 658 1678 uetustatem
690 1654 723 1680 r.
771 1642 830 1678 uel
855 1649 1009 1692 propter
1034 1643 1207 1679 sacrificia
1239 1640 1291 1680 Φ.
1341 1651 1508 1681 centrosa

58 1692 149 1728 coni.
175 1693 253 1727 Ιαο.
276 1693 390 1728 Gron.
426 1704 581 1728 onerosa
599 1696 649 1728 44
674 1705 741 1741 pro
759 1704 842 1729 παν.
858 1705 930 1730 scr.
973 1705 1098 1729 caeras
1118 1696 1168 1730 D.
1273 1695 1361 1732 592.
1388 1697 1452 1732 Ita
1472 1696 1509 1731 A

57 1745 119 1777 43.
161 1741 389 1789 Contigerint
419 1740 459 1776 (D
474 1744 572 1789 (test.
586 1743 732 1788 Heius.)
752 1745 802 1778 M
809 1745 876 1790 Py
902 1747 980 1780 octo
997 1748 1031 1780 et
1050 1743 1128 1779 edd.
1147 1756 1242 1780 saec.
1261 1756 1346 1792 xv3
1371 1758 1395 1794 p
1422 1757 1507 1783 ιιων.

55 1803 128 1828 sor.
166 1792 404 1828 constiterint
417 1794 468 1828 N.
507 1792 735 1840 Contingunt
748 1795 796 1828 D.
832 1793 1053 1842 Contingant
1067 1796 1125 1840 K3
1155 1791 1380 1831 manuscr.
1408 1795 1508 1832 Con-

57 1849 211 1891 gregant
231 1839 280 1878 Σ.
318 1842 554 1890 Contigerant
576 1842 714 1890 reliqui.
752 1842 852 1878 nullo
875 1845 919 1879 Τ.
1023 1844 1110 1880 593.
1138 1843 1272 1880 Affrica
1292 1847 1414 1882 DEr.
1442 1858 1509 1882 uo·

57 1899 136 1929 cat:
163 1893 257 1940 alitis
277 1904 364 1929 aura
378 1893 485 1929 A43.
521 1892 682 1928 hisauras
696 1894 785 1931 DE.
821 1893 959 1929 isauros
980 1893 1010 1930 G
1021 1895 1117 1938 (test.
1134 1895 1265 1941 Gron.)
1284 1892 1385 1932 ΟΠ.
1411 1895 1508 1932 isau-

55 1955 136 1980 rum
162 1955 187 1993 p
213 1947 369 1992 quatuor
388 1948 421 1980 et
439 1947 525 1979 vett.
543 1944 650 1992 impr.
688 1943 806 1978 isaura
830 1940 883 1979 Φ.
922 1945 1078 1980 isauram
1106 1943 1214 1981 alius.
1317 1947 1404 1983 594.
1433 1946 1508 1983 Cu-

55 2003 174 2030 retum
201 1994 302 2031 dom.
331 1995 392 2030 41.
432 1994 481 2029 Vt
509 2000 646 2030 cretum
670 1994 750 2029 40.-
775 1993 846 2028 Hie
872 2000 962 2030 eret.
990 1996 1041 2031 M
1058 2006 1139 2031 nar.
1159 2007 1230 2032 scr.
1270 1995 1344 2032 Aut
1369 2002 1507 2033 cretam

53 2056 79 2092 p
95 2055 265 2081 wan-scr.
302 2051 439 2080 certum
458 2046 506 2082 D.
542 2045 616 2080 Aut
642 2056 766 2092 regum
794 2043 891 2081 dom.
915 2041 967 2082 Φ.
1070 2045 1159 2082 595.
1185 2057 1332 2082 mesana
1351 2049 1403 2085 D.
1430 2059 1508 2084 me—

53 2107 143 2132 sena
164 2092 216 2131 Φ.
245 2095 378 2131 mesala
393 2094 424 2140 f.
526 2096 614 2130 596.
642 2094 888 2131 nurnantinam
907 2094 939 2142 f.
1043 2095 1130 2132 597.
1159 2108 1290 2133 nomen
1316 2097 1404 2134 fecit
1424 2110 1508 2146 ger-

53 2146 172 2182 mania
200 2145 309 2181 druso
329 2146 358 2182 G
368 2142 414 2182 Σ.
518 2146 606 2184 598.
634 2146 800 2181 miseram
828 2142 881 2182 Ψ.
919 2145 1032 2182 uirtus
1060 2153 1135 2182 tum
1165 2148 1264 2183 breu.
1296 2148 1326 2184 G
1342 2159 1506 2185 uar.scr.

103 2197 191 2233 599.
218 2196 258 2232 Si
285 2197 377 2245 petit
408 2194 488 2243 ΨῘ.
529 2202 630 2245 petet
647 2193 733 2232 ΠΥ.
776 2195 876 2232 uictis
903 2202 1021 2233 sumet
1048 2202 1102 2233 tot
1128 2209 1226 2233 nom.
1246 2194 1322 2245 119
1333 2210 1366 2234 s.
1404 2198 1505 2234 uictis

52 2257 184 2283 nomen
222 2253 276 2282 tot
312 2248 456 2283 nomina
476 2249 525 2283 D.
550 2246 685 2294 91083..
716 2247 874 2291 nomina]
903 2246 1039 2283 habere
1071 2254 1195 2296 posset
1226 2250 1274 2284 D.
1323 2254 1378 2284 tot
1404 2261 1505 2284 sume

53 2308 149 2334 nom.
177 2298 215 2334 G.
259 2304 313 2333 tot
340 2309 481 2334 sumere
509 2310 604 2348 ηομ.
631 2296 662 2343 f.
708 2302 762 2332 tot
787 2304 905 2333 sumet
931 2300 1006 2333 EF
1023 2310 1097 2334 ma.
1112 2309 1180 2334 sec.
1207 2295 1507 2335 ΦΛΜΟΨΣ

55 2344 183 2385 Tbhr
207 2349 337 2396 uiginti
362 2347 439 2395 fere
464 2353 497 2384 et
521 2352 608 2383 vett.
631 2347 708 2384 edd.
813 2349 899 2383 600.
929 2348 1040 2391 Quod
1067 2348 1114 2386 A.
1160 2349 1257 2384 orbis
1281 2361 1350 2386 om.
1371 2352 1408 2386 D
1428 2361 1502 2387 ηια.

55 2407 111 2444 pr.
210 2400 297 2434 601.
326 2411 398 2435 uno
426 2399 571 2448 quidem
599 2395 647 2434 Σ.
687 2406 783 2447 torq.
812 2398 935 2447 adepti
961 2411 997 2434 m
1024 2410 1103 2434 sem.
1150 2398 1343 2447 ademptae
1371 2399 1504 2447 BPb9

55 2449 114 2482 ⁸3
132 2446 218 2494 ᾶιιος
245 2452 269 2485 8
289 2461 455 2486 uar.scr.
495 2448 650 2497 adeptae
678 2451 711 2484 Z
729 2454 814 2485 tres.
846 2448 966 2486 Gloss.
983 2451 1071 2494 uno]
1100 2449 1197 2484 sacto
1224 2451 1319 2486 DE.
1359 2462 1405 2486 ex
1431 2463 1504 2486 una

57 2507 98 2533 re
122 2495 156 2533 b.
195 2511 267 2536 non
293 2501 408 2536 solum
437 2512 458 2537 a
485 2506 593 2549 gente
620 2499 714 2535 uicta
741 2501 791 2536 D.
896 2501 985 2535 602.
1016 2499 1124 2534 auxil.
1152 2498 1262 2536 habet
1285 2496 1335 2536 A
1343 2499 1394 2536 hs
1419 2502 1503 2536 812

0 2553 1 2562 ¹
56 2551 223 2594 quatuor.
326 2552 414 2586 603.
448 2562 579 2587 nomen
607 2556 772 2598 superest
798 2560 966 2586 mensura
990 2552 1090 2595 1²3..
1115 2560 1235 2586 rerum
1262 2562 1331 2587 om.
1357 2553 1406 2587 D.
1447 2557 1504 2587 est

56 2607 128 2632 om·
149 2598 362 2638 BGE²FA
373 2599 500 2638 TZm
525 2601 688 2650 quinque.
730 2606 874 2636 tuarum
901 2605 957 2636 est
982 2602 1016 2636 Ζ
1041 2611 1114 2636 rna.
1134 2612 1201 2636 sec.
1311 2602 1399 2638 604.
1425 2600 1501 2637 Sed

55 2657 152 2695 quae
177 2648 225 2685 A.
263 2663 302 2687 re
329 2652 414 2688 uicit
439 2651 589 2689 suadeo.
632 2651 718 2688 uicit
745 2657 781 2688 te
808 2662 954 2700 quoque
980 2651 1096 2687 maior
1126 2650 1455 2700 GDPTthmp
1476 2652 1501 2688 8

57 2699 106 2733 12
131 2696 327 2746 ditodecim5
351 2714 374 2750 9
398 2714 481 2741 aar.
500 2713 570 2740 scr.
1111 2753 1134 2787 3
1161 2749 1176 2766 ³
