1685 2954
608 120 666 148 Dr:
696 119 876 149 AEDIBVS
908 116 1050 147 SAcmS
1456 111 1554 140 CXLI

212 222 510 263 Concordiae
535 218 664 257 aedem
687 218 815 257 eodem
837 217 895 254 die
915 218 961 254 ab
981 215 1114 255 Ouidio
1133 219 1447 254 commemoratam
1469 217 1556 250 ante

111 287 291 338 porticum
310 286 448 332 Liuiae,
474 284 510 319 in
537 294 610 331 qua
634 281 719 329 suit,
746 285 946 317 extructam
975 291 1048 316 non
1075 290 1154 316 esse
1179 279 1321 325 scimus,
1347 288 1414 313 nec
1439 275 1555 312 multo

111 355 199 400 post
230 348 326 385 illam
351 346 486 387 factam
512 355 606 390 esse,
633 349 673 379 ut
698 347 810 392 puto,
836 342 1018 377 conuenit.
1071 339 1236 376 Porticus
1262 336 1442 376 aedificari
1467 347 1556 372 coe-

111 411 166 461 pit
192 422 286 447 anno
304 408 350 444 V.
369 407 412 444 C.
432 407 522 453 739,
550 410 643 441 teste
660 404 779 440 Dione
800 403 864 448 54,
882 405 943 438 23.
997 401 1155 444 Quando
1181 399 1344 450 perfecta
1369 399 1428 444 sit,
1452 397 1558 446 igno-

112 483 255 515 ramus,
291 474 389 505 certe
422 474 542 503 tamen
570 472 763 514 antequam
793 462 949 500 Ouidius
983 463 1071 499 artis
1098 463 1294 498 amatoriae
1322 465 1359 508 1,
1386 470 1480 496 uerS.
1506 459 1556 494 71

113 534 297 570 scriberet.
351 529 523 565 Creditur
547 526 691 576 quidem
720 524 829 573 uulgo
857 524 932 561 eius
967 524 1146 562 dedicatio
1174 535 1268 560 anno
1294 522 1340 559 V.
1368 521 1411 558 C.
1437 520 1512 557 ’765
1535 531 1559 556 a

111 594 229 630 Dione
264 590 356 628 tradi
392 590 445 626 his
482 589 602 626 uerbis
631 587 696 634 56,
722 588 790 622 27:
838 581 864 634 ἣ
898 598 939 622 τε
976 581 1051 630 ςοὰ
1083 579 1109 634 ἦ
1141 582 1299 623 Λιουία
1332 576 1560 630 καλουμένη

112 645 365 705 ᾠκοδομήθη
404 662 446 687 τε
486 648 527 694 ἐς
558 645 679 697 τιμὴν
712 647 784 684 τοῦ
818 660 860 685 τε
893 645 1023 684 Γαΐου
1057 645 1125 685 καὶ
1161 647 1233 684 τοῦ
1258 641 1446 683 Λουκίου
1481 643 1561 680 τῶν

109 709 335 764 Καισάρων
362 710 428 749 καὶ
455 707 545 749 τότε
572 706 828 760 καθιερώθη.
877 710 1051 759 Suspicor
1076 715 1198 746 tamen
1224 708 1394 744 maiorem
1422 707 1456 742 in
1483 718 1562 742 mo-

111 775 213 823 dum,
239 774 469 812 scribendum
496 786 575 810 esse
600 766 626 822 ἧ
648 768 796 809 Ἰουλία
817 767 1055 820 καλουμένη.
1095 771 1242 808 Memini
1263 769 1356 805 enim
1380 767 1562 803 basilicam

111 837 216 875 Pauli
241 838 350 874 etiam
377 833 474 880 ςοὰν
500 835 622 871 dicere
646 835 802 871 Dionem
827 835 892 881 49,
907 835 957 869 42
977 839 1013 870 et
1031 834 1095 883 54,
1110 834 1173 869 24.
1225 832 1330 866 Anno
1355 829 1463 877 igitur
1487 827 1563 864 ’765

113 898 281 936 dedicata
308 897 453 934 uidetur
481 898 625 933 basilica
651 897 757 943 Iulia,
785 896 831 932 de
857 906 928 944 qua
955 895 992 930 in
1022 907 1121 931 mon.
1149 895 1281 940 Ancyr.
1309 891 1416 928 taust
1441 889 1562 927 dext.:

113 960 306 998 basilicarii,
331 971 424 1009 ιμιαο
450 958 524 1006 fuit
548 961 641 995 inter
666 957 786 994 aedem
812 956 978 993 castoris
1002 959 1036 991 et
1063 955 1186 992 aedem
1206 982 1216 991 .
1231 981 1242 990 .
1263 982 1272 990 .
1294 981 1303 990 .
1326 957 1449 1002 coepta
1475 964 1565 1001 pro-

114 1021 311 1071 fliya-taque
329 1033 438 1070 opera
455 1033 480 1057 α
498 1024 603 1070 patre
621 1031 699 1056 meo
723 1017 857 1067 perfeci
882 1021 916 1053 et
941 1015 1090 1053 eandem
1106 1014 1293 1053 basilicam
1316 1018 1566 1065 consumptam

113 1083 278 1122 incendio
304 1081 480 1131 aitipliato
507 1083 583 1117 eins
607 1079 685 1116 solo
708 1078 774 1115 sub
801 1078 906 1115 titulo
932 1080 1088 1116 nominis
1112 1076 1272 1124 filiorum
1296 1089 1457 1114 meorum
1483 1102 1565 1113 ....

114 1144 205 1182 bani
221 1147 255 1179 et
273 1145 307 1179 si
325 1145 434 1179 uiuus
459 1154 530 1179 non
555 1140 784 1190 perfecissem
803 1138 927 1190 perfici
952 1139 997 1177 ab
1018 1139 1205 1177 heredibus
1229 1141 1318 1176 vineis
1342 1141 1446 1176 iussi.
1486 1139 1568 1175 Hoc

113 1206 145 1242 si
168 1210 268 1242 recte
293 1205 463 1252 conficio,
491 1204 666 1250 habebis,
691 1202 792 1252 quod
819 1202 933 1238 addas
959 1202 1284 1250 archaeologorum
1311 1200 1567 1250 disputationi-

114 1268 181 1304 bus
206 1265 253 1303 de
280 1266 427 1302 basilica
461 1265 703 1312 nobilissim33
739 1264 969 1313 cognoscitur
1005 1264 1114 1300 etiam
1142 1266 1370 1312 Ancyranam
1405 1262 1568 1299 tabulam

114 1334 201 1366 ante
227 1339 362 1364 annum
382 1327 456 1363 765
483 1338 562 1362 esse
581 1333 810 1375 conceptam,
837 1325 908 1361 hoe
930 1331 986 1362 est
1003 1331 1199 1375 antequam
1220 1335 1430 1375 supremum
1455 1328 1569 1360 testa-

114 1397 277 1427 mentum
306 1391 489 1438 Augustus
524 1387 685 1435 faceret,
720 1387 825 1424 Suet.
855 1387 948 1436 Aug.
976 1389 1062 1424 101.
1122 1387 1318 1424 Caeterum
1354 1384 1568 1422 crediderim

114 1451 246 1489 falsum
274 1451 373 1487 illum
392 1451 434 1487 P.
455 1450 653 1494 Victorem,
681 1450 742 1498 qui
760 1449 936 1498 pleraque
954 1461 1019 1486 sua
1041 1461 1087 1486 ex
1106 1450 1208 1486 bonis
1227 1447 1461 1498 scriptoribus
1486 1459 1568 1483 cor-

116 1514 226 1561 rasit,
252 1512 483 1549 emendatam
509 1511 635 1547 Dionis
662 1511 877 1560 scripturam
904 1524 976 1548 non
1003 1512 1210 1561 ignorasse:
1245 1510 1343 1546 solus
1369 1510 1465 1546 enim
1493 1521 1566 1546 non

114 1575 321 1623 basilicam,
346 1573 410 1611 sed
436 1575 614 1623 porticum
637 1573 776 1610 Iuliam
802 1575 836 1610 in
864 1574 1015 1622 regione
1041 1580 1171 1610 octaua
1197 1578 1376 1611 recenset.
1427 1570 1570 1608 Liuiam

116 1637 296 1687 porticum
331 1637 428 1672 bona
463 1634 537 1671 fide
572 1635 699 1671 notitia
725 1635 834 1671 Vrbis
868 1635 903 1671 in
940 1635 1091 1684 regione
1127 1635 1234 1671 tertia
1259 1633 1371 1670 fuisse
1394 1639 1570 1671 testatur:

118 1710 188 1735 nec
213 1697 438 1734 accuratiora
465 1696 512 1733 de
538 1709 581 1733 ea
607 1697 791 1746 temploue
816 1697 897 1746 ipso
924 1697 1152 1734 Concordiae
1178 1695 1329 1732 definire
1355 1695 1481 1732 ausim.

222 1759 343 1794 Idibus
369 1758 465 1805 Iun.,
493 1758 655 1794 fortassis
682 1769 778 1793 anno
805 1758 852 1794 V.
879 1759 924 1795 C.
951 1760 1038 1804 560,
1064 1759 1147 1795 Liu.
1175 1758 1238 1804 35,
1264 1759 1326 1801 41,
1352 1757 1481 1793 Iouis
1506 1767 1570 1794 ae-

119 1821 186 1858 des
211 1820 378 1857 dedicata
407 1825 474 1863 est,
501 1830 609 1867 quem
635 1818 811 1854 Inuicti
838 1832 1039 1869 cognomen
1066 1820 1236 1856 habuisse
1261 1824 1371 1866 negat
1395 1818 1571 1868 Neapolis

120 1888 248 1921 contra
273 1881 408 1918 diserta
434 1880 618 1916 Ciceronis
644 1878 691 1916 de
716 1879 813 1929 legg.
833 1883 872 1928 2,
896 1884 941 1917 ll
971 1885 1008 1918 et
1026 1880 1216 1930 Augustini
1241 1879 1288 1916 de
1313 1879 1385 1918 eiu.
1405 1879 1441 1917 d.
1463 1881 1500 1925 5,
1521 1884 1568 1917 11

119 1945 200 1982 init.
227 1942 443 1980 testimonia.

223 2005 282 2042 De
308 2003 445 2053 templo
471 2003 716 2040 Mineruae
740 2004 777 2040 in
805 2003 998 2052 Auentino,
1026 2002 1124 2054 quod
1149 2004 1234 2042 XIII
1250 2004 1312 2042 ΚΡ
1331 2002 1398 2040 lul.
1424 2001 1572 2040 dedica-

121 2073 200 2104 tum
226 2066 277 2103 ait
303 2064 480 2113 Ouidius,
516 2065 566 2102 ita
591 2066 767 2102 existimo,
821 2065 862 2102 Si
889 2065 1116 2115 exploratum
1142 2073 1238 2102 esset
1263 2066 1310 2103 de
1335 2065 1477 2102 duobus
1501 2065 1574 2102 Mi-

99 2138 258 2164 ‚neruae
283 2127 320 2162 in
346 2137 390 2163 eo
417 2133 540 2163 monte
565 2128 729 2176 templis,
765 2134 917 2177 propter
943 2128 1095 2164 uerbum
1122 2127 1168 2163 ab
1196 2126 1331 2164 Ouidio
1358 2133 1573 2176 usurpatum

126 2190 250 2239 Coepit
275 2200 370 2225 uers.
390 2189 466 2224 728
494 2188 595 2238 quod
621 2190 803 2239 antiquius
828 2189 976 2236 fuisset,
1002 2189 1069 2225 isto
1096 2188 1154 2226 die
1182 2194 1432 2225 consecratum
1458 2200 1574 2238 opor-

120 2257 230 2291 teret.
281 2251 357 2287 Iam
376 2262 466 2288 uero
491 2250 539 2287 de
560 2250 701 2288 duobus
725 2252 867 2301 templis
888 2249 975 2286 nihil
1000 2256 1156 2297 constat,
1182 2249 1318 2300 duplex
1343 2255 1484 2286 tantum
1505 2249 1574 2287 de·

121 2311 310 2349 dicationis
336 2318 481 2360 tempus
508 2312 675 2360 traditur,
703 2313 786 2349 Xlll
809 2312 870 2349 ΚΡ
890 2312 956 2348 Iul.
983 2312 1030 2348 ab
1057 2311 1192 2349 Ouidio
1218 2312 1392 2362 fastisque
1416 2312 1575 2349 Amiter-

120 2373 212 2410 ninis
238 2380 276 2411 et
302 2373 520 2423 Esquilinis‚
546 2374 632 2426 {IV
657 2374 719 2411 ΚΡ
749 2374 860 2424 April.
890 2385 978 2410 uero
1008 2385 1029 2409 a
1055 2374 1184 2410 Verrio
1210 2374 1342 2410 Flacco
1375 2373 1412 2409 in
1448 2373 1574 2410 tabula

123 2433 283 2471 secunda
308 2433 546 2472 Praenestina
573 2442 609 2471 et
634 2435 732 2484 apud
749 2436 899 2472 Festum
925 2448 963 2484 p.
979 2434 1040 2482 65,
1059 2436 1083 2471 6
1101 2436 1183 2472 Vrs.
1235 2436 1337 2472 Haec
1362 2435 1392 2471 si
1418 2435 1497 2485 quis
1516 2436 1572 2471 in-

123 2495 314 2546 terpretari
342 2497 428 2533 uelit
455 2497 501 2533 de
528 2497 756 2533 restitutione
782 2498 857 2533 eius
884 2497 1024 2546 templi,
1056 2495 1154 2545 quod
1172 2496 1282 2532 Festo
1309 2503 1458 2534 auctore
1485 2498 1573 2544 141,

125 2558 175 2592 26
201 2556 285 2595 Vrs.
314 2557 410 2595 bello
436 2558 576 2595 Punico
605 2557 765 2594 secundo
791 2559 827 2594 in
854 2566 977 2594 monte
1002 2559 1182 2594 Auentino
1214 2558 1308 2606 fuit,
1340 2570 1472 2596 moneo
1498 2559 1573 2608 pri-

127 2627 224 2654 mum
247 2617 335 2654 nihil
369 2619 417 2657 de
441 2621 701 2657 instauratione
728 2619 843 2667 tradi3
879 2619 1004 2657 titulus
1037 2621 1133 2657 enim
1158 2620 1218 2657 ille
1243 2619 1344 2670 apud
1370 2621 1574 2657 Gruterum

128 2689 166 2727 p.
183 2679 243 2724 ³9,
260 2679 299 2729 5,
325 2682 387 2731 qui
412 2681 553 2720 Sullani
579 2681 750 2732 temporis
777 2686 947 2731 putatur,
974 2681 1219 2732 supposititius
1244 2682 1408 2721 uidetur:
1441 2680 1575 2719 deinde
