1685 2954
105 56 236 87 CLvm
523 55 649 85 VARR.
680 56 764 86 Lm.
783 57 859 88 VIII
905 59 961 88 DE
992 59 1127 89 FERIIS

103 156 189 195 mihi
221 154 310 192 facit
336 153 513 192 Arnobius
538 156 577 203 7,
597 159 668 193 22:
710 157 867 207 Telluri,
902 161 1091 208 inquiunt,
1123 160 1236 197 mam
1260 159 1384 208 scrofa
1410 161 1546 200 indens

101 217 312 257 immolatur
335 221 368 253 et
393 216 517 263 foeta,
543 238 592 244 —-
617 229 681 255 uec
708 219 845 257 Telluri
867 220 1045 268 yrauidas
1077 226 1183 271 atque
1216 220 1338 268 foetas
1361 221 1403 259 ob
1428 223 1544 262 hono-

101 292 178 319 rem
200 277 459 327 foecunditatis
489 280 606 328 'ipsius
635 300 685 307 —-·
715 285 750 318 et
782 281 876 331 quod
906 283 1028 320 Tellus
1056 288 1109 320 est
1141 288 1279 330 mater,
1316 284 1545 321 consimiliter

98 341 268 392 grauidis
292 339 499 389 accipienda
525 345 577 377 est
602 340 739 390 scrofis,
766 343 860 380 adde
886 356 980 393 quae
1006 344 1052 381 de
1077 344 1200 382 Numa
1228 343 1382 382 Ouidius
1408 343 1543 391 habet3

100 404 164 442 sed
190 410 310 439 tamen
336 402 366 438 si
391 402 486 438 sorte
513 403 571 438 ille
597 404 673 440 dies
702 404 858 442 Telhtris
881 404 1021 442 natalis
1046 406 1189 443 habitus
1215 414 1282 453 est,
1310 404 1384 442 uid.
1405 405 1544 443 Arnob.

99 468 139 514 7,
161 468 224 512 32,
252 470 292 500 ut
317 463 566 513 Quinquatrus
588 463 788 514 Mineruae,
816 466 944 503 aedem
967 468 1126 504 Telluris
1151 469 1304 518 primam
1332 466 1440 516 paulo
1461 472 1546 516 post

99 527 169 577 Sp.
196 526 310 563 Cassii
346 525 686 562 condemnationem
721 527 855 564 factam
890 527 1041 564 tradunt
1073 529 1264 578 Dionysius
1305 529 1386 566 Hal.
1413 531 1452 576 8,
1477 529 1543 576 79,

98 587 223 625 Valer.
249 587 348 624 Max.
375 588 414 633 6,
442 589 480 633 3,
506 590 546 623 2.
607 587 790 624 Liberalia
827 600 915 625 uero
950 595 986 625 et
1020 590 1186 627 Cerealia
1225 591 1429 627 introducta
1464 602 1544 627 esse

96 656 183 700 post
206 647 341 699 templa
367 648 488 684 Liberi
514 655 553 685 et
578 649 720 685 Cereris
750 661 771 685 a
797 649 983 685 Postumio
1010 661 1117 687 anno-
1133 651 1180 688 V.
1207 652 1250 688 C.
1278 654 1354 688 260
1379 651 1544 689 dedicata

97 710 242 747 uidetur
266 709 506 758 assignificare
532 709 723 757 Dionysius
749 711 786 754 6,
809 712 876 745 17:
915 706 1074 759 ἀγῶνάς
1109 724 1150 749 τε
1185 710 1249 749 καὶ
1284 711 1434 757 θυσίας
1459 715 1545 757 τοῖς

96 771 213 816 θεοῖς
239 767 319 809 ἀπὸ
348 764 644 819 τετταράκοντα
666 766 875 807 ταλάντων
901 767 1041 819 ἐποίει,
1068 771 1133 808 καὶ
1159 774 1266 811 ναῶν
1293 771 1545 819 κατασκευὰς

96 830 346 882 ἐξεμίσθωσε
380 827 572 881 Δήμητρι
609 829 675 869 καὶ
707 827 897 883 Διονύσῳ
935 831 1001 869 καὶ
1036 829 1155 884 Κόρῃ
1193 831 1284 872 κατ’
1323 831 1456 884 εὐχήν.
1492 855 1545 865 -

97 889 219 943 εὐχὰς
236 916 286 925 —-
306 889 523 943 ἐποιήσατο
543 917 592 923 -
619 889 742 940 ναούς
768 907 810 932 τε
837 890 976 939 αὐτοῖς
1001 891 1330 945 καθιδρύσεσθαι
1356 894 1421 933 καὶ
1448 896 1545 934 θυ-

95 955 206 1001 σίας
231 951 536 1005 καταςήσεσθαι
564 969 620 993 κα
633 951 682 993 θ’
713 952 894 1001 ἕκαςον
923 952 1176 995 ἐνιαυτόν.
1222 959 1351 995 Feriae
1377 960 1544 1010 publicae

94 1026 287 1069 praeterea
313 1019 360 1055 ad
387 1020 605 1068 templorum
632 1020 794 1068 publicas
821 1018 1067 1056 dedicationes
1094 1019 1303 1056 referuntur
1332 1022 1378 1057 ab
1406 1021 1543 1059 Ouidio

95 1080 339 1117 Carmentalia
367 1084 404 1128 1,
425 1082 497 1117 461
528 1081 610 1117 coll.
638 1082 729 1128 463,
774 1080 973 1124 Quirinalia
999 1084 1038 1128 2,
1056 1082 1145 1128 507,
1168 1083 1256 1129 508,
1292 1083 1543 1133 Quinquatrus

93 1144 133 1189 3,
153 1143 241 1188 837,
260 1143 349 1189 838,
377 1142 458 1179 coll.
488 1143 586 1179 Fest.
615 1156 652 1192 p.
672 1145 758 1187 257,
777 1145 801 1178 7
818 1143 902 1189 sin.,
930 1142 1090 1179 Vestalia
1118 1145 1155 1191 6,
1176 1144 1379 1191 257—60‚
1406 1145 1542 1181 Matra-

92 1201 141 1240 lia
167 1204 206 1250 6,
229 1206 303 1242 479
323 1217 394 1253 sq.,
432 1216 452 1240 a
493 1204 656 1240 Varrone
691 1204 844 1240 sortasse
870 1203 1078 1240 Saturnalia
1112 1217 1224 1255 supra
1257 1206 1318 1242 lib.
1343 1218 1405 1252 vl,
1431 1206 1478 1243 fr.
1502 1209 1542 1254 7,

93 1270 192 1301 certe
217 1263 427 1301 Portunalia
456 1272 492 1301 et
519 1263 665 1302 Vinalia
693 1266 823 1302 rustica
850 1264 896 1301 de
924 1265 947 1301 1.
970 1266 994 1301 l.
1022 1267 1057 1310 6,
1078 1268 1135 1310 19,
1154 1269 1215 1303 20.
1270 1267 1406 1302 Earum
1431 1266 1542 1303 feria-

93 1338 188 1373 rum,
215 1338 310 1375 quae
329 1333 480 1374 restant,
508 1328 600 1363 aliae
626 1328 705 1376 ipso
728 1327 872 1363 nomine
895 1326 1065 1373 indicant,
1093 1328 1148 1363 cui
1174 1327 1242 1363 deo
1269 1328 1434 1376 agendae
1458 1327 1542 1364 sue-

92 1388 186 1435 rint,
216 1389 315 1425 uelut
342 1388 582 1438 Lupercalia,
611 1388 856 1435 Terminalia,
882 1388 1036 1435 Parilia,
1064 1389 1275 1437 Robigalia,
1303 1389 1540 1438 Neptunalia,

91 1449 321 1498 Furrinalia,
350 1450 568 1497 Consualia,
595 1450 827 1497 Volcanalia,
856 1449 1111 1499 Opiconsiuia,
1139 1450 1387 1498 Volturnalia,
1413 1450 1541 1487 Fonti-

91 1511 210 1560 nalia,
239 1511 397 1561 Opalia,
426 1512 658 1559 Larentalia,
687 1524 840 1560 quorum
874 1518 995 1548 tamen
1030 1512 1215 1548 numinum
1242 1512 1379 1561 aliquot
1407 1524 1453 1549 ne
1477 1524 1541 1549 sa-

90 1573 183 1610 cella
204 1574 347 1623 quidem
375 1573 542 1610 habuisse
561 1572 750 1609 uidentur:
778 1573 871 1610 aliae
900 1574 1114 1609 uetustiores
1142 1574 1264 1621 etiam,
1291 1575 1349 1610 uel
1375 1574 1542 1611 diuersae

90 1634 238 1684 originis
263 1646 343 1672 esse
369 1642 572 1686 apparent,
610 1634 657 1672 de
685 1647 836 1684 quarum
863 1635 1064 1684 significatu
1090 1636 1268 1671 maximae
1294 1634 1442 1672 suerunt
1469 1636 1541 1673 dis-

89 1697 284 1734 sensiones.
339 1698 450 1734 Velut
477 1697 634 1735 Ouidius
662 1697 746 1733 bina
774 1697 947 1746 Agonalia
974 1697 1007 1732 V
1033 1696 1086 1733 Id.
1113 1696 1190 1732 Ian.
1219 1702 1257 1732 et
1280 1696 1347 1732 ΧΠ
1374 1697 1435 1733 Kl'
1459 1698 1539 1735 Iun.

89 1764 154 1794 aut
179 1757 255 1794 Iani
284 1770 361 1796 esse
388 1759 474 1795 dicit
502 1764 538 1807 1,
560 1761 656 1805 3173
683 1759 722 1805 5,
745 1760 833 1806 721,
861 1765 924 1794 aut
950 1764 1048 1795 certe
1074 1770 1147 1794 non
1174 1758 1314 1794 monuit
1340 1759 1542 1808 posteriora

88 1831 168 1857 esse
197 1819 384 1867 Vediouis,
412 1826 523 1869 prout
547 1819 631 1856 fasti
659 1820 796 1856 Venus.
824 1819 972 1857 liabent.
1025 1819 1155 1856 Tertia
1180 1820 1226 1856 Ill
1252 1819 1306 1855 Id.
1331 1820 1420 1859 Dec.
1448 1834 1540 1871 quo-

88 1881 184 1918 niam
205 1881 402 1919 Muellerus
429 1881 476 1918 ad
498 1882 598 1918 Fest.
625 1894 663 1930 p.
687 1883 763 1918 340
789 1880 923 1929 effecit,
952 1893 998 1918 ne
1025 1893 1093 1931 pro
1111 1881 1353 1930 Septimontio
1381 1881 1540 1919 habean-

87 1949 162 1991 tur,
189 1943 387 1980 cuiusmodi
413 1943 564 1990 fuerint,
590 1943 700 1992 plane
733 1943 953 1992 ignoramus.
1007 1942 1063 1979 De
1091 1943 1314 1979 Tubilustrio
1342 1943 1458 1992 primo
1485 1943 1539 1980 di-

88 2011 185 2042 ctum
224 2013 278 2042 est
310 2017 419 2055 supra
456 2018 491 2055 p.
509 2016 626 2041 x1.11:
666 2004 712 2041 de
750 2006 909 2054 utrisque
946 2005 1028 2041 uide
1064 2005 1212 2041 Festum
1238 2017 1275 2054 p.
1292 2005 1379 2053 352,
1398 2009 1446 2041 21
1468 2007 1537 2042 sin.

87 2066 145 2104 De
179 2067 365 2104 vinalibus
401 2068 602 2117 expositum
638 2074 693 2103 est
730 2079 767 2116 p.
789 2079 897 2103 XLVI
918 2080 987 2117 sq.,
1023 2066 1070 2104 de
1106 2066 1358 2103 Lemuralibus
1391 2075 1538 2116 praeter

87 2127 267 2166 Ouidiana
302 2143 374 2167 non
411 2130 561 2166 multum
599 2134 724 2164 notum
759 2136 836 2173 est,
876 2129 958 2166 uide
992 2136 1113 2165 tamen
1141 2128 1316 2164 Vaassen.
1352 2127 1534 2165 animadu.

87 2203 125 2240 p.
141 2193 229 2227 242.
275 2191 332 2228 De
357 2192 416 2238 iis,
442 2203 536 2240 quae
562 2189 607 2226 ad
629 2188 802 2226 Ouidium
830 2203 900 2226 non
929 2191 1126 2240 pertinent,
1153 2190 1272 2225 dicere
1293 2183 1364 2224 non
1393 2189 1535 2235 attinet,

86 2252 152 2288 nisi
188 2252 283 2290 forte
319 2253 365 2290 de
390 2251 617 2302 Poplifugio,
656 2251 732 2287 siue
757 2251 970 2300 Poplifugiis
1005 2253 1058 2288 uti
1086 2251 1311 2294 Macrobius,
1350 2250 1446 2294 siue,
1484 2250 1535 2286 uti

84 2312 282 2351 Muellerus
311 2315 456 2361 scribit,
489 2312 719 2363 Poplifugia,
755 2325 849 2362 quae
877 2313 1029 2361 Fugalia
1055 2314 1131 2349 sine
1165 2311 1275 2348 dubio
1302 2312 1535 2361 appellantur

85 2375 132 2411 ab
161 2377 358 2425 Augustino
392 2375 438 2412 de
465 2388 496 2412 c.
525 2375 560 2411 d.
590 2378 628 2421 2,
655 2376 696 2410 6:
742 2386 804 2410 nec
836 2373 897 2411 ubi
931 2375 1088 2424 Fuyalia
1123 2374 1382 2410 celebrarentur
1416 2371 1534 2420 effusa

85 2437 181 2472 οηιηὶ
207 2436 351 2474 ῑὶσσηῖῐα
372 2436 635 2486 turpitudintnn
661 2441 694 2472 et
719 2448 801 2473 uere
822 2436 991 2484 Ριιῃαῖὶιι,
1017 2437 1080 2473 sed
1104 2436 1253 2485 pudoris
1270 2435 1532 2472 ethonestatis.

85 2499 163 2534 Hoc
189 2499 284 2535 enim
313 2512 442 2536 nomen
470 2499 690 2536 Niebuhrius
717 2498 753 2534 h.
772 2498 819 2534 R.
843 2502 877 2544 l,
904 2500 1032 2548 p.566
1059 2498 1104 2534 ad
1132 2497 1361 2546 Regifugium
1389 2508 1534 2534 accom-

82 2559 269 2608 modauit,
296 2573 368 2610 quo
395 2561 453 2596 die
480 2561 629 2596 licenter
654 2561 873 2610 quiequam,
899 2567 1008 2610 prout
1034 2560 1068 2596 in
1095 2560 1155 2596 illa
1183 2559 1416 2606 uitulatione,
1457 2557 1532 2594 uid.

82 2619 196 2659 Macr.
216 2623 253 2671 3,
273 2625 308 2667 2,
335 2635 372 2672 p.
391 2624 476 2670 386,
506 2628 625 2659 actum
652 2634 731 2660 esse
750 2621 904 2659 Ouidius
931 2633 1003 2658 non
1031 2620 1149 2658 tradit.
1190 2621 1397 2671 Poplifugia
1421 2631 1532 2671 quam
