1685 2954
623 111 997 148 me.ov1NTvs
1453 96 1535 141 211

148 216 222 260 Sic
250 216 346 272 quia
373 225 498 270 posse
526 213 646 255 datur
671 212 858 255 diuersas
885 210 1055 252 reddere
1083 221 1246 264 causas,
1508 214 1534 252 5

201 285 295 337 Qua
321 285 438 336 ferar,
468 282 610 336 ignoro
640 281 842 335 copiaque
870 279 962 332 ipsa
991 285 1126 321 nocet.

147 352 294 404 Dicite,
323 364 428 405 quae
457 350 595 391 fontes
622 347 908 404 Aganippidos
936 347 1234 400 Hippocrenes,

203 419 335 462 Grata
361 417 581 459 Medusaei
610 416 732 471 signa
761 417 914 456 tenetis
944 416 1048 468 equi.

147 487 390 530 Dissensere
419 485 539 526 deae.
577 497 745 538 quarum
773 483 1047 537 Polyhymnia
1076 483 1214 535 coepit

200 555 344 596 Prima.
379 551 501 593 silent
522 553 640 606 aliae,
669 551 862 605 dictaque
882 557 1021 592 mente
1043 557 1198 592 notant.
1487 557 1538 592 10

144 622 246 664 Post
276 621 404 661 chaos
434 626 479 661 ut
508 621 678 674 primum
707 619 805 660 data
832 625 930 661 sunt
958 620 1035 660 tria
1059 630 1229 671 corpora
1256 617 1419 672 mundo,

199 691 327 743 Inque
356 701 486 729 nouas
515 687 682 742 species
712 701 832 728 omne
860 687 1038 729 recessit
1067 699 1184 739 opus,

142 756 332 798 Pondere
363 762 470 797 terra
499 769 576 797 suo
605 757 804 810 subsedit,
836 762 880 796 et
909 768 1088 809 aequora
1117 755 1253 807 traxit,

200 825 260 865 At
288 825 448 866 caelum
475 825 625 866 leuitas
653 826 694 866 in
723 826 815 866 loca
842 836 1003 865 summa
1032 824 1134 864 tulit.

145 891 218 934 Sol
249 905 411 946 quoque
442 905 548 941 cum,
565 894 698 934 stellis
727 893 836 933 nulla
864 892 1071 947 grauitate
1098 895 1287 932 retentus
1486 892 1537 930 15

199 961 256 1001 Et
282 973 359 1001 uos
385 962 570 1001 Lunares
598 960 803 1001 exiluistis
832 959 938 1012 equi.

144 1027 231 1069 Sed
259 1041 394 1081 neque
423 1035 530 1069 terra
558 1028 627 1069 diu
655 1028 784 1080 caelo,
813 1040 894 1067 nec
923 1032 1090 1067 caetera
1117 1026 1287 1067 Phoebo

199 1095 344 1136 Sidera
374 1095 589 1136 cedebant.
629 1109 701 1148 par
731 1101 821 1136 erat
849 1095 980 1135 omnis
1009 1095 1151 1134 honos.

141 1161 282 1214 Saepe
311 1161 457 1216 aliquis
485 1163 601 1217 solio,
631 1162 741 1216 quod
770 1169 829 1215 tu,
858 1163 1049 1215 Saturne,
1082 1161 1268 1214 tenebas,

198 1230 341 1270 Ausus
371 1230 423 1270 de
453 1231 588 1271 media
615 1230 738 1283 plebe
768 1229 915 1270 sedere
945 1220 1070 1269 deus:
1486 1233 1541 1270 20

142 1297 200 1338 Et
226 1297 336 1338 latus
364 1296 532 1338 Oceano
562 1298 697 1351 quiuis
726 1297 830 1338 deus
858 1297 1020 1338 aduena
1045 1297 1196 1337 iunxit:

139 1409 176 1444 5.
204 1420 311 1457 posse
337 1408 444 1444 dator
468 1408 518 1444 Α.
560 1407 636 1445 diu.
664 1420 815 1445 noscere
845 1419 943 1444 caus,
974 1411 1093 1444 1220.
1199 1409 1236 1444 6.
1265 1407 1351 1452 Quo
1377 1406 1447 1445 fer.
1468 1409 1544 1447 Rc
1608 1430 1611 1432 >

88 1458 261 1496 DEFA
272 1457 322 1496 M
329 1456 365 1495 P
370 1456 420 1494 H
430 1456 516 1495 ²PA
527 1455 565 1494 Σ
576 1458 644 1495 Tb
658 1471 681 1507 9
699 1471 770 1495 ma.
782 1470 850 1496 sec.
865 1471 888 1507 p
901 1470 921 1494 r
936 1470 955 1495 s
980 1461 1134 1506 triginta
1159 1470 1267 1506 uitus,
1293 1457 1375 1505 flor.
1406 1460 1541 1505 Berol„

87 1509 175 1546 Διά.
197 1512 303 1559 prim.
342 1510 438 1546 serat
457 1510 506 1546 A.
545 1510 646 1546 feror
676 1509 794 1547 OPb.
896 1511 933 1545 7.
960 1509 1097 1547 Discite
1123 1512 1168 1547 E.
1209 1509 1302 1545 sont.
1329 1510 1541 1559 aganipidos'

89 1560 344 1609 hypocreuntis
370 1563 405 1597 E
415 1572 556 1608 ruwpr.
570 1572 683 1598 corr..-
710 1560 948 1609 hypocrenes.
989 1560 1211 1608 aganipedos
1239 1560 1469 1609 hipocrentes
1492 1562 1541 1598 G.

91 1610 342 1659 aganippedos
361 1611 603 1659 ipochreontis
617 1608 665 1647 Γ.
705 1609 927 1660 aganipydos
943 1623 1146 1659 ypocrenos
1164 1611 1196 1649 b.
1230 1609 1441 1659 aganipidos
1459 1610 1542 1660 hip-

89 1659 291 1710 pochrenes
316 1672 347 1696 r.
388 1661 480 1697 font.
509 1661 743 1710 aganippides
772 1664 897 1697 3612
908 1663 959 1695 20
978 1665 1122 1709 septem.
1163 1662 1254 1697 sont.
1283 1661 1474 1710 aeripedes
1492 1664 1545 1698 M

91 1722 254 1747 uar.scr.
300 1722 500 1758 ypocrenes
526 1713 575 1747 D.
625 1712 746 1748 Gloss.
775 1714 919 1760 γρουπ]
947 1712 1072 1747 subtus
1098 1718 1285 1747 manantes
1313 1713 1363 1750 D.
1407 1711 1540 1760 aerip]

74 1761 218 1810 ,aeripe
242 1760 312 1796 fuit
337 1767 452 1796 mater
479 1773 661 1796 musarum
680 1764 739 1797 M.
842 1763 877 1796 8.
906 1762 1031 1796 Strata
1056 1761 1151 1797 med.
1178 1765 1220 1799 Τ.
1259 1763 1361 1809 signa
1386 1763 1542 1799 tenentis

91 1813 142 1849 D.
256 1812 292 1846 9.
328 1813 524 1847 Assensere
548 1811 597 1847 A
607 1809 644 1846 Σ
652 1811 670 1847 b
689 1823 765 1847 nia.
786 1823 855 1846 sec.
908 1811 1113 1847 Discessere
1141 1814 1201 1847 17.
1254 1810 1448 1848 Dissedere
1474 1815 1539 1849 22.

91 1874 196 1912 quar.
223 1861 374 1910 pol'inia
400 1864 448 1897 D.
497 1861 682 1910 polymnia
708 1864 752 1897 E.
800 1861 971 1909 polimnia
1004 1860 1135 1898 GGA
1144 1860 1189 1897 N
1199 1859 1233 1898 O
1246 1874 1277 1898 s.
1325 1862 1541 1911 polipl’onia

93 1913 258 1961 ...cepit
275 1909 322 1947 Γ.
365 1912 561 1961 polimpnia
589 1911 696 1948 bina.
713 1924 768 1961 pr.
810 1912 956 1960 polynia
981 1910 1041 1957 fr.
1146 1916 1205 1948 10.
1235 1912 1328 1948 aliae
1356 1913 1541 1962 uerbaque

90 1970 212 1998 mente
237 1963 461 2010 GNp1220
483 1965 647 2011 quinque.
739 1965 811 1998 42.
839 1973 969 1998 recess.
997 1961 1113 1998 honus
1138 1965 1183 1999 E.
1223 1974 1354 2000 recess.
1382 1975 1473 2000 onus
1490 1959 1542 2000 A

90 2010 223 2061 M443
254 2011 434 2062 GNAfp
453 2017 597 2062 septem.
702 2016 762 2048 13.
790 2012 905 2048 Pond.
935 2024 1059 2061 pressa
1086 2025 1150 2048 suo
1178 2015 1230 2049 N.
1274 2013 1442 2050 subdedit
1468 2013 1498 2060 f.

142 2065 206 2100 14.
232 2063 281 2099 Et
311 2063 401 2099 cael.
435 2066 652 2111 Tquatuor.
696 2063 750 2098 Ad
779 2063 868 2099 cael.
896 2075 943 2099 m.
987 2075 1124 2098 summa
1151 2069 1250 2099 tenet
1275 2064 1405 2100 Αἱρεῖ.
1423 2065 1538 2101 Gron-

141 2115 203 2150 15.
231 2113 295 2150 Sol
324 2126 396 2162 quo
423 2126 503 2149 cum
530 2114 623 2150 stell.
650 2116 774 2150 Ernst.
792 2126 847 2162 pr.
888 2125 989 2161 grau.
1020 2121 1186 2163 receptus
1214 2112 1262 2150 Γ.
1310 2115 1459 2150 retentis
1490 2115 1536 2151 0.
1599 2130 1603 2134 ·

142 2167 203 2201 16.
231 2164 332 2200 exsil.
359 2162 462 2201 DQ).
503 2165 658 2200 exiliistis
686 2168 854 2212 quatuor.
902 2165 1046 2199 lunares
1073 2165 1283 2209 prosiluistis
1309 2162 1359 2200 A
1379 2164 1488 2201 (illics.

142 2217 202 2251 17.
230 2215 330 2250 caelo
351 2226 467 2264 neque
489 2211 1176 2263 BDEFOEAMNOPH‘PTfpr
1200 2217 1327 2261 uiginti
1347 2214 1434 2260 fere.
1463 2217 1537 2260 Ita,

90 2272 198 2310 caet„
224 2266 430 2314 eoepres'stiir
443 2265 535 2301 ⁹01).
580 2277 700 2314 neque
721 2267 823 2309 (uec)
845 2265 961 2301 sidera
987 2265 1132 2314 phoebo
1160 2262 1310 2300 BHM).
1322 2268 1371 2299 20
1381 2267 1426 2300 41
1448 2270 1540 2310 tres;

94 2317 301 2361 Guar.scr.
343 2320 488 2352 caetera
514 2313 627 2364 ponto
654 2328 673 2352 s
690 2327 833 2364 meapr.
855 2320 938 2351 tres.
1053 2318 1111 2351 18.
1155 2317 1309 2351 Caetera
1336 2315 1413 2352 ced.
1443 2313 1482 2351 B
1491 2313 1544 2352 Π

93 2369 199 2407 1220
225 2371 314 2411 tres5
347 2367 376 2402 G
390 2378 470 2402 nar.
489 2378 558 2402 scr.
598 2366 776 2401 cadebant
809 2363 850 2401 Γ.
894 2367 1008 2402 omnis
1035 2366 1152 2409 honor
1171 2369 1204 2401 B
1218 2362 1373 2412 GD(E·.2
1398 2364 1537 2404 abscis-

92 2413 791 2465 emn)FG11)FMNOPHAfmp
803 2428 848 2452 rs
876 2419 1003 2464 uiginti.
1030 2421 1184 2464 (μιατιιον
1209 2421 1242 2452 et
1267 2421 1352 2452 ven.
1380 2415 1433 2452 ed.

145 2469 205 2503 19.
233 2467 322 2503 solio
348 2479 420 2516 quo
448 2474 486 2503 tu
510 2471 588 2515 pl}
607 2470 652 2505 14
679 2467 748 2503 duo
767 2472 799 2502 et
820 2466 898 2502 edd.
917 2479 1011 2503 suec.
1029 2479 1102 2502 xv.
1149 2467 1245 2515 quod
1273 2473 1358 2502 tunc
1384 2472 1451 2503 sat.
1480 2468 1532 2504 N.

93 2521 239 2554 saturne
257 2517 409 2554 sedebas
427 2519 508 2567 p14
528 2517 609 2554 cluo.
649 2524 718 2553 sat.
745 2516 884 2553 solebas
912 2522 956 2552 ll
978 2517 1062 2554 edili.
1078 2529 1172 2562 suec.
1193 2529 1267 2553 xv.
1369 2520 1431 2553 20,
1460 2529 1536 2554 me·

95 2565 154 2602 dia
180 2574 234 2604 est
258 2568 366 2617 plebe
394 2570 442 2604 D.
491 2568 609 2603 media
635 2567 778 2616 phoebe
803 2568 880 2604 sed.
906 2565 954 2604 Σ.
1057 2572 1118 2603 21.
1145 2568 1224 2604 Nec
1249 2567 1342 2604 latus
1368 2568 1536 2604 AGD‘G

94 2618 230 2653 Mmoe.
244 2629 298 2666 pr.
318 2618 415 2667 sym
441 2623 529 2663 trcs;
556 2620 606 2654 44
623 2630 703 2654 nur.
717 2630 788 2654 scr.
828 2630 984 2654 occeano
1011 2620 1131 2654 EGr.
1182 2630 1318 2655 oceano
1345 2619 1535 2667 quisquam

95 2667 241 2715 quando
268 2668 350 2704 leue
375 2670 522 2717 tegebat
547 2681 582 2705 m
597 2681 669 2705 nm«.
684 2681 741 2717 pr.
776 2671 819 2704 Iu
842 2671 875 2704 Z
892 2680 1028 2705 rasura
1051 2672 1233 2717 pertinax.
1275 2680 1410 2705 oceano
1436 2668 1534 2718 quis—

95 2728 205 2766 quam
231 2716 319 2754 deus
344 2718 426 2755 libri
448 2719 576 2768 reliqui
601 2731 732 2762 opums,
759 2718 820 2753 sed
846 2719 926 2763 syll.
967 2731 1073 2768 cluam
1099 2721 1138 2757 {n
1163 2731 1240 2755 ras.
1269 2722 1316 2756 D.

1131 2780 1223 2815 14*
