1685 2954
95 87 292 119 ccxxvm
722 83 779 114 m:
807 83 905 115 nms

94 190 136 238 6,
151 190 216 227 72.
274 185 414 225 Artium
444 180 745 233 auspicandarnm
770 197 849 223 mos
875 183 961 223 Kal.
988 182 1082 233 lan„
1113 182 1188 222 Ou.
1216 194 1255 220 u.
1278 183 1368 231 169,
1403 182 1549 222 uidetur

97 257 266 302 spectare
290 247 338 285 ad
363 247 490 283 Ianum
516 239 666 296 ἔφορον
685 241 820 296 πάσης
839 243 1036 296 πράξεως,
1061 258 1170 297 quem
1191 245 1309 283 Varro
1335 251 1399 282 aut
1423 245 1550 295 Lydus

97 312 188 353 fr.4
205 310 309 356 dixit,
336 307 513 356 Agonium
533 318 642 356 quem
667 306 744 344 sine
769 307 882 345 dubio
907 308 1073 357 intelligit
1090 307 1226 344 Paulus
1251 319 1290 356 p.
1306 309 1368 355 10,
1386 307 1424 343 5.
1468 307 1549 343 Hac

99 374 138 411 in
163 383 204 409 re
229 371 259 408 si
285 369 441 406 fortasse
466 368 601 406 sufficit
627 368 769 405 initialis
793 370 870 407 Iani
896 376 1080 420 potestaS,
1117 368 1190 406 uid.
1219 369 1347 404 Horat.
1373 378 1481 404 serm.
1508 369 1550 415 2,

99 436 137 479 6,
155 435 222 481 20,
249 437 288 469 at
313 443 396 467 cum
422 443 490 480 pro
517 429 708 467 duodecim
735 432 916 468 mensibus
942 430 1132 468 duodecim
1158 442 1246 467 arae
1273 429 1306 466 ei
1333 439 1550 465 consecran-

100 502 182 543 tur,
219 493 293 531 uid.
321 493 384 529 lib.
402 492 427 530 5
453 491 502 531 fr.
520 492 559 540 4,
593 503 666 527 non
701 497 800 529 recte
832 492 869 528 id
905 504 927 528 a
952 492 1139 529 Macrobio
1169 491 1298 529 referri
1333 490 1478 526 uidetur
1503 488 1552 526 ad

100 558 252 596 quenti
277 565 501 604 cognomen:
535 559 688 603 propter
722 554 810 589 anni
842 552 982 589 dierum
1018 565 1208 590 numerum
1242 554 1279 590 in
1311 552 1504 589 simulacro
1531 563 1553 588 a

103 619 229 656 Numa
254 628 465 666 expressum
488 625 510 651 a
529 614 647 651 Plinio
675 620 750 653 nat.
772 614 854 650 hist.
876 615 940 661 34,
961 615 1008 650 16
1033 616 1206 664 temporis
1231 621 1269 651 et
1294 614 1375 651 aeui
1400 613 1506 660 deus,
1531 623 1555 649 a

101 681 134 718 F
137 679 278 718 ronteio
300 676 400 727 apud
422 675 566 725 Lydum
591 669 740 725 ἔφορος
761 674 833 712 τοῦ
854 669 1006 718 παντὸς
1023 670 1173 723 χρόνον
1194 681 1440 724 nuncupatur:
1467 674 1556 711 sub-

104 747 162 780 oet
185 738 441 792 perpetuitatis
466 737 579 773 notio.
633 736 691 773 Ex
717 742 872 787 utraque
896 737 968 772 iam
994 736 1135 786 pridem
1161 737 1328 787 populari
1360 735 1419 772 dei
1444 735 1558 773 inter-

109 803 319 854 pretatione
339 806 426 838 nata
450 805 506 836 est
521 798 712 835 doctorum
738 798 931 848 explicatio
949 796 997 834 de
1022 798 1173 846 mundo,
1200 799 1263 847 qui
1288 803 1458 834 aeternus
1484 801 1556 844 est,

106 864 179 903 cfr.
200 864 334 911 Varro,
363 863 459 911 Aug.
473 863 514 909 7,
528 862 568 907 7,
598 867 636 897 et
661 859 818 897 Messala
843 857 944 908 apud
969 858 1148 906 Macrob.,
1174 858 1258 895 hinc
1284 857 1416 894 deinde
1435 855 1559 894 Ouidii

104 925 317 975 figmentum
337 936 380 960 vu.
400 922 645 968 103—114,
680 921 728 959 de
744 934 827 971 *quo
855 932 966 970 supra
994 933 1032 970 p.
1056 932 1097 957 c1
1123 920 1208 957 dixi.
1259 917 1385 956 Altera
1410 930 1495 969 pars
1519 919 1558 956 in

106 987 178 1024 deo
203 987 339 1023 selecto
364 991 422 1022 est
445 983 582 1021 fabula.
621 982 677 1019 Ea
704 980 1012 1033 quemadmodum
1038 980 1085 1018 de
1105 980 1192 1017 lano
1219 980 1376 1017 traditur
1402 981 1448 1017 ab
1464 979 1558 1018 Oui-

106 1048 168 1086 dio
193 1046 416 1085 235-—254
441 1052 479 1084 et
505 1046 672 1082 Varrone
706 1042 805 1093 apud
831 1043 1068 1092 Augustinum
1096 1041 1143 1080 fr.
1165 1045 1205 1088 3,
1241 1048 1385 1079 uetusta
1411 1053 1455 1078 ac
1482 1041 1559 1078 La-

107 1111 184 1148 tina
207 1121 288 1147 esse
313 1114 455 1159 potest:
493 1107 587 1144 filius
613 1107 689 1143 eius
715 1104 878 1152 Fontus,
905 1105 1003 1140 cuius
1030 1116 1094 1140 ara
1119 1104 1154 1140 in
1181 1103 1341 1140 Ianiculo
1366 1102 1450 1151 suit,
1477 1103 1556 1141 Cic.

107 1173 203 1222 legg.
217 1175 262 1219 2,
280 1174 345 1219 22,
361 1170 426 1217 56,
450 1169 498 1206 ab
525 1167 684 1205 Arnobio
711 1168 750 1213 3,
768 1167 818 1202 29
844 1164 999 1202 traditur
1021 1172 1059 1202 et
1086 1177 1176 1201 uxor
1201 1165 1365 1212 Iuturna,
1391 1165 1437 1202 ab
1465 1164 1559 1202 Oui-

106 1233 168 1270 dio
191 1238 279 1269 met.
300 1232 362 1276 14,
374 1232 463 1278 333,
476 1231 548 1266 381
572 1228 727 1266 Venilia.
767 1226 860 1264 lllud
882 1226 929 1265 de
953 1228 1035 1264 uita
1060 1227 1312 1270 innocentiore,
1340 1225 1414 1263 Ou.
1433 1239 1470 1262 u.
1484 1228 1560 1263 247

109 1307 208 1344 sqq.,
242 1292 342 1343 quod
368 1304 451 1328 cum
475 1291 625 1328 Saturni
651 1290 824 1327 societate
850 1290 943 1327 bene
968 1288 1193 1340 quadrabat,
1225 1288 1374 1324 dubium
1401 1287 1463 1323 uix
1487 1294 1560 1335 est,

107 1357 198 1406 quin
232 1353 377 1405 plurimi
410 1353 661 1390 Romanorum
698 1362 844 1388 causam
882 1350 1072 1386 claudendi
1104 1361 1196 1399 pace
1228 1349 1305 1386 lani
1337 1349 1559 1399 putauerint,

108 1429 191 1454 cum
224 1428 268 1453 ea
294 1415 489 1452 cerimonia
516 1415 636 1465 potius
670 1412 821 1449 fabulae
852 1411 954 1460 origo
990 1410 1100 1447 fuisse
1135 1410 1313 1449 uideatur.
1369 1411 1561 1448 Niebuhrii

109 1478 307 1529 disputatio
334 1476 416 1513 hist.
443 1476 517 1513 Ro.
547 1479 582 1523 l,
602 1476 678 1511 324
703 1474 899 1511 adiuuatur
924 1472 1044 1509 Seruii
1071 1472 1274 1509 testimonio
1299 1471 1346 1508 ad
1375 1474 1465 1509 Aen.
1494 1476 1559 1520 12,

109 1543 196 1578 198.
243 1541 405 1576 Asterum
428 1537 488 1575 dei
513 1535 778 1573 matrimonium
806 1535 976 1571 conuenit
1002 1546 1083 1571 cum
1108 1533 1232 1570 fabula
1258 1533 1306 1570 de
1323 1533 1561 1571 Lautolarum

109 1603 263 1652 origine,
290 1600 339 1637 de
362 1611 438 1650 qua
465 1611 577 1649 supra
602 1611 639 1648 p.
657 1608 783 1635 cxnx
802 1608 857 1645 sq.
884 1594 1018 1631 dictum
1045 1600 1113 1631 est.
1165 1594 1294 1643 Longe
1319 1594 1562 1632 discesserunt

110 1662 359 1713 grammatici,
387 1673 542 1711 quorum
571 1660 736 1709 Hyginus
762 1663 855 1694 teste
881 1656 1068 1692 Macrobio
1095 1661 1165 1692 sat.
1194 1660 1231 1702 l,
1253 1658 1278 1691 7
1307 1664 1363 1703 et,
1391 1663 1431 1692 ut
1456 1662 1561 1706 puto,

110 1725 244 1762 Seruio
270 1722 318 1760 ad
346 1724 436 1758 Aen.
463 1725 503 1768 8,
530 1723 605 1757 330
641 1731 789 1756 uxorem
818 1719 1020 1765 Camesen,
1055 1717 1168 1753 filium
1195 1716 1359 1753 Tiberim
1393 1717 1563 1756 tradidit.

109 1786 202 1823 haec
227 1789 444 1835 repetuntur
469 1794 492 1819 a
513 1781 665 1818 Graecis
685 1778 901 1826 Protarcho,
926 1778 1096 1826 Xenone,
1122 1777 1306 1825 Dracone,
1330 1778 1565 1829 Demophilo,

109 1848 175 1898 qui
199 1847 321 1896 ipsum
347 1845 474 1881 Ianum
499 1843 643 1880 exulem
671 1853 742 1879 una
768 1841 852 1878 naui
878 1840 1004 1886 (Seru.
1025 1842 1116 1877 Aen.
1139 1842 1178 1887 8,
1195 1840 1288 1885 357)
1313 1851 1357 1876 ex
1384 1839 1566 1878 Perrhae-

109 1910 170 1946 bia
194 1909 313 1956 (Plut.
340 1911 482 1956 quaest.
510 1917 564 1941 ro.
592 1905 661 1951 22)
690 1904 846 1946 uenisse,
874 1902 923 1938 ibi
948 1914 1037 1939 uero
1064 1913 1226 1939 sororem
1252 1906 1290 1938 et
1315 1913 1464 1938 uxorem
1491 1902 1565 1940 Ca-

110 1972 225 2009 misen
249 1970 328 2006 siue
355 1967 587 2006 Camasenen
611 1965 730 2016 (Lyd.
758 1964 806 2001 de
831 1975 946 2000 menS.
973 1964 1013 2010 4,
1040 1966 1064 1998 2
1090 1963 1188 2010 fin.),
1214 1963 1327 1999 filium
1353 1962 1564 2011 Aethecem,

110 2034 222 2070 filiam
246 2031 437 2068 Olistenen
460 2028 609 2075 (Athen.
628 2027 689 2071 15,
706 2028 779 2062 692
790 2027 828 2073 e)
855 2024 1023 2061 habuisse
1049 2036 1093 2061 ac
1118 2036 1250 2061 nomen
1276 2024 1364 2077 lano
1389 2024 1501 2061 fluuio
1526 2030 1565 2062 et

113 2093 231 2131 monti
257 2091 401 2128 dedisse
425 2089 577 2136 (Athen.
596 2089 657 2136 15,
679 2089 753 2124 693
763 2086 805 2133 d)
831 2085 1064 2122 commentati
1098 2092 1196 2123 sunt.
1249 2085 1414 2122 Aethices
1445 2097 1563 2136 popu-

113 2156 171 2192 lus
197 2161 235 2191 et
260 2152 459 2191 Perrhaebi
482 2152 520 2188 in
545 2156 670 2187 monte
699 2148 816 2185 Pindo
836 2153 923 2184 sunt
948 2146 1048 2196 apud
1074 2146 1301 2197 Stephanum
1327 2146 1417 2196 Byz.
1444 2159 1481 2196 p.
1495 2147 1560 2193 30,

113 2218 164 2252 28
184 2214 294 2252 Dind.
322 2219 360 2250 et
383 2211 539 2248 Plinium
566 2219 643 2248 nat.
662 2210 746 2247 hist.
766 2211 803 2255 4,
823 2213 859 2246 1.
912 2207 1095 2246 Oloosson
1132 2208 1217 2245 urbs
1243 2207 1483 2245 Perrhaebica
1506 2211 1562 2243 est

114 2276 304 2326 Stephano
330 2287 368 2324 p.
386 2275 473 2318 326,
496 2274 543 2309 19
557 2271 669 2309 Dind.

216 2338 273 2374 De
302 2337 408 2373 Ioue
434 2335 619 2372 uerbosius
645 2331 854 2382 disputandi
880 2331 986 2369 huius
1012 2332 1081 2370 loci
1109 2344 1181 2370 non
1207 2338 1276 2379 est,
1303 2343 1382 2368 cum
1409 2298 1562 2367 Ouidius

115 2411 181 2438 sex
206 2404 348 2434 tantum
373 2398 451 2433 eius
477 2395 694 2446 cognomina
719 2402 990 2432 commemoret.
1029 2394 1167 2431 Eorum
1191 2391 1264 2428 duo
1280 2390 1418 2429 Euctus
1438 2393 1474 2436 3,
1489 2393 1564 2428 328

116 2468 155 2499 et
174 2461 302 2497 Stator
322 2460 360 2504 6,
375 2459 448 2493 787
477 2426 546 2493 deo
548 2469 595 2493 eo
622 2467 756 2506 genere
782 2462 880 2502 sunt,
907 2462 948 2492 ut
962 2457 1126 2504 Iuppiter
1144 2454 1264 2501 Lapis
1286 2452 1333 2488 sr.
1348 2454 1387 2500 6,
1414 2459 1565 2502 propter

118 2521 218 2572 quod
246 2520 363 2556 Varro
400 2524 485 2554 ante
516 2518 616 2554 illum
644 2517 738 2553 louis
765 2516 962 2566 Capitolini
989 2515 1227 2565 principatum
1254 2517 1431 2550 trecentos
1455 2516 1566 2551 10¹⁸oe

118 2585 197 2621 sine
221 2579 420 2631 capitibus,
455 2579 493 2617 h.
521 2592 572 2626 e.,
607 2585 646 2615 ut
672 2585 783 2628 puto,
818 2579 896 2615 sine
921 2575 1154 2626 imaginibus,
1180 2573 1253 2611 uid.
1281 2587 1318 2624 p.
1335 2586 1454 2623 cxcr,
1480 2573 1565 2610 solis

121 2642 394 2694 cognominibus
419 2639 655 2678 adumbratos
687 2640 797 2678 fuisse
821 2640 986 2690 scripsit,
1022 2636 1085 2687 qui
1111 2633 1244 2673 deinde
1268 2636 1421 2673 nominis
1447 2644 1566 2686 prope
