1685 2954
669 118 869 150 PVBLICIS
1327 119 1496 153 chxlx

49 222 146 261 nobii
172 223 212 272 7,
238 223 287 259 32
313 226 351 260 et
373 217 574 269 Fogginius
599 230 638 270 p.
664 218 734 264 42,
768 216 942 268 quodque
966 230 1078 269 supra
1102 231 1142 270 p.
1163 230 1231 258 cu
1256 219 1336 271 ipse
1362 220 1496 260 crede·-

48 286 146 322 bam.
198 284 239 322 ld
264 295 377 334 genus
402 287 512 318 testes
538 292 610 317 non
642 285 729 317 sunt
769 279 1003 327 admittendi,
1042 282 1107 318 nisi
1140 282 1201 318 ubi
1219 282 1342 319 uerba
1368 280 1496 320 Ouidii

47 346 242 393 illustrant,
268 357 305 381 u.
323 344 394 381 186
419 341 625 390 exululata,
652 342 760 379 Seru.
780 340 828 378 ad
848 353 906 390 ge.
927 345 968 389 2,
983 343 1079 380 394:
1107 342 1231 390 hymni.
1253 355 1338 382 uero
1363 345 1496 382 matris

47 407 150 445 deum
176 406 302 454 ubique
325 406 516 454 propriam
540 403 577 441 h.
597 415 627 441 e.
652 406 823 452 maecum
849 402 1010 451 linyuam
1035 407 1236 454 requirunt,
1261 419 1298 443 u.
1314 404 1402 454 185,
1418 406 1494 442 243

47 469 173 506 molles
195 466 366 512 ministri,
392 467 546 515 August.
566 478 598 502 c.
618 465 655 502 d.
673 469 714 513 2,
728 467 775 502 7:
806 465 909 502 Galli
935 464 1236 513 abscinderentur,
1259 465 1384 504 molles
1408 478 1494 505 con-

48 533 289 572 sacrarentur,
314 528 438 564 insani
462 531 690 572 secarentur,
725 527 774 564 ib.
802 528 842 575 7,
869 528 943 564 26:
976 526 1019 564 de
1043 527 1211 566 mollibus
1235 528 1347 566 eidem
1371 529 1496 567 Matri.

45 602 200 640 magnae
224 590 454 636 consecratis,
479 602 516 626 u.
533 592 628 627 220:
655 590 784 639 primis
809 593 929 627 turres
953 589 1101 627 urbibus
1128 589 1238 637 dedit,
1271 589 1365 638 Lyd.
1393 593 1430 635 3,
1444 591 1495 627 34

44 667 84 704 p.
103 655 196 690 128:
231 644 386 694 πόλεώς
419 647 476 694 ἒςι
512 646 774 700 καταρκτική.
833 651 892 688 De
924 662 962 689 u.
988 651 1060 687 353
1096 650 1180 688 uide
1206 649 1368 687 Gellium
1395 651 1496 701 apud

43 714 249 760 Heinsium,
274 723 369 750 neue
397 718 486 761 puta
513 714 714 763 proximum
735 712 877 750 medela
903 724 1032 762 egere:
1058 713 1289 749 Burmannus
1315 712 1496 749 ascribere

42 781 190 826 poterat
221 775 323 824 Virg.
350 785 409 823 ge.
437 778 476 821 2,
502 777 601 823 372,
636 776 731 814 Stat.
760 775 842 812 silu.
871 776 909 823 4,
936 776 975 822 6,
1003 776 1040 812 9.
1091 773 1147 810 Ad
1181 785 1243 812 uu.
1272 774 1493 810 367—372

42 837 138 874 utilis
165 842 220 874 est
246 836 439 883 Arnobius,
465 836 495 872 si
522 836 631 873 modo
657 843 695 874 et
720 835 779 873 hic
804 836 876 873 fide
902 836 1046 885 dignus,
1074 835 1114 883 5,
1143 836 1210 871 16:
1244 834 1330 884 quid
1357 839 1494 885 tempe-

42 902 152 936 ratus
177 896 222 934 ab
248 897 423 935 alimonio
449 899 570 947 panis,
597 901 656 936 cui,
680 900 733 936 rei
757 909 884 935 nomen
910 897 1059 934 dedistis
1084 893 1234 935 castus?
1258 908 1376 934 nonne
1394 896 1496 935 illius

42 960 215 1009 temporis
240 961 395 997 imitatio
421 964 486 1005 est,
513 972 582 1009 quo
607 972 646 997 se
671 971 800 996 numen
825 958 872 996 ab
900 960 1039 996 Cereris
1060 958 1168 1007 fruge
1189 957 1363 996 uiolentia
1389 971 1495 997 mae-

42 1023 140 1060 roris
167 1019 368 1059 abstinuit?
389 1042 436 1049 —
463 1021 539 1059 Sed
565 1022 870 1072 interpretationis
891 1020 1097 1058 Ouidianae
1121 1019 1399 1058 fundamentum
1425 1021 1495 1059 erit

42 1083 162 1120 Varro
188 1082 287 1132 apud
306 1084 543 1132 Augustinum
570 1096 603 1120 c.
624 1083 661 1120 d.
677 1085 717 1130 7,
733 1083 783 1118 24
808 1088 846 1119 et
871 1081 1032 1118 fortassis
1058 1081 1094 1118 in
1121 1094 1157 1118 u.
1177 1083 1250 1119 363
1277 1081 1372 1120 idem
1393 1082 1494 1134 apud

41 1144 146 1182 Paul.
176 1144 279 1180 Diac.
307 1145 370 1192 95,
399 1148 444 1181 13
482 1151 519 1181 et
554 1144 652 1194 apud
678 1143 822 1192 Lydum
858 1143 904 1180 de
938 1144 1098 1192 magistr.
1124 1147 1164 1191 3,
1190 1145 1255 1191 74,
1281 1145 1350 1182 nisi
1375 1145 1493 1182 mauis
1539 1147 1551 1151 '

42 1205 303 1244 Callimachum
329 1206 428 1256 apud
455 1206 547 1243 Plin.
576 1218 613 1243 n.
642 1204 678 1242 h.
706 1208 769 1253 31,
785 1205 874 1254 1,5,
901 1205 1038 1242 Bloms.
1064 1218 1104 1255 p.
1120 1207 1219 1242 206:
1246 1205 1378 1243 deinde
1402 1206 1495 1243 Dio·

41 1280 121 1316 nys.
151 1265 232 1304 Hal.
253 1271 292 1316 2,
314 1269 374 1304 19.
426 1268 525 1304 Nihil
553 1278 700 1304 necesse
727 1274 817 1316 puto
844 1267 1049 1304 exscribere
1074 1273 1222 1317 praeter
1247 1265 1338 1304 haec
1361 1266 1487 1317 Augu·

40 1329 142 1366 stini:
171 1328 265 1378 quod
288 1329 389 1367 sedes
409 1328 599 1379 finyantur
624 1329 724 1366 circa
749 1341 831 1365 eam
857 1336 911 1365 et:
940 1326 1103 1375 confictio
1129 1327 1282 1374 leonum,
1309 1328 1408 1367 unde
1432 1330 1490 1366 in-

40 1391 215 1441 telligitur
240 1391 276 1427 in
304 1390 379 1428 Ou.
406 1404 441 1428 u.
469 1392 544 1428 215
569 1391 763 1428 simulacra
789 1391 934 1427 leonum
962 1403 1080 1440 prope
1106 1390 1219 1428 sedile
1244 1391 1322 1429 siue
1347 1397 1490 1430 tensam

41 1451 148 1499 deae,
175 1464 270 1502 quae
296 1453 516 1501 gestabatur,
544 1465 579 1489 u.
604 1452 692 1499 185,
720 1452 780 1488 uix
806 1452 1022 1500 uehebatur,
1051 1458 1092 1488 ut
1118 1451 1217 1501 apud
1237 1452 1345 1492 Seru.
1366 1452 1413 1490 ad
1431 1464 1492 1502 ge.

42 1518 81 1562 1,
110 1516 181 1551 163
209 1520 284 1562 est,
319 1526 398 1552 esse
431 1513 636 1564 cogitanda.
690 1513 807 1550 Simili
841 1514 950 1551 modo
985 1514 1123 1551 errauit
1147 1514 1299 1551 Seruius
1325 1514 1372 1551 ad
1399 1516 1492 1552 Aen.

43 1578 107 1624 10,
133 1578 230 1624 220,
263 1577 392 1614 Gallos
419 1583 520 1613 motu
547 1575 674 1626 capitis
702 1587 842 1612 comam
868 1582 1029 1613 rotantes
1066 1575 1208 1612 ululatu
1233 1574 1358 1612 futura
1383 1587 1493 1626 prae-

42 1638 291 1675 nunciauisse:
330 1639 543 1676 meminerat
579 1638 773 1674 ariolorum
799 1637 1052 1675 Plautinorurn
1080 1637 1248 1688 capillum
1275 1638 1494 1687 promitten-

43 1699 154 1736 tium:
190 1699 328 1736 Lucani
361 1706 483 1737 tamen
513 1701 644 1746 locus,
682 1711 790 1749 quem
816 1700 981 1749 apponit,
1007 1700 1097 1737 facit
1122 1699 1168 1736 ad
1197 1698 1320 1737 Ouidii
1346 1711 1493 1738 uersum

43 1761 132 1797 244.
184 1759 244 1796 De
270 1761 481 1798 Cerealibus
507 1762 581 1810 agit
607 1760 762 1798 Ouidius
788 1761 882 1810 prid.
912 1761 965 1797 Id.
993 1762 1097 1811 Apr.,
1123 1774 1160 1797 u.
1188 1762 1263 1797 619
1290 1766 1329 1797 et
1354 1760 1492 1798 ducen-

43 1823 88 1860 tis
114 1822 262 1872 triginta
289 1823 350 1871 qui
376 1822 610 1868 antecedunt,
637 1834 707 1858 nec
732 1821 897 1870 intelligit
918 1821 1028 1858 serias
1045 1822 1208 1871 publicas
1226 1821 1491 1872 Cerealiorum,

42 1883 110 1922 sed
135 1882 239 1920 ludos
266 1883 452 1931 Cereales,
478 1882 545 1919 cfr.
573 1883 737 1919 Macrob.
766 1889 835 1920 sat.
865 1887 902 1929 1,
918 1884 958 1930 4,
985 1895 1022 1932 p.
1041 1884 1126 1919 140.
1180 1882 1347 1919 Cerealia
1371 1883 1408 1920 in
1434 1890 1492 1921 ta-

43 1945 130 1982 bula
159 1943 343 1981 Maffeana
374 1945 633 1994 consignantur
660 1956 694 1982 a.
722 1943 759 1981 d.
786 1943 870 1981 X111
895 1943 972 1983 ΚΡ.
1024 1944 1139 1981 Albae
1173 1944 1303 1993 igitur,
1341 1956 1380 1984 u.
1399 1946 1490 1995 619,

43 2008 152 2045 etiam
179 2006 348 2043 ludorum
374 2005 502 2042 diebus
527 2006 563 2042 in
591 2019 657 2043 usu
684 2012 800 2051 erant,
828 2005 916 2042 nihil
938 2016 1085 2042 necesse
1102 2011 1158 2042 est
1183 2004 1231 2041 ad
1256 2016 1400 2043 sacrum
1426 2018 1490 2045 eas

42 2069 227 2120 pertinere
251 2069 381 2105 solum.
434 2067 544 2104 Credi
577 2069 690 2117 possit
721 2068 920 2117 anticipare
946 2065 1118 2104 Ouidium
1147 2067 1239 2103 sacri
1264 2069 1487 2107 mentionem

26 2143 106 2167 ‘uu.
133 2131 366 2167 407—416.
418 2129 494 2167 Sed
529 2129 673 2167 uidetur
697 2130 871 2167 rusticum
899 2128 1111 2167 sacrificium
1137 2127 1237 2164 innui
1272 2131 1393 2166 neutri
1419 2130 1491 2169 diei
1536 2155 1541 2159 »

42 2192 250 2237 astrictum,
286 2190 333 2228 de
358 2203 432 2241 quo
459 2191 606 2228 colonos
632 2192 742 2228 etiam
769 2191 940 2228 admonet
961 2189 1131 2239 Virgilius
1156 2200 1215 2239 ge.
1243 2193 1280 2239 1,
1300 2193 1387 2240 339,
1413 2192 1492 2231 for.

42 2252 146 2289 tassis
164 2253 409 2301 Ambarualia,
436 2254 488 2290 uti
513 2253 662 2291 Seruius
689 2253 811 2291 tradit.
857 2252 1007 2290 Publice
1032 2251 1248 2288 auctoritate
1273 2254 1486 2302 pontificum

42 2314 127 2364 quid
164 2322 284 2352 actum
319 2315 365 2351 sit
391 2316 622 2361 Cerealibus,
659 2316 787 2353 reticet
817 2321 951 2365 poeta,
989 2319 1118 2364 estque
1154 2313 1405 2353 difficillimum
1438 2317 1487 2356 de

42 2375 256 2414 lectisternio
285 2378 423 2415 Cereris
455 2377 582 2421 Idibus
614 2378 713 2428 apud
747 2379 883 2415 Arnob.
909 2379 950 2425 7,
977 2379 1046 2424 32,
1083 2375 1130 2413 de
1159 2387 1273 2425 porca
1304 2389 1421 2416 aurea
1449 2383 1486 2418 et

42 2443 213 2487 argentea
245 2438 344 2489 apud
370 2439 519 2476 Festum
545 2452 584 2490 p.
609 2442 699 2489 238,
727 2443 773 2477 11
801 2440 899 2476 dext.
925 2443 963 2475 et
987 2438 1018 2474 si
1041 2449 1136 2487 quae
1161 2437 1234 2474 alia
1258 2438 1344 2476 illuc
1369 2443 1488 2491 perti..

3 2512 5 2515 ’
42 2510 130 2537 nere
148 2502 346 2550 potuerint,
373 2507 545 2539 statuere.
586 2502 738 2552 Quippe
756 2502 909 2538 alterum
934 2498 1003 2536 suit
1027 2510 1172 2536 sacrum
1192 2501 1487 2542 anniuersarium

47 2560 196 2610 Cerei-ic,
221 2562 259 2600 h.
286 2575 338 2611 e.,
364 2569 405 2600 ut
428 2570 540 2619 puto,
563 2563 708 2608 annale,
736 2569 777 2600 ut
801 2563 919 2600 Varro
944 2561 1032 2598 dixit
1058 2560 1104 2598 de
1128 2562 1154 2598 l.
1181 2562 1208 2600 1.
1234 2563 1273 2610 6,
1295 2564 1359 2613 25,
1387 2566 1488 2616 quod

45 2627 185 2660 tantum
209 2631 308 2662 certo
334 2637 461 2663 mense
487 2627 770 2676 concipiebatur.
807 2625 904 2662 Eum
930 2635 1089 2671 mensem
1109 2630 1255 2675 oportet
1279 2624 1392 2665 fuisse
1411 2628 1488 2664 Au-

43 2690 211 2735 gustum,
245 2687 275 2724 si
305 2692 405 2726 recte
431 2687 556 2726 Liuius
581 2691 646 2738 22,
672 2687 722 2725 56
748 2694 785 2725 e‘t
812 2688 876 2737 34,
902 2687 927 2723 6
953 2691 1076 2724 narrat
1098 2686 1365 2738 intermissum,
1400 2687 1489 2727 dum

1082 2747 1175 2788 ΜΖ
