1685 2954
560 97 657 125 nin.
689 94 974 140 secvnnvs
1437 78 1490 118 79

105 202 276 244 Scilicet
302 213 328 241 a
356 198 518 241 tumulis
545 203 590 238 et
619 196 688 250 qui
722 195 900 248 periere,
936 194 1191 248 propinquis

158 269 348 322 Protinus
376 267 428 308 ad
455 267 575 306 uiuos
605 277 675 304 ora
704 264 852 304 referre
881 262 1006 316 iuuat,

101 340 285 391 Postque
314 341 375 376 tot
403 333 578 374 amissos
607 330 797 385 quicquid
827 329 879 369 de
908 331 1109 384 sanguine
1138 334 1269 371 restat

158 406 358 458 Aspicere
387 407 430 441 et
457 401 624 455 generis
653 399 904 439 dinumerare
935 398 1100 452 gradus.
1411 400 1491 435 620

105 471 270 514 Innocui
297 468 473 511 ueniant.
512 468 651 521 procul
679 467 786 517 hinc,
814 466 954 518 procul
982 464 1130 517 impius
1159 469 1250 504 esto

157 541 303 580 Frater
332 545 375 578 ct
400 539 439 577 in
469 544 609 589 partus
639 541 770 575 mater
801 534 951 574 acerba
981 544 1093 584 suos,

103 607 181 647 Cui
208 612 325 658 pater
354 611 420 646 est
447 604 585 657 uiuax,
614 602 683 656 qui
709 602 852 643 matris
881 600 1029 655 digerit
1058 612 1199 652 annos,

156 672 274 724 Quae
303 674 447 726 premit
475 673 648 712 inuisam
677 682 821 711 socrus
850 667 987 722 iniqua
1012 681 1165 708 nurum.

103 742 344 782 Tantalidae
374 741 519 781 fratres
548 740 696 790 absint,
725 744 768 777 et
792 738 951 777 Iasonis
979 749 1094 789 uxor,
1416 737 1493 772 625

159 810 216 850 Et
244 822 349 862 quae
376 807 560 849 ruricolis
587 808 745 848 semina
769 811 881 846 tosta
909 803 1042 845 dedit:

102 878 159 917 Et
188 889 301 917 soror
333 882 375 915 et
397 876 569 927 Procne,
599 876 839 926 Tereusque
868 872 1028 911 duabus
1055 870 1229 924 iniquus,

158 946 213 984 Et
241 942 486 997 quicumque
512 955 611 982 suas
639 955 711 994 per
739 941 878 981 scelus
906 945 1035 992 auget
1064 951 1179 990 opes.

100 1011 176 1051 Dis
205 1011 369 1064 generis
398 1010 493 1049 date
527 1010 645 1049 thura
673 1008 810 1048 bonis:
845 1005 1078 1047 Concordia
1106 1005 1232 1045 fertur

157 1079 230 1118 Illa
258 1075 480 1130 praecipue
508 1074 617 1116 mitis
645 1074 797 1114 adesse
827 1073 905 1114 die.
1416 1076 1496 1112 630

99 1147 157 1186 Et
184 1144 309 1185 libate
340 1144 480 1196 dapes.
518 1148 576 1194 ut,
605 1142 712 1195 grati
739 1143 890 1195 pignus
916 1139 1095 1194 honoris,

155 1213 323 1253 Nutriat
350 1210 554 1252 incinctos
583 1211 710 1250 missa
738 1211 891 1263 patella
918 1211 1060 1251 Lares.

42 1353 190 1390 karistia
208 1352 298 1388 AP.
341 1349 483 1387 charist.
509 1350 649 1399 reliqui.
692 1334 791 1386 εἶιξπ.
819 1350 892 1386 rari
913 1348 956 1386 A
973 1363 1046 1388 ma.
1063 1363 1122 1401 pr.
1159 1348 1237 1401 kari
1253 1348 1303 1384 A.
1406 1349 1495 1385 616.
1557 1354 1560 1357 ⁴

42 1404 150 1440 turba
178 1409 306 1439 uocata
333 1399 379 1437 H
396 1404 446 1437 40
461 1405 522 1438 41.
568 1402 682 1437 socias
709 1402 805 1438 turb.
834 1414 914 1437 uoc.
944 1403 1089 1452 (prop.)
1116 1398 1229 1451 dapes
1259 1399 1447 1445 1140413
1473 1411 1496 1447 9

41 1459 76 1491 et
101 1459 176 1491 tres
200 1465 283 1490 nar.
306 1465 376 1490 scr.
426 1465 533 1502 prop.
563 1453 660 1488 cibos
687 1464 793 1488 ultus.
835 1465 941 1501 prop.
968 1462 1090 1502 patres
1117 1465 1224 1489 imus.
1263 1449 1384 1487 Gloss.
1404 1452 1496 1486 DE:

41 1504 145 1553 deos]
174 1512 337 1554 penates.
448 1505 534 1539 617.
567 1503 692 1539 silicet
719 1500 766 1539 Γ.
807 1502 895 1539 Seii.
926 1504 1109 1540 attumulis
1136 1507 1181 1540 Ε.
1221 1509 1311 1538 tum.
1341 1500 1405 1536 sed
1434 1501 1496 1549 qui
1557 1504 1565 1516 '’

41 1557 79 1592 8.
124 1554 318 1604 propinqui
344 1551 491 1590 ΑΓΛ
517 1556 564 1589 43
591 1557 734 1601 septem.
783 1548 1014 1603 propinq'u'os'
1039 1556 1085 1592 0.
1198 1555 1285 1589 618.
1321 1563 1383 1588 ora
1411 1563 1496 1600 per-

40 1605 138 1641 ferre
164 1605 196 1651 f.
299 1606 384 1641 619.
413 1605 585 1640 admissos
606 1601 697 1640 ΓΣ.
741 1604 786 1640 de
812 1617 946 1652 genere
968 1613 1081 1641 restat
1099 1608 1148 1642 1).
1253 1605 1339 1639 620.
1368 1614 1493 1651 gener.

41 1667 280 1692 annumerare
299 1657 323 1690 8
341 1655 448 1691 alius.
489 1655 727 1691 denumerare
744 1667 780 1703 9.
823 1656 960 1692 diuum.
985 1656 1135 1705 gradum
1157 1658 1207 1692 N.
1313 1655 1400 1689 621.
1431 1665 1496 1688 ue-

40 1707 142 1742 nient
160 1705 208 1744 Δ.
248 1706 398 1740 ueniunt
424 1704 453 1750 f.
556 1708 643 1743 622.
671 1707 800 1741 acerba
828 1712 910 1742 tuos
934 1708 1018 1743 G7.
1122 1709 1209 1743 623.
1239 1705 1313 1748 Qui
1335 1717 1383 1740 m.
1421 1705 1494 1739 uiu.

41 1757 98 1792 cui
124 1754 241 1791 i'nater
262 1757 299 1791 6.
340 1756 399 1804 qui
422 1761 536 1790 mater
557 1758 744 1803 Emmpr.
789 1756 929 1805 degerit
948 1759 1046 1793 643.
1084 1757 1203 1805 dirigit
1220 1755 1271 1792 M
1285 1754 1334 1792 Ψ.
1367 1754 1496 1790 Gloss:

40 1806 162 1855 uinax]
193 1807 286 1841 ultra
314 1818 420 1853 quam
450 1806 536 1840 uelit
558 1804 593 1839 b.
632 1807 776 1841 nimium
798 1818 830 1842 ϊ.
935 1808 1022 1842 625.
1052 1807 1266 1843 Tantalides
1292 1805 1495 1842 ABEFG
1528 1841 1531 1843 .

42 1853 503 1899 OEFAOPAEber
529 1857 577 1889 43
592 1856 642 1889 44
668 1854 862 1892 duodecim.
915 1858 1029 1893 Tant.
1058 1859 1177 1893 absint
1204 1857 1335 1892 fratres
1360 1854 1391 1901 f.

89 1909 178 1943 626.
205 1919 295 1942 sem.
324 1914 415 1942 testa
443 1903 491 1941 Σ.
532 1915 633 1940 cocta
661 1918 767 1941 muts.
810 1907 909 1942 dedit
936 1909 974 1943 rin
992 1919 1066 1943 ras.
1085 1921 1132 1944 m.
1176 1914 1270 1943 tosta
1298 1906 1399 1942 dabit
1427 1906 1467 1942 G.

89 1960 178 1995 627.
206 1959 283 2004 Sic,
311 1968 459 2006 procne,
488 1953 651 2001 D(CD‘.2).
687 1957 837 2004 pujonine
853 1960 897 1993 E.
938 1970 1076 2006 progne
1091 1957 1160 2004 ΗΓ.
1179 1957 1362 2006 etreliqui.
1397 1955 1492 1992 ther.

36 2006 85 2045 Γ.
125 2009 257 2057 iniquis
274 2020 323 2044 m.
418 2009 505 2043 628.
532 2019 600 2054 per
626 2007 723 2042 celus
740 2004 787 2042 Γ.
892 2009 978 2044 629.
1007 2009 1082 2044 Diis
1104 2008 1171 2054 llf.
1192 2010 1324 2044 DEP.
1363 2007 1422 2042 Dii
1434 2004 1492 2042 ΙΙ.

37 2059 178 2107 generis
205 2071 274 2095 om.
303 2061 498 2106 Emmpr.
539 2057 615 2092 Diis
641 2058 757 2105 gentis
784 2057 865 2094 duo.
905 2065 986 2094 tura
1002 2058 1127 2105 Ilfcld.
1171 2060 1255 2094 boni
1281 2057 1362 2095 lzbrz
1380 2069 1493 2106 prac—

35 2114 90 2146 ter
115 2108 238 2155 Ilfeld.
266 2106 332 2157 Py
359 2120 506 2156 mcc-pr.
534 2120 570 2143 m
596 2112 629 2143 et
655 2112 745 2144 octo.
789 2109 981 2145 concordia
1009 2111 1129 2146 seruet
1156 2108 1190 2146 b.
1303 2111 1392 2145 630.
1426 2109 1491 2144 lllo

38 2157 140 2207 OEby
167 2171 241 2195 ma.
260 2171 329 2195 sec.
356 2158 379 2195 h
404 2158 474 2195 (luo
501 2162 534 2194 et
560 2162 646 2194 uctt.
668 2157 721 2194 cd.
769 2158 896 2195 adesse
921 2160 1022 2196 iubet
1046 2161 1095 2196 A.
1198 2162 1286 2196 631.
1314 2159 1428 2208 dapes
1455 2165 1492 2194 et

29 2211 127 2259 grati
155 2212 299 2258 Dmps
324 2214 418 2254 ουτος
446 2212 495 2245 Μ
518 2221 601 2244 nar.
620 2220 690 2244 scr.
717 2208 842 2254 Ilfeld.
870 2211 908 2246 in
933 2222 1012 2246 ras.
1041 2224 1066 2247 α
1092 2215 1173 2247 tert.
1200 2222 1274 2246 ma.
1315 2209 1429 2258 dapes
1455 2210 1490 2244 in

32 2260 126 2310 grati
149 2257 202 2296 Φ.
248 2261 332 2307 Sic,
360 2259 526 2306 honoris,
553 2259 589 2294 A
604 2261 637 2294 Β
656 2260 733 2295 ΟἘ
749 2257 788 2294 (1)
802 2257 907 2296 ΜΔ
921 2259 992 2297 Zb
1007 2273 1027 2297 r
1043 2264 1067 2297 8
1085 2261 1266 2304 ιιηᾶοοὶνη,
1300 2259 1426 2306 Ilfeld.
1450 2261 1491 2296 ’ὶη

29 2322 108 2351 ras.
130 2323 154 2347 a
180 2315 262 2347 tert.
280 2323 374 2354 παις
407 2309 616 2358 Tmpmr.
634 2321 703 2346 scr.
745 2312 877 2346 amoris
903 2311 1031 2360 reliqui
1056 2316 1089 2348 et
1114 2313 1193 2348 ΛΕ
1212 2322 1293 2346 uar.
1314 2322 1386 2347 scr.

30 2407 35 2412 ι
82 2363 172 2398 632.
205 2363 280 2405 Ita,
307 2361 495 2407 incinctos,
523 2359 675 2396 bmma.
694 2372 751 2409 pr.
773 2363 822 2396 20
848 2366 882 2397 et
906 2361 977 2398 (luo
1003 2361 1060 2398 uel
1087 2366 1171 2399 tres.
1217 2363 1371 2397 intactos
1399 2363 1493 2397 RM

33 2415 81 2457 et,
105 2415 146 2448 ut
170 2415 280 2460 puto,
315 2411 440 2458 Ilfeld.
458 2410 524 2447 sub
539 2422 615 2447 ras.
669 2412 835 2447 inuentos
857 2415 893 2448 7.
942 2413 1117 2448 immissos
1144 2412 1201 2448 uel
1225 2413 1386 2447 inmissos
1412 2413 1494 2447 DF

37 2458 122 2497 ΦΓ
135 2461 495 2510 πιηᾶσφιαᾰι·α9ἱιιΐιι;
523 2458 634 2497 MH
637 2473 660 2510 p
677 2473 761 2498 var.
781 2474 851 2499 scr.
895 2462 1064 2498 intinctos
1089 2463 1228 2511 reliqui,
1270 2463 1339 2498 inc.
1368 2474 1488 2498 mussa

33 2509 154 2548 latella
181 2524 215 2548 m
232 2524 381 2560 matpr.
430 2513 528 2548 iussa·
558 2519 633 2561 pat.
671 2511 794 2557 llt'cld.
817 2525 889 2549 ma.
910 2525 966 2561 pr.
988 2516 1024 2549 D
1041 2516 1086 2549 Z.
1142 2519 1250 2549 uncta
1278 2519 1354 2562 pat.
1382 2525 1404 2560 9
1425 2516 1485 2548 11.

32 2560 153 2597 iuncta
184 2568 259 2611 pat.
286 2575 394 2599 muzus.
436 2575 551 2611 parua
578 2568 654 2611 pat.
683 2562 766 2598 dno.
808 2565 882 2607 Ita,
910 2564 1018 2611 lares,
1054 2565 1126 2600 ΟΖ
1138 2576 1174 2600 m
1199 2562 1264 2600 sub
1291 2575 1368 2600 ras.
1398 2567 1487 2599 teste

32 2612 182 2648 Heinsio
207 2616 241 2649 et
265 2613 385 2650 eodem
408 2612 513 2650 modo
540 2625 610 2650 non
637 2611 758 2649 dubito
785 2612 978 2660 affirmare
1004 2614 1046 2651 de
1065 2613 1192 2662 Ilfeld.
1232 2614 1331 2650 cibos
1357 2613 1485 2661 reliqui

30 2672 166 2698 omnes.
