1685 2954
606 81 707 112 Lm.
738 81 949 113 snxrvs
1411 71 1498 117 273

109 182 221 224 Ante
249 181 367 224 focos
393 181 487 223 olim
514 180 697 224 scamnis
723 181 940 224 considere
966 181 1104 238 longis

166 245 263 291 Mos
291 256 379 291 erat
407 255 451 291 et
477 262 648 291 mensae
677 250 848 291 credere
876 248 1028 294 adesse
1056 250 1169 293 deos.
1414 255 1496 292 300

111 316 234 358 Nunc
262 329 422 371 quoque
450 328 543 356 cum
567 316 671 358 fiunt
697 316 890 371 antiquae
917 329 1036 359 sacra
1063 319 1276 372 Vacunae,

166 384 277 424 Ante
307 382 545 424 Vacunales
572 390 766 438 stantque
794 383 1024 438 sedentque
1052 385 1180 427 focos.

109 449 237 492 Venit
270 451 310 490 in
345 450 423 491 hos
451 462 581 491 annos
615 451 749 504 aliquo
779 449 831 491 de
860 463 973 491 more
1003 450 1208 496 uetustas:

164 518 266 558 Fert
293 516 444 558 missos
472 517 634 558 Vestae
661 529 770 570 pura.
789 518 943 570 patella
970 518 1099 562 cibos.

107 584 223 625 Ecce
252 582 456 624 coronatis
482 584 601 636 panis
630 583 835 637 dependet
862 583 1015 639 asellis,
1417 590 1496 629 305

160 650 217 691 Et
243 650 384 692 uelant
412 652 583 693 scabras
613 652 754 693 florida
782 658 894 693 serta
919 654 1063 695 molas.

104 716 206 758 Sola
232 718 344 771 prius
372 718 501 759 furnis
529 719 736 760 torrebant
764 719 870 759 farra
898 719 1044 773 coloni,

162 786 220 825 Et
250 786 466 827 Fornacali
495 793 594 827 sunt
621 799 698 828 sua
726 798 847 827 sacra
875 786 992 828 deae.

106 852 374 906 Suppositum
404 854 530 895 cineri
556 866 707 907 panem
736 854 854 895 focus
881 853 974 907 ipse
1001 854 1184 908 parabat,

161 920 384 974 Strataque
413 927 501 962 erat
529 921 668 975 tepido
695 920 839 974 tegula
867 932 1022 974 quassa
1050 921 1152 962 solo.
1414 926 1495 964 310

105 987 206 1028 Inde
234 988 372 1028 focum
401 994 542 1029 seruat
568 988 697 1041 pistor
724 986 1007 1042 dominamque
1035 987 1218 1031 focorum

158 1055 215 1096 Et
243 1068 350 1110 quae
377 1056 592 1110 pumiceas
618 1059 758 1098 uersat
786 1055 915 1096 asella
941 1055 1083 1098 molas.

49 1183 157 1220 1429
182 1181 292 1219 altus.
326 1185 404 1230 Ita,
432 1190 533 1220 uesta
559 1189 614 1221 est
639 1195 747 1233 quae,
776 1177 1494 1232 BDEGOEAMNWefymmasec.

47 1245 114 1283 pr.
156 1239 278 1268 uestra
304 1238 359 1268 est
385 1233 533 1281 quidam
559 1246 627 1270 sec.
654 1245 741 1270 ann.
768 1235 873 1283 impr.
913 1234 1033 1269 famur
1059 1239 1197 1270 uestam
1226 1246 1321 1282 quae
1351 1237 1386 1272 Τ
1407 1239 1496 1273 uett.

46 1282 154 1328 edith
182 1280 222 1318 Φ
235 1294 315 1319 uar.
328 1294 399 1319 sor.
435 1282 556 1318 famur
574 1289 678 1319 uesta
695 1280 790 1332 quae
816 1284 944 1331 reliqui
960 1284 1021 1331 qui
1035 1282 1214 1332 hucusque
1229 1283 1381 1321 indicati
1396 1290 1496 1323 sunt.

47 1332 208 1370 Dicimus
234 1345 256 1369 o
286 1339 387 1369 uesta
412 1344 507 1382 quae
540 1344 661 1370 omnes
693 1345 843 1381 quorum
867 1332 972 1369 nulla
1002 1332 1121 1370 adhuc
1144 1335 1275 1370 mentio
1299 1334 1405 1380 facta
1428 1339 1498 1383 est,

49 1383 115 1421 hoc
139 1387 204 1427 est,
232 1394 277 1419 ea·
303 1387 473 1420 accurate
497 1383 639 1419 collatis
664 1381 742 1419 ΕΔ
751 1379 789 1418 Σ
794 1382 841 1419 bs
857 1382 946 1419 Ald.
963 1395 1051 1428 sec.;
1084 1383 1153 1420 GP
1166 1395 1251 1420 τιατ.
1267 1396 1337 1421 scr.
1380 1385 1498 1434 prima

49 1441 152 1470 tenes
173 1435 259 1469 FM
267 1430 360 1469 NH
367 1431 560 1482 ma.pr.A
566 1433 589 1480 f
594 1445 631 1478 s;
664 1434 822 1470 GPuar.
833 1445 903 1470 scr.
944 1436 1002 1470 De
1020 1435 1159 1482 passim
1181 1433 1323 1471 collatis
1342 1436 1381 1471 in
1404 1447 1497 1472 neu-

49 1488 149 1520 tram
173 1488 314 1532 partem
340 1488 505 1520 constare
530 1495 622 1520 reor.
732 1485 820 1519 299.
858 1485 951 1519 Ante
976 1483 1063 1519 deos
1090 1483 1138 1519 ol.
1166 1486 1200 1520 E
1215 1496 1288 1520 ma.
1303 1496 1360 1533 pr.
1411 1485 1498 1522 olim

48 1530 166 1581 longis
192 1545 291 1570 cons,
311 1534 465 1569 scamnis
486 1534 563 1571 GN
568 1530 606 1569 Σ
610 1536 730 1571 ms20
740 1537 787 1570 22
807 1533 990 1570 duodecim
997 1547 1008 1578 3
1033 1532 1083 1570 Λ
1096 1531 1223 1570 vuar.
1237 1546 1305 1571 scr.
1342 1536 1496 1573 scamnis

49 1582 232 1619 confidere
254 1585 303 1618 D.
343 1585 494 1620 scamnis
520 1584 677 1621 assidere
698 1586 744 1621 E.
847 1586 932 1620 300.
958 1583 1039 1620 Mos
1064 1584 1133 1620 fuit
1150 1590 1187 1620 et
1209 1585 1338 1620 mensis
1359 1597 1410 1622 cr.
1430 1583 1494 1623 A.

50 1644 198 1669 mensae
223 1632 337 1669 credit
363 1633 422 1669 ad.
449 1632 559 1670 Ms'*
623 1637 707 1670 301.
746 1634 838 1670 Hinc
865 1647 927 1683 qu.
955 1633 976 1669 b
1003 1633 1112 1670 alius.
1164 1646 1309 1682 quoque
1340 1634 1427 1671 dum
1461 1647 1494 1673 r.

51 1696 132 1719 cum
158 1682 294 1719 fuerint
316 1689 391 1718 ant.
417 1695 473 1732 yp
484 1688 563 1721 test.
574 1685 700 1721 Heius.
717 1683 798 1720 duo.
845 1696 926 1719 cum
945 1683 1092 1719 fuerunt
1116 1695 1139 1732 p
1158 1688 1237 1720 test.
1253 1685 1367 1721 Gron.
1403 1685 1497 1723 fiunt

49 1733 199 1782 antiqua
220 1735 264 1770 E.
307 1734 456 1769 uacinae
482 1733 587 1770 bma.
603 1746 673 1771 sec.
714 1745 874 1769 uacuene
891 1745 924 1769 r.
963 1734 1115 1769 lacunae
1132 1735 1210 1769 P3.
1311 1737 1400 1772 302.
1429 1747 1495 1772 ua-

49 1784 193 1820 canales
221 1781 282 1820 A.
326 1784 507 1820 lacunales
534 1787 616 1821 P3.
666 1789 835 1832 stantque
860 1785 898 1819 in
914 1795 990 1819 ras.
1007 1795 1054 1818 m.
1104 1782 1188 1819 foco
1214 1781 1391 1833 bma.pr.

100 1835 187 1869 303.
221 1845 337 1870 annos
363 1833 498 1880 aliquid
526 1833 546 1870 b
563 1835 651 1880 fort.
670 1833 735 1870 sub
753 1845 830 1870 ras.
851 1836 886 1869 3.
933 1844 1046 1868 annos
1072 1832 1206 1881 aliquid
1230 1833 1276 1870 de
1301 1846 1403 1872 more
1429 1847 1495 1874 ue-

48 1889 146 1920 tusto
166 1880 371 1920 Hmmsev.
387 1881 455 1920 ³112
467 1886 571 1920 1129
580 1888 627 1921 33
637 1886 697 1921 44.
802 1884 890 1929 305,
906 1884 979 1919 304
997 1886 1139 1932 transp.
1155 1894 1188 1919 r.
1289 1885 1375 1921 304.
1401 1885 1495 1923 Fert

48 1939 174 1971 uestae
199 1934 323 1970 missos
349 1932 394 1970 N
397 1930 447 1970 H
456 1933 504 1971 T.
556 1935 645 1971 Fert
673 1935 787 1979 iussos
821 1933 902 1970 duo.
955 1938 1080 1969 uestae
1112 1944 1226 1982 parua
1253 1936 1315 1972 11.
1365 1941 1492 1974 uestae

48 1995 162 2020 curua
184 1985 234 2019 34
245 1984 292 2019 35
306 1986 366 2021 36.
405 1996 498 2034 pura
524 1986 646 2034 puella
671 1987 716 2021 Ρ.
761 1995 854 2033 pura
878 1983 1018 2033 putella
1044 1985 1081 2019 3.
1183 1983 1269 2020 305.
1296 1996 1370 2020 eor.
1395 1997 1493 2034 pane

51 2034 91 2072 G.
192 2035 278 2070 306.
305 2034 355 2070 Et
381 2035 517 2071 uellant
542 2038 601 2072 M.
651 2035 768 2071 scabr.
794 2034 906 2070 florea
932 2038 1005 2070 tres
1030 2037 1064 2069 et
1084 2031 1164 2070 edd.
1187 2034 1275 2070 Ven.
1297 2036 1374 2071 Vic.
1424 2036 1493 2072 flo-

50 2083 129 2119 rida
155 2082 254 2120 farra
279 2088 362 2121 tres.
410 2085 447 2123 fl.
475 2097 577 2121 sacra
603 2097 710 2122 unus.
758 2091 854 2120 serta
883 2096 1001 2120 comas
1028 2085 1074 2118 41
1103 2087 1273 2131 quamam
1303 2081 1493 2122 GMHA

48 2145 218 2171 near-scr.
321 2137 406 2171 307.
442 2135 469 2172 f.
498 2136 614 2171 loconi
639 2148 671 2172 r.
773 2136 860 2170 308.
886 2133 1050 2169 fornicali
1074 2130 1494 2182 BDfflma.pr.Abm

47 2187 134 2220 tres.
174 2191 258 2221 sunt
278 2190 371 2221 stata
392 2198 421 2221 s.
451 2188 472 2221 3
492 2190 660 2233 quatuor,
688 2190 774 2222 uett.
791 2184 865 2228 εὼς
891 2186 1094 2221 Puar.scr.
1137 2195 1202 2219 sua
1227 2183 1321 2220 festa
1341 2187 1386 2222 E.
1424 2197 1492 2223 sua

46 2234 183 2283 templa
209 2237 245 2271 6.
350 2237 435 2271 309.
463 2236 541 2272 Sub
561 2236 715 2285 positum
734 2238 783 2272 D.
823 2234 982 2283 Subpos.
1004 2245 1035 2270 r.
1077 2234 1187 2270 cineri
1213 2239 1250 2270 et
1305 2246 1408 2271 anem
1427 2238 1488 2273 Μ.

47 2283 126 2332 ipse
150 2286 297 2321 tenebat
314 2283 356 2321 A
370 2297 453 2322 παν.
470 2296 543 2322 sort
642 2288 727 2322 310.
755 2285 940 2331 Sacraque
965 2296 1016 2320 er.
1038 2285 1082 2320 E.
1119 2289 1222 2320 erant
1290 2296 1323 2320 s.
1362 2285 1487 2335 tepido

47 2333 86 2368 ἰη
99 2345 176 2370 ras.
195 2337 244 2371 D.
294 2347 424 2385 quassa
450 2335 532 2372 foco
558 2337 639 2373 DE
651 2338 686 2373 G
699 2334 739 2371 <D
751 2331 1486 2383 MNPHAETbeyma.sec.prma.

46 2385 289 2421 sec.2o4o41
311 2385 474 2431 sedecim
506 2387 536 2423 G
548 2398 631 2424 nar.
645 2398 720 2431 scr.
752 2385 833 2422 saco
861 2397 881 2422 r
895 2397 970 2422 ma.
985 2396 1041 2434 pr.
1102 2383 1205 2430 Quod
1230 2389 1406 2434 receptum
1431 2391 1489 2423 est

49 2433 114 2481 Pp
131 2444 298 2472 uar.scr.
335 2438 471 2473 Latere
495 2437 625 2473 uitium
648 2436 804 2473 uidetur.
905 2439 990 2472 311.
1017 2434 1106 2470 Inde
1132 2435 1249 2470 locum
1275 2447 1396 2472 mma.
1406 2448 1488 2485 pr.;

47 2483 115 2530 Pp
130 2493 212 2521 uam.
227 2496 297 2522 scr.
336 2486 407 2523 soc.
435 2486 549 2535 pistor
574 2493 696 2523 seruat
714 2485 860 2523 Aduo.
898 2492 1024 2534 pastor
1047 2497 1084 2520 m
1099 2496 1171 2521 rna.
1186 2496 1245 2532 pr.
1284 2485 1488 2523 dominum-

47 2543 121 2580 que
144 2530 206 2570 A.
255 2547 325 2583 que
350 2547 534 2572 sacrorum
560 2548 595 2585 9.
696 2540 783 2573 312.
811 2536 860 2572 Et
883 2548 973 2584 quas
1001 2531 1138 2571 (31133
1166 2539 1331 2583 quatuor.
1380 2536 1487 2584 puni-

46 2592 129 2618 ceas
155 2579 288 2620 DEA
295 2583 348 2622 M
353 2583 398 2621 N
402 2584 481 2623 PA
487 2586 511 2633 f
515 2590 568 2624 ‘1⁴3
588 2588 738 2635 triginta
754 2598 848 2623 unus
866 2590 899 2622 et
916 2584 995 2621 edd.
1015 2596 1110 2622 saec.
1127 2596 1211 2631 ΧΠ
1239 2587 1273 2621 Β
1287 2587 1484 2622 Guar.scr.

46 2642 136 2681 pun.
160 2640 281 2672 seruat
299 2646 351 2673 as.
368 2634 399 2683 f.
437 2649 526 2687 pun.
555 2644 654 2675 ussat
679 2650 730 2675 as.
747 2648 780 2674 r.
812 2636 934 2675 Gloss.
949 2637 1004 2672 D:
1029 2635 1201 2685 puniceas
1220 2648 1270 2674 m.
1292 2635 1379 2673 dicit
1399 2634 1485 2686 quia

94 2692 154 2728 Οι.
172 2692 265 2728 Fasti.
1127 2697 1176 2735 18
