<?xml version="1.0" encoding="UTF-8"?>
<!DOCTYPE html PUBLIC "-//W3C//DTD XHTML 1.0 Transitional//EN"
    "http://www.w3.org/TR/xhtml1/DTD/xhtml1-transitional.dtd">
<html xmlns="http://www.w3.org/1999/xhtml" xml:lang="en" lang="en">
 <head>
  <title>
</title>
<meta http-equiv="Content-Type" content="text/html;charset=utf-8" />
  <meta name='ocr-system' content='tesseract 3.04.00' />
  <meta name='ocr-capabilities' content='ocr_page ocr_carea ocr_par ocr_line ocrx_word'/>
</head>
<body>
  <div class='ocr_page' id='page_1' title='image "./fastorumlibrisex00oviduoft_0199.png"; bbox 0 0 1685 2954; ppageno 0'>
   <div class='ocr_carea' id='block_1_1' title="bbox 678 93 1485 128">
    <p class='ocr_par' dir='ltr' id='par_1_1' title="bbox 678 93 1485 128">
     <span class='ocr_line' id='line_1_1' title="bbox 678 93 1485 128; baseline 0 -1"><span class='ocrx_word' id='word_1_1' title='bbox 678 96 828 128; x_wconf 70' lang='lat' dir='ltr'>onnus</span> <span class='ocrx_word' id='word_1_2' title='bbox 1381 93 1485 127; x_wconf 78' lang='lat'>0101</span> 
     </span>
    </p>
   </div>
   <div class='ocr_carea' id='block_1_2' title="bbox 0 193 1482 2719">
    <p class='ocr_par' dir='ltr' id='par_1_2' title="bbox 0 193 1482 2719">
     <span class='ocr_line' id='line_1_2' title="bbox 36 193 1481 247; baseline -0.005 -8"><span class='ocrx_word' id='word_1_3' title='bbox 36 200 178 240; x_wconf 73' lang='lat' dir='ltr'>diceret</span> <span class='ocrx_word' id='word_1_4' title='bbox 204 199 262 238; x_wconf 76' lang='lat' dir='ltr'>dio</span> <span class='ocrx_word' id='word_1_5' title='bbox 285 202 454 247; x_wconf 67' lang='lat' dir='ltr'>neutunq</span> <span class='ocrx_word' id='word_1_6' title='bbox 479 196 593 235; x_wconf 74' lang='lat' dir='ltr'>dieser</span> <span class='ocrx_word' id='word_1_7' title='bbox 619 198 750 236; x_wconf 63' lang='lat' dir='ltr'>Gamm-</span> <span class='ocrx_word' id='word_1_8' title='bbox 774 195 849 243; x_wconf 73' lang='lat' dir='ltr'>auf</span> <span class='ocrx_word' id='word_1_9' title='bbox 869 197 1011 246; x_wconf 67' lang='lat' dir='ltr'>Kssniye</span> <span class='ocrx_word' id='word_1_10' title='bbox 1035 196 1085 234; x_wconf 68' lang='lat' dir='ltr'>ist</span> <span class='ocrx_word' id='word_1_11' title='bbox 1108 195 1180 235; x_wconf 77' lang='lat' dir='ltr'>das</span> <span class='ocrx_word' id='word_1_12' title='bbox 1201 206 1346 242; x_wconf 68' lang='lat' dir='ltr'>uertere,</span> <span class='ocrx_word' id='word_1_13' title='bbox 1371 193 1481 233; x_wconf 88' lang='lat' dir='ltr'>uideo</span> 
     </span>
     <span class='ocr_line' id='line_1_3' title="bbox 36 258 1481 309; baseline -0.004 -8"><span class='ocrx_word' id='word_1_14' title='bbox 36 270 165 301; x_wconf 86' lang='lat' dir='ltr'>contra</span> <span class='ocrx_word' id='word_1_15' title='bbox 199 263 246 301; x_wconf 91' lang='lat' dir='ltr'>de</span> <span class='ocrx_word' id='word_1_16' title='bbox 270 262 483 300; x_wconf 86' lang='lat' dir='ltr'>Latinorum</span> <span class='ocrx_word' id='word_1_17' title='bbox 515 259 807 309; x_wconf 84' lang='lat' dir='ltr'>generationibus</span> <span class='ocrx_word' id='word_1_18' title='bbox 844 258 995 296; x_wconf 86' lang='lat' dir='ltr'>deorum</span> <span class='ocrx_word' id='word_1_19' title='bbox 1029 259 1206 296; x_wconf 83' lang='lat' dir='ltr'>disserere</span> <span class='ocrx_word' id='word_1_20' title='bbox 1232 269 1372 307; x_wconf 79' lang='lat' dir='ltr'>easque</span> <span class='ocrx_word' id='word_1_21' title='bbox 1398 269 1481 295; x_wconf 90' lang='lat' dir='ltr'>cum</span> 
     </span>
     <span class='ocr_line' id='line_1_4' title="bbox 36 319 1479 374; baseline -0.005 -11"><span class='ocrx_word' id='word_1_22' title='bbox 36 324 231 362; x_wconf 85' lang='lat' dir='ltr'>Euhemeri</span> <span class='ocrx_word' id='word_1_23' title='bbox 274 322 414 374; x_wconf 83' lang='lat' dir='ltr'>placitis</span> <span class='ocrx_word' id='word_1_24' title='bbox 450 320 719 371; x_wconf 84' lang='lat' dir='ltr'>quodammodo</span> <span class='ocrx_word' id='word_1_25' title='bbox 756 319 924 357; x_wconf 85' lang='lat' dir='ltr'>conferre</span> <span class='ocrx_word' id='word_1_26' title='bbox 962 320 1195 358; x_wconf 87' lang='lat' dir='ltr'>Clausenium</span> <span class='ocrx_word' id='word_1_27' title='bbox 1230 332 1269 370; x_wconf 88' lang='lat' dir='ltr'>p.</span> <span class='ocrx_word' id='word_1_28' title='bbox 1297 319 1371 356; x_wconf 83' lang='grc'>835</span> <span class='ocrx_word' id='word_1_29' title='bbox 1397 331 1479 370; x_wconf 90' lang='lat' dir='ltr'><strong>sqq.</strong></span> 
     </span>
     <span class='ocr_line' id='line_1_5' title="bbox 36 381 1481 438; baseline -0.006 -13"><span class='ocrx_word' id='word_1_30' title='bbox 36 388 266 438; x_wconf 79' lang='lat' dir='ltr'>eundemque</span> <span class='ocrx_word' id='word_1_31' title='bbox 298 397 335 434; x_wconf 89' lang='lat' dir='ltr'>p.</span> <span class='ocrx_word' id='word_1_32' title='bbox 355 384 430 420; x_wconf 88' lang='grc'>907</span> <span class='ocrx_word' id='word_1_33' title='bbox 465 396 538 421; x_wconf 87' lang='lat' dir='ltr'>nou</span> <span class='ocrx_word' id='word_1_34' title='bbox 578 383 756 433; x_wconf 91' lang='lat' dir='ltr'>probare,</span> <span class='ocrx_word' id='word_1_35' title='bbox 793 382 984 432; x_wconf 88' lang='lat' dir='ltr'>quominus</span> <span class='ocrx_word' id='word_1_36' title='bbox 1021 382 1171 419; x_wconf 86' lang='lat' dir='ltr'>deorum</span> <span class='ocrx_word' id='word_1_37' title='bbox 1206 381 1409 430; x_wconf 69' lang='lat' dir='ltr'>Indigetwm</span> <span class='ocrx_word' id='word_1_38' title='bbox 1442 381 1481 418; x_wconf 89' lang='lat' dir='ltr'>in</span> 
     </span>
     <span class='ocr_line' id='line_1_6' title="bbox 0 442 1481 494; baseline -0.005 -7"><span class='ocrx_word' id='word_1_39' title='bbox 0 467 1 472; x_wconf 50' lang='lat'>¹</span> <span class='ocrx_word' id='word_1_40' title='bbox 37 449 144 486; x_wconf 85' lang='lat' dir='ltr'>istum</span> <span class='ocrx_word' id='word_1_41' title='bbox 178 459 320 485; x_wconf 88' lang='lat' dir='ltr'>sensum</span> <span class='ocrx_word' id='word_1_42' title='bbox 354 445 604 494; x_wconf 81' lang='lat' dir='ltr'>interpretatio</span> <span class='ocrx_word' id='word_1_43' title='bbox 633 444 804 481; x_wconf 84' lang='lat' dir='ltr'>Varronis</span> <span class='ocrx_word' id='word_1_44' title='bbox 843 456 923 481; x_wconf 88' lang='lat' dir='ltr'>esse</span> <span class='ocrx_word' id='word_1_45' title='bbox 957 444 1130 494; x_wconf 85' lang='lat' dir='ltr'>potuerit.</span> <span class='ocrx_word' id='word_1_46' title='bbox 1183 443 1269 482; x_wconf 92' lang='lat' dir='ltr'>Non</span> <span class='ocrx_word' id='word_1_47' title='bbox 1295 451 1350 481; x_wconf 88' lang='lat' dir='ltr'>est</span> <span class='ocrx_word' id='word_1_48' title='bbox 1376 442 1481 480; x_wconf 81' lang='lat' dir='ltr'>huius</span> 
     </span>
     <span class='ocr_line' id='line_1_7' title="bbox 36 505 1482 557; baseline -0.006 -8"><span class='ocrx_word' id='word_1_49' title='bbox 36 510 105 549; x_wconf 89' lang='lat' dir='ltr'>loci</span> <span class='ocrx_word' id='word_1_50' title='bbox 132 511 221 548; x_wconf 84' lang='lat' dir='ltr'>haec</span> <span class='ocrx_word' id='word_1_51' title='bbox 246 506 456 557; x_wconf 81' lang='lat' dir='ltr'>expendere</span> <span class='ocrx_word' id='word_1_52' title='bbox 482 506 706 543; x_wconf 77' lang='lat' dir='ltr'>accuratius=</span> <span class='ocrx_word' id='word_1_53' title='bbox 743 505 934 543; x_wconf 90' lang='lat' dir='ltr'>dicendum</span> <span class='ocrx_word' id='word_1_54' title='bbox 962 506 1058 542; x_wconf 89' lang='lat' dir='ltr'>enim</span> <span class='ocrx_word' id='word_1_55' title='bbox 1084 505 1181 543; x_wconf 85' lang='lat' dir='ltr'>foret</span> <span class='ocrx_word' id='word_1_56' title='bbox 1205 506 1253 543; x_wconf 90' lang='lat' dir='ltr'>de</span> <span class='ocrx_word' id='word_1_57' title='bbox 1278 505 1482 543; x_wconf 88' lang='lat' dir='ltr'>numinibus</span> 
     </span>
     <span class='ocr_line' id='line_1_8' title="bbox 34 566 1480 621; baseline -0.005 -11"><span class='ocrx_word' id='word_1_58' title='bbox 34 574 148 610; x_wconf 89' lang='lat' dir='ltr'>multo</span> <span class='ocrx_word' id='word_1_59' title='bbox 174 570 349 621; x_wconf 85' lang='lat' dir='ltr'>pluribus.</span> <span class='ocrx_word' id='word_1_60' title='bbox 402 567 514 612; x_wconf 86' lang='lat' dir='ltr'>Quod</span> <span class='ocrx_word' id='word_1_61' title='bbox 541 579 586 603; x_wconf 83' lang='lat' dir='ltr'>ex</span> <span class='ocrx_word' id='word_1_62' title='bbox 618 567 679 615; x_wconf 83' lang='lat' dir='ltr'>iis,</span> <span class='ocrx_word' id='word_1_63' title='bbox 706 580 802 618; x_wconf 87' lang='lat' dir='ltr'>quae</span> <span class='ocrx_word' id='word_1_64' title='bbox 826 569 923 605; x_wconf 90' lang='lat' dir='ltr'>dicta</span> <span class='ocrx_word' id='word_1_65' title='bbox 957 574 1064 614; x_wconf 89' lang='lat' dir='ltr'>sunt,</span> <span class='ocrx_word' id='word_1_66' title='bbox 1091 569 1269 605; x_wconf 88' lang='lat' dir='ltr'>euincitur</span> <span class='ocrx_word' id='word_1_67' title='bbox 1303 566 1373 603; x_wconf 82' lang='lat' dir='ltr'>hoc</span> <span class='ocrx_word' id='word_1_68' title='bbox 1410 573 1480 614; x_wconf 88' lang='lat' dir='ltr'>est,</span> 
     </span>
     <span class='ocr_line' id='line_1_9' title="bbox 34 628 1481 680; baseline -0.005 -9"><span class='ocrx_word' id='word_1_69' title='bbox 34 635 258 680; x_wconf 87' lang='lat' dir='ltr'>Varronem,</span> <span class='ocrx_word' id='word_1_70' title='bbox 292 632 323 668; x_wconf 90' lang='lat' dir='ltr'>si</span> <span class='ocrx_word' id='word_1_71' title='bbox 349 630 437 667; x_wconf 91' lang='lat' dir='ltr'>deos</span> <span class='ocrx_word' id='word_1_72' title='bbox 465 634 583 665; x_wconf 83' lang='lat' dir='ltr'>certos</span> <span class='ocrx_word' id='word_1_73' title='bbox 617 628 705 666; x_wconf 87' lang='lat' dir='ltr'>dixit</span> <span class='ocrx_word' id='word_1_74' title='bbox 738 643 893 680; x_wconf 86' lang='lat' dir='ltr'>quorum</span> <span class='ocrx_word' id='word_1_75' title='bbox 919 628 1083 665; x_wconf 91' lang='lat' dir='ltr'>condicio</span> <span class='ocrx_word' id='word_1_76' title='bbox 1109 641 1154 666; x_wconf 85' lang='lat' dir='ltr'>ex</span> <span class='ocrx_word' id='word_1_77' title='bbox 1179 641 1253 679; x_wconf 86' lang='lat' dir='ltr'>quo</span> <span class='ocrx_word' id='word_1_78' title='bbox 1280 628 1481 664; x_wconf 85' lang='lat' dir='ltr'>consecrati</span> 
     </span>
     <span class='ocr_line' id='line_1_10' title="bbox 33 688 1482 740; baseline -0.005 -8"><span class='ocrx_word' id='word_1_79' title='bbox 33 702 118 732; x_wconf 86' lang='lat' dir='ltr'>sunt</span> <span class='ocrx_word' id='word_1_80' title='bbox 137 706 210 731; x_wconf 90' lang='lat' dir='ltr'>non</span> <span class='ocrx_word' id='word_1_81' title='bbox 228 698 283 730; x_wconf 90' lang='lat' dir='ltr'>est</span> <span class='ocrx_word' id='word_1_82' title='bbox 302 697 456 739; x_wconf 85' lang='lat' dir='ltr'>mutata,</span> <span class='ocrx_word' id='word_1_83' title='bbox 484 690 651 727; x_wconf 83' lang='lat' dir='ltr'>debuisse</span> <span class='ocrx_word' id='word_1_84' title='bbox 675 689 758 727; x_wconf 89' lang='lat' dir='ltr'>inde</span> <span class='ocrx_word' id='word_1_85' title='bbox 780 692 826 727; x_wconf 88' lang='lat' dir='ltr'>ab</span> <span class='ocrx_word' id='word_1_86' title='bbox 853 691 962 728; x_wconf 89' lang='lat' dir='ltr'>initiis</span> <span class='ocrx_word' id='word_1_87' title='bbox 988 691 1208 740; x_wconf 87' lang='lat' dir='ltr'>reipublicae</span> <span class='ocrx_word' id='word_1_88' title='bbox 1233 689 1368 739; x_wconf 85' lang='lat' dir='ltr'>duplex</span> <span class='ocrx_word' id='word_1_89' title='bbox 1393 688 1482 726; x_wconf 87' lang='lat' dir='ltr'>illud</span> 
     </span>
     <span class='ocr_line' id='line_1_11' title="bbox 32 750 1481 806; baseline -0.005 -12"><span class='ocrx_word' id='word_1_90' title='bbox 32 768 147 806; x_wconf 85' lang='lat' dir='ltr'>genus</span> <span class='ocrx_word' id='word_1_91' title='bbox 179 755 330 792; x_wconf 87' lang='lat' dir='ltr'>deorum</span> <span class='ocrx_word' id='word_1_92' title='bbox 356 753 403 790; x_wconf 88' lang='lat' dir='ltr'>sr.</span> <span class='ocrx_word' id='word_1_93' title='bbox 427 757 448 790; x_wconf 95' lang='grc'>1</span> <span class='ocrx_word' id='word_1_94' title='bbox 476 764 696 802; x_wconf 81' lang='lat' dir='ltr'>agnoscere,</span> <span class='ocrx_word' id='word_1_95' title='bbox 730 753 940 802; x_wconf 89' lang='lat' dir='ltr'>priusquam</span> <span class='ocrx_word' id='word_1_96' title='bbox 980 752 1053 789; x_wconf 87' lang='lat' dir='ltr'>ulla</span> <span class='ocrx_word' id='word_1_97' title='bbox 1079 753 1303 789; x_wconf 86' lang='lat' dir='ltr'>Graecarum</span> <span class='ocrx_word' id='word_1_98' title='bbox 1338 750 1481 787; x_wconf 82' lang='lat' dir='ltr'>sabula-</span> 
     </span>
     <span class='ocr_line' id='line_1_12' title="bbox 32 813 1482 866; baseline -0.004 -11"><span class='ocrx_word' id='word_1_99' title='bbox 32 831 113 855; x_wconf 91' lang='lat' dir='ltr'>rum</span> <span class='ocrx_word' id='word_1_100' title='bbox 137 818 306 866; x_wconf 81' lang='lat' dir='ltr'>contagio</span> <span class='ocrx_word' id='word_1_101' title='bbox 335 817 493 852; x_wconf 90' lang='lat' dir='ltr'>incertos</span> <span class='ocrx_word' id='word_1_102' title='bbox 520 814 608 851; x_wconf 81' lang='lat' dir='ltr'>deos</span> <span class='ocrx_word' id='word_1_103' title='bbox 633 814 808 851; x_wconf 84' lang='lat' dir='ltr'>efficeret.</span> <span class='ocrx_word' id='word_1_104' title='bbox 859 814 934 850; x_wconf 88' lang='lat' dir='ltr'>Iam</span> <span class='ocrx_word' id='word_1_105' title='bbox 959 814 1105 850; x_wconf 88' lang='lat' dir='ltr'>numina</span> <span class='ocrx_word' id='word_1_106' title='bbox 1131 814 1193 850; x_wconf 88' lang='lat' dir='ltr'>illa</span> <span class='ocrx_word' id='word_1_107' title='bbox 1217 813 1264 850; x_wconf 79' lang='lat' dir='ltr'>fr.</span> <span class='ocrx_word' id='word_1_108' title='bbox 1280 814 1392 849; x_wconf 81' lang='grc'>3-7</span> <span class='ocrx_word' id='word_1_109' title='bbox 1418 825 1482 850; x_wconf 87' lang='lat' dir='ltr'>ex-</span> 
     </span>
     <span class='ocr_line' id='line_1_13' title="bbox 32 875 1482 931; baseline -0.005 -13"><span class='ocrx_word' id='word_1_110' title='bbox 32 880 202 931; x_wconf 84' lang='lat' dir='ltr'>plicanda</span> <span class='ocrx_word' id='word_1_111' title='bbox 236 884 340 916; x_wconf 88' lang='lat' dir='ltr'>erant</span> <span class='ocrx_word' id='word_1_112' title='bbox 374 889 419 914; x_wconf 83' lang='lat' dir='ltr'>ex</span> <span class='ocrx_word' id='word_1_113' title='bbox 455 877 601 926; x_wconf 81' lang='lat' dir='ltr'>linguae</span> <span class='ocrx_word' id='word_1_114' title='bbox 638 876 771 912; x_wconf 86' lang='lat' dir='ltr'>latinae</span> <span class='ocrx_word' id='word_1_115' title='bbox 811 875 1016 924; x_wconf 90' lang='lat' dir='ltr'>principiis,</span> <span class='ocrx_word' id='word_1_116' title='bbox 1059 876 1295 925; x_wconf 83' lang='lat' dir='ltr'>quamobrem</span> <span class='ocrx_word' id='word_1_117' title='bbox 1330 876 1482 912; x_wconf 84' lang='lat' dir='ltr'>testibus</span> 
     </span>
     <span class='ocr_line' id='line_1_14' title="bbox 32 936 1481 991; baseline -0.003 -12"><span class='ocrx_word' id='word_1_118' title='bbox 32 942 225 991; x_wconf 76' lang='lat' dir='ltr'>fragmenti</span> <span class='ocrx_word' id='word_1_119' title='bbox 253 941 299 976; x_wconf 85' lang='lat'>15</span> <span class='ocrx_word' id='word_1_120' title='bbox 333 940 446 976; x_wconf 85' lang='lat' dir='ltr'>multa</span> <span class='ocrx_word' id='word_1_121' title='bbox 473 938 520 974; x_wconf 88' lang='lat' dir='ltr'>de</span> <span class='ocrx_word' id='word_1_122' title='bbox 557 936 798 986; x_wconf 83' lang='lat' dir='ltr'>etymologiae</span> <span class='ocrx_word' id='word_1_123' title='bbox 834 936 971 984; x_wconf 86' lang='lat' dir='ltr'>legibus</span> <span class='ocrx_word' id='word_1_124' title='bbox 1003 937 1186 974; x_wconf 90' lang='lat' dir='ltr'>monuisse</span> <span class='ocrx_word' id='word_1_125' title='bbox 1222 936 1380 974; x_wconf 84' lang='lat' dir='ltr'>uidetur.</span> <span class='ocrx_word' id='word_1_126' title='bbox 1434 937 1481 974; x_wconf 84' lang='lat' dir='ltr'>Hi</span> 
     </span>
     <span class='ocr_line' id='line_1_15' title="bbox 32 997 1481 1049; baseline -0.003 -8"><span class='ocrx_word' id='word_1_127' title='bbox 32 1003 92 1041; x_wconf 85' lang='lat' dir='ltr'>dei</span> <span class='ocrx_word' id='word_1_128' title='bbox 114 1017 198 1040; x_wconf 88' lang='lat' dir='ltr'>num</span> <span class='ocrx_word' id='word_1_129' title='bbox 221 1000 418 1040; x_wconf 88' lang='lat' dir='ltr'>secundum</span> <span class='ocrx_word' id='word_1_130' title='bbox 445 1000 490 1037; x_wconf 84' lang='lat' dir='ltr'>sr.</span> <span class='ocrx_word' id='word_1_131' title='bbox 513 1003 534 1036; x_wconf 85' lang='lat'><strong>3</strong></span> <span class='ocrx_word' id='word_1_132' title='bbox 561 1000 595 1035; x_wconf 92' lang='lat' dir='ltr'>in</span> <span class='ocrx_word' id='word_1_133' title='bbox 623 999 664 1035; x_wconf 93' lang='lat' dir='ltr'>iis</span> <span class='ocrx_word' id='word_1_134' title='bbox 690 997 971 1045; x_wconf 84' lang='lat' dir='ltr'>indigitamentis</span> <span class='ocrx_word' id='word_1_135' title='bbox 993 999 1185 1048; x_wconf 85' lang='lat' dir='ltr'>perscripti</span> <span class='ocrx_word' id='word_1_136' title='bbox 1210 998 1360 1047; x_wconf 76' lang='lat' dir='ltr'>suerint,</span> <span class='ocrx_word' id='word_1_137' title='bbox 1386 1011 1481 1049; x_wconf 83' lang='lat' dir='ltr'>quae</span> 
     </span>
     <span class='ocr_line' id='line_1_16' title="bbox 33 1059 1480 1114; baseline -0.003 -11"><span class='ocrx_word' id='word_1_138' title='bbox 33 1065 271 1114; x_wconf 73' lang='lat' dir='ltr'>Pompiliana</span> <span class='ocrx_word' id='word_1_139' title='bbox 296 1069 482 1111; x_wconf 86' lang='lat' dir='ltr'>nuncupat</span> <span class='ocrx_word' id='word_1_140' title='bbox 503 1061 680 1097; x_wconf 85' lang='lat' dir='ltr'>Arnobius</span> <span class='ocrx_word' id='word_1_141' title='bbox 698 1063 737 1107; x_wconf 85' lang='lat'>2,</span> <span class='ocrx_word' id='word_1_142' title='bbox 758 1060 820 1103; x_wconf 83' lang='lat'>73,</span> <span class='ocrx_word' id='word_1_143' title='bbox 847 1059 985 1096; x_wconf 85' lang='lat' dir='ltr'>nescio:</span> <span class='ocrx_word' id='word_1_144' title='bbox 1012 1059 1115 1097; x_wconf 83' lang='lat' dir='ltr'>fauet</span> <span class='ocrx_word' id='word_1_145' title='bbox 1141 1061 1224 1097; x_wconf 86' lang='lat' dir='ltr'>huic</span> <span class='ocrx_word' id='word_1_146' title='bbox 1250 1062 1480 1099; x_wconf 85' lang='lat' dir='ltr'>coniecturae</span> 
     </span>
     <span class='ocr_line' id='line_1_17' title="bbox 33 1122 1482 1167; baseline -0.002 -4"><span class='ocrx_word' id='word_1_147' title='bbox 33 1127 134 1163; x_wconf 84' lang='lat' dir='ltr'>locus</span> <span class='ocrx_word' id='word_1_148' title='bbox 159 1126 265 1162; x_wconf 80' lang='lat' dir='ltr'>Plinii</span> <span class='ocrx_word' id='word_1_149' title='bbox 293 1132 369 1160; x_wconf 87' lang='lat' dir='ltr'>nat.</span> <span class='ocrx_word' id='word_1_150' title='bbox 396 1123 478 1159; x_wconf 87' lang='lat' dir='ltr'>hist.</span> <span class='ocrx_word' id='word_1_151' title='bbox 503 1123 564 1167; x_wconf 85' lang='lat'>18,</span> <span class='ocrx_word' id='word_1_152' title='bbox 591 1123 627 1167; x_wconf 56' lang='lat'>§.2</span> <span class='ocrx_word' id='word_1_153' title='bbox 643 1123 680 1166; x_wconf 85' lang='grc'>7,</span> <span class='ocrx_word' id='word_1_154' title='bbox 707 1123 750 1157; x_wconf 84' lang='lat'>8:</span> <span class='ocrx_word' id='word_1_155' title='bbox 778 1122 906 1158; x_wconf 83' lang='lat' dir='ltr'>Numa</span> <span class='ocrx_word' id='word_1_156' title='bbox 932 1123 1089 1160; x_wconf 69' lang='lat' dir='ltr'>instituit</span> <span class='ocrx_word' id='word_1_157' title='bbox 1107 1145 1179 1161; x_wconf 89' lang='lat'>—.</span> <span class='ocrx_word' id='word_1_158' title='bbox 1206 1126 1248 1160; x_wconf 82' lang='lat' dir='ltr'>Is</span> <span class='ocrx_word' id='word_1_159' title='bbox 1273 1128 1306 1159; x_wconf 80' lang='lat' dir='ltr'>et</span> <span class='ocrx_word' id='word_1_160' title='bbox 1333 1125 1482 1160; x_wconf 81' lang='lat' dir='ltr'>Forna-</span> 
     </span>
     <span class='ocr_line' id='line_1_18' title="bbox 32 1181 1482 1233; baseline -0.001 -9"><span class='ocrx_word' id='word_1_161' title='bbox 32 1187 129 1225; x_wconf 78' lang='lat' dir='ltr'>calia</span> <span class='ocrx_word' id='word_1_162' title='bbox 164 1188 322 1223; x_wconf 65' lang='lat' dir='ltr'>&lt;instituit</span> <span class='ocrx_word' id='word_1_163' title='bbox 356 1184 477 1232; x_wconf 77' lang='lat' dir='ltr'>farris</span> <span class='ocrx_word' id='word_1_164' title='bbox 511 1181 673 1220; x_wconf 65' lang='lat' dir='ltr'>too-rendi</span> <span class='ocrx_word' id='word_1_165' title='bbox 706 1181 823 1229; x_wconf 76' lang='lat' dir='ltr'>ferias</span> <span class='ocrx_word' id='word_1_166' title='bbox 856 1188 890 1219; x_wconf 79' lang='lat' dir='ltr'>et</span> <span class='ocrx_word' id='word_1_167' title='bbox 925 1196 1036 1233; x_wconf 78' lang='lat' dir='ltr'>aeque</span> <span class='ocrx_word' id='word_1_168' title='bbox 1074 1184 1264 1233; x_wconf 57' lang='lat' dir='ltr'>religiosas</span> <span class='ocrx_word' id='word_1_169' title='bbox 1302 1187 1482 1223; x_wconf 33' lang='lat' dir='ltr'>Tevmnints</span> 
     </span>
     <span class='ocr_line' id='line_1_19' title="bbox 31 1244 1482 1297; baseline -0.001 -11"><span class='ocrx_word' id='word_1_170' title='bbox 31 1260 218 1297; x_wconf 76' lang='lat' dir='ltr'>ayrormn.</span> <span class='ocrx_word' id='word_1_171' title='bbox 271 1250 353 1284; x_wconf 89' lang='lat' dir='ltr'>Hos</span> <span class='ocrx_word' id='word_1_172' title='bbox 388 1248 481 1283; x_wconf 83' lang='lat' dir='ltr'>enim</span> <span class='ocrx_word' id='word_1_173' title='bbox 513 1244 599 1281; x_wconf 82' lang='lat' dir='ltr'>deos</span> <span class='ocrx_word' id='word_1_174' title='bbox 624 1249 710 1281; x_wconf 77' lang='lat' dir='ltr'>ttmc</span> <span class='ocrx_word' id='word_1_175' title='bbox 735 1246 894 1282; x_wconf 67' lang='lat' dir='ltr'>mamime</span> <span class='ocrx_word' id='word_1_176' title='bbox 919 1252 1120 1292; x_wconf 81' lang='lat' dir='ltr'>nouerant,</span> <span class='ocrx_word' id='word_1_177' title='bbox 1152 1249 1344 1296; x_wconf 68' lang='lat' dir='ltr'>Seiamque</span> <span class='ocrx_word' id='word_1_178' title='bbox 1371 1260 1396 1284; x_wconf 81' lang='lat' dir='ltr'>a</span> <span class='ocrx_word' id='word_1_179' title='bbox 1420 1260 1482 1284; x_wconf 86' lang='lat' dir='ltr'>se·-</span> 
     </span>
     <span class='ocr_line' id='line_1_20' title="bbox 29 1300 1482 1359; baseline -0.001 -11"><span class='ocrx_word' id='word_1_180' title='bbox 29 1310 154 1355; x_wconf 76' lang='lat' dir='ltr'>remlo,</span> <span class='ocrx_word' id='word_1_181' title='bbox 180 1312 369 1358; x_wconf 72' lang='lat' dir='ltr'>Seyestam</span> <span class='ocrx_word' id='word_1_182' title='bbox 387 1321 411 1345; x_wconf 80' lang='lat' dir='ltr'>a</span> <span class='ocrx_word' id='word_1_183' title='bbox 429 1305 605 1356; x_wconf 78' lang='lat' dir='ltr'>seyetibus</span> <span class='ocrx_word' id='word_1_184' title='bbox 624 1305 856 1355; x_wconf 78' lang='lat' dir='ltr'>appellabant</span> <span class='ocrx_word' id='word_1_185' title='bbox 873 1328 946 1355; x_wconf 83' lang='lat'>—-‚</span> <span class='ocrx_word' id='word_1_186' title='bbox 974 1307 1076 1345; x_wconf 77' lang='lat' dir='ltr'>fauet</span> <span class='ocrx_word' id='word_1_187' title='bbox 1103 1300 1248 1356; x_wconf 86' lang='lat' dir='ltr'>deinde,</span> <span class='ocrx_word' id='word_1_188' title='bbox 1276 1309 1375 1359; x_wconf 89' lang='lat' dir='ltr'>quod</span> <span class='ocrx_word' id='word_1_189' title='bbox 1394 1311 1482 1347; x_wconf 87' lang='lat' dir='ltr'>sim-</span> 
     </span>
     <span class='ocr_line' id='line_1_21' title="bbox 30 1368 1480 1424; baseline 0.001 -15"><span class='ocrx_word' id='word_1_190' title='bbox 30 1373 173 1424; x_wconf 88' lang='lat' dir='ltr'>plicitas</span> <span class='ocrx_word' id='word_1_191' title='bbox 199 1373 266 1408; x_wconf 78' lang='lat' dir='ltr'>ista</span> <span class='ocrx_word' id='word_1_192' title='bbox 292 1377 329 1408; x_wconf 89' lang='lat' dir='ltr'>et</span> <span class='ocrx_word' id='word_1_193' title='bbox 355 1370 616 1420; x_wconf 79' lang='lat' dir='ltr'>perspicuitas,</span> <span class='ocrx_word' id='word_1_194' title='bbox 645 1376 720 1405; x_wconf 88' lang='lat' dir='ltr'>tum</span> <span class='ocrx_word' id='word_1_195' title='bbox 746 1368 898 1405; x_wconf 81' lang='lat' dir='ltr'>sollicita</span> <span class='ocrx_word' id='word_1_196' title='bbox 923 1370 991 1406; x_wconf 88' lang='lat' dir='ltr'>ista</span> <span class='ocrx_word' id='word_1_197' title='bbox 1019 1371 1206 1407; x_wconf 89' lang='lat' dir='ltr'>numinum</span> <span class='ocrx_word' id='word_1_198' title='bbox 1233 1383 1300 1421; x_wconf 90' lang='lat' dir='ltr'>per</span> <span class='ocrx_word' id='word_1_199' title='bbox 1325 1372 1396 1409; x_wconf 82' lang='lat' dir='ltr'>alia</span> <span class='ocrx_word' id='word_1_200' title='bbox 1423 1380 1480 1410; x_wconf 87' lang='lat' dir='ltr'>at·-</span> 
     </span>
     <span class='ocr_line' id='line_1_22' title="bbox 30 1430 1478 1485; baseline 0 -13"><span class='ocrx_word' id='word_1_201' title='bbox 30 1447 103 1485; x_wconf 90' lang='lat' dir='ltr'>que</span> <span class='ocrx_word' id='word_1_202' title='bbox 129 1435 199 1471; x_wconf 85' lang='lat' dir='ltr'>alia</span> <span class='ocrx_word' id='word_1_203' title='bbox 233 1433 376 1470; x_wconf 88' lang='lat' dir='ltr'>nomina</span> <span class='ocrx_word' id='word_1_204' title='bbox 409 1439 583 1481; x_wconf 85' lang='lat' dir='ltr'>tanquam</span> <span class='ocrx_word' id='word_1_205' title='bbox 620 1430 702 1467; x_wconf 89' lang='lat' dir='ltr'>rudi</span> <span class='ocrx_word' id='word_1_206' title='bbox 735 1431 856 1480; x_wconf 83' lang='lat' dir='ltr'>aliqua</span> <span class='ocrx_word' id='word_1_207' title='bbox 893 1432 1035 1481; x_wconf 85' lang='lat' dir='ltr'>pictura</span> <span class='ocrx_word' id='word_1_208' title='bbox 1061 1432 1255 1482; x_wconf 84' lang='lat' dir='ltr'>descriptio</span> <span class='ocrx_word' id='word_1_209' title='bbox 1282 1436 1478 1473; x_wconf 80' lang='lat' dir='ltr'>conuenire</span> 
     </span>
     <span class='ocr_line' id='line_1_23' title="bbox 39 1493 1479 1544; baseline 0.001 -11"><span class='ocrx_word' id='word_1_210' title='bbox 39 1497 185 1533; x_wconf 88' lang='lat' dir='ltr'>uidetur</span> <span class='ocrx_word' id='word_1_211' title='bbox 209 1495 260 1532; x_wconf 88' lang='lat' dir='ltr'>illi</span> <span class='ocrx_word' id='word_1_212' title='bbox 284 1494 414 1541; x_wconf 87' lang='lat' dir='ltr'>aetati,</span> <span class='ocrx_word' id='word_1_213' title='bbox 440 1495 501 1530; x_wconf 88' lang='lat' dir='ltr'>ubi</span> <span class='ocrx_word' id='word_1_214' title='bbox 527 1494 718 1530; x_wconf 80' lang='lat' dir='ltr'>simulacra</span> <span class='ocrx_word' id='word_1_215' title='bbox 745 1494 844 1530; x_wconf 85' lang='lat' dir='ltr'>nulla</span> <span class='ocrx_word' id='word_1_216' title='bbox 870 1493 956 1529; x_wconf 88' lang='lat' dir='ltr'>dum</span> <span class='ocrx_word' id='word_1_217' title='bbox 985 1500 1102 1541; x_wconf 83' lang='lat' dir='ltr'>erant,</span> <span class='ocrx_word' id='word_1_218' title='bbox 1131 1507 1227 1544; x_wconf 87' lang='lat' dir='ltr'>quae</span> <span class='ocrx_word' id='word_1_219' title='bbox 1253 1496 1432 1534; x_wconf 86' lang='lat' dir='ltr'>indicatur</span> <span class='ocrx_word' id='word_1_220' title='bbox 1455 1510 1479 1535; x_wconf 82' lang='lat' dir='ltr'>a</span> 
     </span>
     <span class='ocr_line' id='line_1_24' title="bbox 21 1554 1479 1606; baseline 0.001 -11"><span class='ocrx_word' id='word_1_221' title='bbox 21 1558 199 1595; x_wconf 57' lang='lat' dir='ltr'>‘Varrone</span> <span class='ocrx_word' id='word_1_222' title='bbox 224 1557 287 1596; x_wconf 80' lang='lat' dir='ltr'>lib.</span> <span class='ocrx_word' id='word_1_223' title='bbox 313 1558 342 1594; x_wconf 90' lang='lat'>1.</span> <span class='ocrx_word' id='word_1_224' title='bbox 370 1556 416 1593; x_wconf 86' lang='lat' dir='ltr'>sr.</span> <span class='ocrx_word' id='word_1_225' title='bbox 439 1559 481 1592; x_wconf 87' lang='lat' dir='ltr'>ll</span> <span class='ocrx_word' id='word_1_226' title='bbox 513 1561 549 1591; x_wconf 90' lang='lat' dir='ltr'>et</span> <span class='ocrx_word' id='word_1_227' title='bbox 574 1554 746 1592; x_wconf 87' lang='lat' dir='ltr'>definitur</span> <span class='ocrx_word' id='word_1_228' title='bbox 772 1556 817 1592; x_wconf 89' lang='lat' dir='ltr'>ab</span> <span class='ocrx_word' id='word_1_229' title='bbox 845 1554 974 1592; x_wconf 90' lang='lat' dir='ltr'>eodem</span> <span class='ocrx_word' id='word_1_230' title='bbox 1007 1555 1106 1605; x_wconf 88' lang='lat' dir='ltr'>apud</span> <span class='ocrx_word' id='word_1_231' title='bbox 1134 1558 1284 1606; x_wconf 84' lang='lat' dir='ltr'>August.</span> <span class='ocrx_word' id='word_1_232' title='bbox 1312 1570 1344 1596; x_wconf 89' lang='lat' dir='ltr'>c.</span> <span class='ocrx_word' id='word_1_233' title='bbox 1373 1559 1410 1596; x_wconf 92' lang='lat' dir='ltr'>d.</span> <span class='ocrx_word' id='word_1_234' title='bbox 1438 1561 1479 1605; x_wconf 78' lang='lat'>4,</span> 
     </span>
     <span class='ocr_line' id='line_1_25' title="bbox 30 1617 1476 1668; baseline 0.003 -12"><span class='ocrx_word' id='word_1_235' title='bbox 30 1622 78 1656; x_wconf 83' lang='lat'>31</span> <span class='ocrx_word' id='word_1_236' title='bbox 112 1619 214 1655; x_wconf 85' lang='lat' dir='ltr'>annis</span> <span class='ocrx_word' id='word_1_237' title='bbox 246 1619 328 1668; x_wconf 90' lang='lat' dir='ltr'>plus</span> <span class='ocrx_word' id='word_1_238' title='bbox 356 1630 465 1668; x_wconf 87' lang='lat' dir='ltr'>quam</span> <span class='ocrx_word' id='word_1_239' title='bbox 494 1623 640 1653; x_wconf 86' lang='lat' dir='ltr'>centum</span> <span class='ocrx_word' id='word_1_240' title='bbox 666 1624 704 1654; x_wconf 90' lang='lat' dir='ltr'>et</span> <span class='ocrx_word' id='word_1_241' title='bbox 729 1617 960 1667; x_wconf 80' lang='lat' dir='ltr'>septuaginta</span> <span class='ocrx_word' id='word_1_242' title='bbox 986 1618 1032 1653; x_wconf 90' lang='lat' dir='ltr'>ab</span> <span class='ocrx_word' id='word_1_243' title='bbox 1060 1617 1105 1655; x_wconf 87' lang='lat' dir='ltr'>V.</span> <span class='ocrx_word' id='word_1_244' title='bbox 1133 1618 1193 1666; x_wconf 92' lang='lat' dir='ltr'>C.,</span> <span class='ocrx_word' id='word_1_245' title='bbox 1221 1619 1287 1657; x_wconf 84' lang='lat' dir='ltr'>cfr.</span> <span class='ocrx_word' id='word_1_246' title='bbox 1317 1621 1476 1660; x_wconf 70' lang='lat' dir='ltr'>Tei-tull.</span> 
     </span>
     <span class='ocr_line' id='line_1_26' title="bbox 32 1678 1476 1731; baseline 0.003 -14"><span class='ocrx_word' id='word_1_247' title='bbox 32 1681 117 1717; x_wconf 82' lang='lat' dir='ltr'>adu.</span> <span class='ocrx_word' id='word_1_248' title='bbox 145 1687 269 1728; x_wconf 87' lang='lat' dir='ltr'>gentes</span> <span class='ocrx_word' id='word_1_249' title='bbox 295 1692 327 1717; x_wconf 84' lang='lat' dir='ltr'>c.</span> <span class='ocrx_word' id='word_1_250' title='bbox 355 1681 404 1716; x_wconf 92' lang='grc'>25</span> <span class='ocrx_word' id='word_1_251' title='bbox 431 1686 467 1716; x_wconf 92' lang='lat' dir='ltr'>et</span> <span class='ocrx_word' id='word_1_252' title='bbox 495 1678 541 1716; x_wconf 92' lang='lat' dir='ltr'>de</span> <span class='ocrx_word' id='word_1_253' title='bbox 567 1678 691 1716; x_wconf 85' lang='lat' dir='ltr'>idolol.</span> <span class='ocrx_word' id='word_1_254' title='bbox 718 1680 796 1715; x_wconf 90' lang='lat' dir='ltr'>init.</span> <span class='ocrx_word' id='word_1_255' title='bbox 847 1679 948 1725; x_wconf 86' lang='lat' dir='ltr'>Nec,</span> <span class='ocrx_word' id='word_1_256' title='bbox 977 1685 1016 1715; x_wconf 91' lang='lat' dir='ltr'>ut</span> <span class='ocrx_word' id='word_1_257' title='bbox 1045 1680 1195 1729; x_wconf 88' lang='lat' dir='ltr'>opinor,</span> <span class='ocrx_word' id='word_1_258' title='bbox 1222 1682 1305 1731; x_wconf 89' lang='lat' dir='ltr'>quia</span> <span class='ocrx_word' id='word_1_259' title='bbox 1329 1685 1476 1721; x_wconf 88' lang='lat' dir='ltr'>saeculo</span> 
     </span>
     <span class='ocr_line' id='line_1_27' title="bbox 32 1741 1477 1794; baseline 0.003 -17"><span class='ocrx_word' id='word_1_260' title='bbox 32 1742 177 1779; x_wconf 85' lang='lat' dir='ltr'>demum</span> <span class='ocrx_word' id='word_1_261' title='bbox 204 1742 329 1790; x_wconf 90' lang='lat' dir='ltr'>quinto</span> <span class='ocrx_word' id='word_1_262' title='bbox 358 1749 512 1778; x_wconf 86' lang='lat' dir='ltr'>exeunte</span> <span class='ocrx_word' id='word_1_263' title='bbox 531 1748 721 1790; x_wconf 87' lang='lat' dir='ltr'>argentum</span> <span class='ocrx_word' id='word_1_264' title='bbox 747 1741 884 1790; x_wconf 84' lang='lat' dir='ltr'>signari</span> <span class='ocrx_word' id='word_1_265' title='bbox 910 1741 1042 1790; x_wconf 85' lang='lat' dir='ltr'>coepit,</span> <span class='ocrx_word' id='word_1_266' title='bbox 1069 1741 1151 1778; x_wconf 90' lang='lat' dir='ltr'>ideo</span> <span class='ocrx_word' id='word_1_267' title='bbox 1177 1742 1282 1779; x_wconf 86' lang='lat' dir='ltr'>diuus</span> <span class='ocrx_word' id='word_1_268' title='bbox 1308 1746 1477 1794; x_wconf 86' lang='lat' dir='ltr'>Argenti-</span> 
     </span>
     <span class='ocr_line' id='line_1_28' title="bbox 31 1801 1477 1851; baseline 0.002 -10"><span class='ocrx_word' id='word_1_269' title='bbox 31 1816 100 1841; x_wconf 86' lang='lat' dir='ltr'>nus</span> <span class='ocrx_word' id='word_1_270' title='bbox 118 1802 310 1840; x_wconf 87' lang='lat' dir='ltr'>Aesculani</span> <span class='ocrx_word' id='word_1_271' title='bbox 336 1802 363 1838; x_wconf 83' lang='lat' dir='ltr'>f.</span> <span class='ocrx_word' id='word_1_272' title='bbox 390 1801 436 1837; x_wconf 90' lang='lat' dir='ltr'>sr.</span> <span class='ocrx_word' id='word_1_273' title='bbox 454 1803 479 1837; x_wconf 91' lang='lat'><strong>7</strong></span> <span class='ocrx_word' id='word_1_274' title='bbox 506 1802 575 1837; x_wconf 88' lang='lat' dir='ltr'>coli</span> <span class='ocrx_word' id='word_1_275' title='bbox 602 1809 710 1838; x_wconf 84' lang='lat' dir='ltr'>antea</span> <span class='ocrx_word' id='word_1_276' title='bbox 738 1815 810 1838; x_wconf 91' lang='lat' dir='ltr'>non</span> <span class='ocrx_word' id='word_1_277' title='bbox 836 1802 965 1851; x_wconf 88' lang='lat' dir='ltr'>potuit,</span> <span class='ocrx_word' id='word_1_278' title='bbox 993 1804 1223 1850; x_wconf 87' lang='lat' dir='ltr'>quantumuis</span> <span class='ocrx_word' id='word_1_279' title='bbox 1241 1805 1359 1841; x_wconf 90' lang='lat' dir='ltr'>Varro</span> <span class='ocrx_word' id='word_1_280' title='bbox 1379 1808 1477 1844; x_wconf 90' lang='lat' dir='ltr'>ciues</span> 
     </span>
     <span class='ocr_line' id='line_1_29' title="bbox 31 1861 1476 1912; baseline 0.003 -10"><span class='ocrx_word' id='word_1_281' title='bbox 31 1878 128 1910; x_wconf 86' lang='lat' dir='ltr'>suos,</span> <span class='ocrx_word' id='word_1_282' title='bbox 155 1865 215 1902; x_wconf 92' lang='lat' dir='ltr'>lib.</span> <span class='ocrx_word' id='word_1_283' title='bbox 234 1863 261 1900; x_wconf 88' lang='grc' dir='ltr'>Ι.</span> <span class='ocrx_word' id='word_1_284' title='bbox 288 1862 335 1899; x_wconf 77' lang='lat' dir='ltr'>fr.</span> <span class='ocrx_word' id='word_1_285' title='bbox 361 1864 422 1910; x_wconf 84' lang='lat'>16,</span> <span class='ocrx_word' id='word_1_286' title='bbox 450 1861 496 1897; x_wconf 87' lang='lat' dir='ltr'>de</span> <span class='ocrx_word' id='word_1_287' title='bbox 522 1862 679 1911; x_wconf 86' lang='lat' dir='ltr'>pecunia</span> <span class='ocrx_word' id='word_1_288' title='bbox 705 1864 868 1912; x_wconf 86' lang='lat' dir='ltr'>roganda</span> <span class='ocrx_word' id='word_1_289' title='bbox 893 1863 1066 1899; x_wconf 83' lang='lat' dir='ltr'>docuerit.</span> <span class='ocrx_word' id='word_1_290' title='bbox 1119 1863 1255 1902; x_wconf 87' lang='lat' dir='ltr'>Verum</span> <span class='ocrx_word' id='word_1_291' title='bbox 1285 1868 1476 1906; x_wconf 92' lang='lat' dir='ltr'>cuiuscun-</span> 
     </span>
     <span class='ocr_line' id='line_1_30' title="bbox 31 1923 1477 1977; baseline 0.005 -15"><span class='ocrx_word' id='word_1_292' title='bbox 31 1939 106 1977; x_wconf 90' lang='lat' dir='ltr'>que</span> <span class='ocrx_word' id='word_1_293' title='bbox 137 1926 265 1962; x_wconf 85' lang='lat' dir='ltr'>aetatis</span> <span class='ocrx_word' id='word_1_294' title='bbox 301 1924 572 1973; x_wconf 80' lang='lat' dir='ltr'>indigitamenta</span> <span class='ocrx_word' id='word_1_295' title='bbox 605 1924 666 1959; x_wconf 86' lang='lat' dir='ltr'>illa</span> <span class='ocrx_word' id='word_1_296' title='bbox 695 1925 774 1967; x_wconf 87' lang='lat' dir='ltr'>siue</span> <span class='ocrx_word' id='word_1_297' title='bbox 808 1923 975 1971; x_wconf 85' lang='lat' dir='ltr'>fuerunt,</span> <span class='ocrx_word' id='word_1_298' title='bbox 1009 1925 1085 1961; x_wconf 86' lang='lat' dir='ltr'>siue</span> <span class='ocrx_word' id='word_1_299' title='bbox 1117 1926 1318 1966; x_wconf 79' lang='lat' dir='ltr'>existimata</span> <span class='ocrx_word' id='word_1_300' title='bbox 1344 1937 1428 1968; x_wconf 89' lang='lat' dir='ltr'>sunt</span> <span class='ocrx_word' id='word_1_301' title='bbox 1454 1943 1477 1969; x_wconf 87' lang='lat' dir='ltr'>a</span> 
     </span>
     <span class='ocr_line' id='line_1_31' title="bbox 31 1985 1476 2039; baseline 0.003 -14"><span class='ocrx_word' id='word_1_302' title='bbox 31 1988 212 2035; x_wconf 83' lang='lat' dir='ltr'>Varrone,</span> <span class='ocrx_word' id='word_1_303' title='bbox 240 1999 311 2023; x_wconf 94' lang='lat' dir='ltr'>non</span> <span class='ocrx_word' id='word_1_304' title='bbox 338 1987 517 2036; x_wconf 85' lang='lat' dir='ltr'>ignorauit</span> <span class='ocrx_word' id='word_1_305' title='bbox 543 1997 656 2035; x_wconf 83' lang='lat' dir='ltr'>genus</span> <span class='ocrx_word' id='word_1_306' title='bbox 683 1985 848 2035; x_wconf 85' lang='lat' dir='ltr'>deorum,</span> <span class='ocrx_word' id='word_1_307' title='bbox 876 1985 973 2036; x_wconf 91' lang='lat' dir='ltr'>quod</span> <span class='ocrx_word' id='word_1_308' title='bbox 997 1987 1347 2039; x_wconf 85' lang='lat' dir='ltr'>complectebantur,</span> <span class='ocrx_word' id='word_1_309' title='bbox 1373 1994 1476 2030; x_wconf 84' lang='lat' dir='ltr'>nouis</span> 
     </span>
     <span class='ocr_line' id='line_1_32' title="bbox 32 2047 1476 2100; baseline 0.003 -14"><span class='ocrx_word' id='word_1_310' title='bbox 32 2049 361 2086; x_wconf 89' lang='lat' dir='ltr'>consecrationibus</span> <span class='ocrx_word' id='word_1_311' title='bbox 397 2060 464 2098; x_wconf 87' lang='lat' dir='ltr'>per</span> <span class='ocrx_word' id='word_1_312' title='bbox 496 2048 617 2084; x_wconf 88' lang='lat' dir='ltr'>omnia</span> <span class='ocrx_word' id='word_1_313' title='bbox 653 2047 823 2097; x_wconf 74' lang='lat' dir='ltr'>deinceps</span> <span class='ocrx_word' id='word_1_314' title='bbox 857 2048 1001 2085; x_wconf 82' lang='lat' dir='ltr'>saecula</span> <span class='ocrx_word' id='word_1_315' title='bbox 1033 2048 1144 2086; x_wconf 75' lang='lat' dir='ltr'>fuisse</span> <span class='ocrx_word' id='word_1_316' title='bbox 1180 2054 1476 2100; x_wconf 83' lang='lat' dir='ltr'>proseminatum.</span> 
     </span>
     <span class='ocr_line' id='line_1_33' title="bbox 22 2109 1477 2164; baseline 0.003 -17"><span class='ocrx_word' id='word_1_317' title='bbox 22 2111 183 2148; x_wconf 73' lang='lat' dir='ltr'>Factum</span> <span class='ocrx_word' id='word_1_318' title='bbox 218 2117 273 2147; x_wconf 86' lang='lat' dir='ltr'>est</span> <span class='ocrx_word' id='word_1_319' title='bbox 304 2110 373 2147; x_wconf 87' lang='lat' dir='ltr'>hoc</span> <span class='ocrx_word' id='word_1_320' title='bbox 399 2109 524 2147; x_wconf 86' lang='lat' dir='ltr'>Ouidii</span> <span class='ocrx_word' id='word_1_321' title='bbox 550 2121 697 2159; x_wconf 84' lang='lat' dir='ltr'>quoque</span> <span class='ocrx_word' id='word_1_322' title='bbox 730 2120 844 2146; x_wconf 79' lang='lat' dir='ltr'>aeuo:</span> <span class='ocrx_word' id='word_1_323' title='bbox 880 2111 1115 2159; x_wconf 86' lang='lat' dir='ltr'>quamobrem</span> <span class='ocrx_word' id='word_1_324' title='bbox 1143 2114 1309 2164; x_wconf 83' lang='lat' dir='ltr'>exempla</span> <span class='ocrx_word' id='word_1_325' title='bbox 1335 2115 1380 2151; x_wconf 86' lang='lat' dir='ltr'>ab</span> <span class='ocrx_word' id='word_1_326' title='bbox 1408 2115 1477 2153; x_wconf 85' lang='lat' dir='ltr'>hoc</span> 
     </span>
     <span class='ocr_line' id='line_1_34' title="bbox 29 2171 1475 2225; baseline 0.003 -16"><span class='ocrx_word' id='word_1_327' title='bbox 29 2179 165 2223; x_wconf 86' lang='lat' dir='ltr'>petam.</span> <span class='ocrx_word' id='word_1_328' title='bbox 219 2171 396 2221; x_wconf 87' lang='lat' dir='ltr'>Sepositis</span> <span class='ocrx_word' id='word_1_329' title='bbox 423 2172 464 2208; x_wconf 91' lang='lat' dir='ltr'>iis</span> <span class='ocrx_word' id='word_1_330' title='bbox 490 2171 567 2208; x_wconf 84' lang='lat' dir='ltr'>deis</span> <span class='ocrx_word' id='word_1_331' title='bbox 596 2171 824 2218; x_wconf 84' lang='lat' dir='ltr'>minusculis,</span> <span class='ocrx_word' id='word_1_332' title='bbox 860 2172 919 2220; x_wconf 92' lang='lat' dir='ltr'>qui</span> <span class='ocrx_word' id='word_1_333' title='bbox 947 2172 992 2208; x_wconf 86' lang='lat' dir='ltr'>ad</span> <span class='ocrx_word' id='word_1_334' title='bbox 1018 2173 1237 2210; x_wconf 87' lang='lat' dir='ltr'>selectorum</span> <span class='ocrx_word' id='word_1_335' title='bbox 1263 2175 1475 2225; x_wconf 85' lang='lat' dir='ltr'>dignitatem</span> 
     </span>
     <span class='ocr_line' id='line_1_35' title="bbox 29 2233 1475 2283; baseline 0.002 -12"><span class='ocrx_word' id='word_1_336' title='bbox 29 2234 167 2281; x_wconf 86' lang='lat' dir='ltr'>euecti,</span> <span class='ocrx_word' id='word_1_337' title='bbox 204 2240 268 2270; x_wconf 86' lang='lat' dir='ltr'>aut</span> <span class='ocrx_word' id='word_1_338' title='bbox 302 2233 350 2270; x_wconf 89' lang='lat' dir='ltr'>ad</span> <span class='ocrx_word' id='word_1_339' title='bbox 385 2234 539 2270; x_wconf 84' lang='lat' dir='ltr'>incertos</span> <span class='ocrx_word' id='word_1_340' title='bbox 576 2233 715 2270; x_wconf 87' lang='lat' dir='ltr'>detrusi</span> <span class='ocrx_word' id='word_1_341' title='bbox 741 2240 846 2281; x_wconf 92' lang='lat' dir='ltr'>sunt,</span> <span class='ocrx_word' id='word_1_342' title='bbox 881 2246 926 2270; x_wconf 86' lang='lat' dir='ltr'>ex</span> <span class='ocrx_word' id='word_1_343' title='bbox 954 2234 1306 2283; x_wconf 86' lang='lat' dir='ltr'>indigitamentorum</span> <span class='ocrx_word' id='word_1_344' title='bbox 1334 2244 1475 2275; x_wconf 87' lang='lat' dir='ltr'>tantum</span> 
     </span>
     <span class='ocr_line' id='line_1_36' title="bbox 29 2294 1476 2347; baseline 0.004 -15"><span class='ocrx_word' id='word_1_345' title='bbox 29 2297 246 2332; x_wconf 83' lang='lat' dir='ltr'>auctoritate</span> <span class='ocrx_word' id='word_1_346' title='bbox 271 2296 486 2332; x_wconf 82' lang='lat' dir='ltr'>colebantur</span> <span class='ocrx_word' id='word_1_347' title='bbox 510 2296 570 2345; x_wconf 92' lang='lat' dir='ltr'>qui</span> <span class='ocrx_word' id='word_1_348' title='bbox 602 2295 648 2331; x_wconf 82' lang='lat' dir='ltr'>fr.</span> <span class='ocrx_word' id='word_1_349' title='bbox 673 2297 697 2331; x_wconf 90' lang='lat'>7</span> <span class='ocrx_word' id='word_1_350' title='bbox 724 2294 916 2331; x_wconf 87' lang='lat' dir='ltr'>traduntur</span> <span class='ocrx_word' id='word_1_351' title='bbox 947 2296 1087 2333; x_wconf 83' lang='lat' dir='ltr'>Consus</span> <span class='ocrx_word' id='word_1_352' title='bbox 1114 2296 1188 2335; x_wconf 85' lang='lat' dir='ltr'>ou.</span> <span class='ocrx_word' id='word_1_353' title='bbox 1215 2302 1251 2343; x_wconf 82' lang='lat'>3,</span> <span class='ocrx_word' id='word_1_354' title='bbox 1281 2301 1366 2347; x_wconf 80' lang='lat'>199,</span> <span class='ocrx_word' id='word_1_355' title='bbox 1402 2301 1476 2338; x_wconf 82' lang='lat' dir='ltr'>Ga—</span> 
     </span>
     <span class='ocr_line' id='line_1_37' title="bbox 29 2356 1476 2405; baseline 0.003 -11"><span class='ocrx_word' id='word_1_356' title='bbox 29 2369 154 2395; x_wconf 77' lang='lat' dir='ltr'>menae</span> <span class='ocrx_word' id='word_1_357' title='bbox 181 2361 216 2402; x_wconf 85' lang='lat'>3,</span> <span class='ocrx_word' id='word_1_358' title='bbox 242 2357 342 2404; x_wconf 90' lang='grc'>275,</span> <span class='ocrx_word' id='word_1_359' title='bbox 377 2356 521 2405; x_wconf 74' lang='lat' dir='ltr'>Robiyo</span> <span class='ocrx_word' id='word_1_360' title='bbox 547 2359 583 2405; x_wconf 86' lang='lat'>4,</span> <span class='ocrx_word' id='word_1_361' title='bbox 610 2356 708 2405; x_wconf 83' lang='lat'>905,</span> <span class='ocrx_word' id='word_1_362' title='bbox 744 2357 903 2394; x_wconf 79' lang='lat' dir='ltr'>Stimula</span> <span class='ocrx_word' id='word_1_363' title='bbox 929 2359 966 2403; x_wconf 88' lang='lat'>6,</span> <span class='ocrx_word' id='word_1_364' title='bbox 993 2360 1084 2396; x_wconf 82' lang='lat'><strong>497:</strong></span> <span class='ocrx_word' id='word_1_365' title='bbox 1121 2359 1175 2396; x_wconf 88' lang='lat' dir='ltr'>his</span> <span class='ocrx_word' id='word_1_366' title='bbox 1208 2361 1302 2397; x_wconf 87' lang='lat' dir='ltr'>enim</span> <span class='ocrx_word' id='word_1_367' title='bbox 1336 2363 1476 2399; x_wconf 89' lang='lat' dir='ltr'>nonnisi</span> 
     </span>
     <span class='ocr_line' id='line_1_38' title="bbox 29 2408 1474 2472; baseline 0.003 -17"><span class='ocrx_word' id='word_1_368' title='bbox 29 2429 129 2466; x_wconf 83' lang='lat' dir='ltr'>arae,</span> <span class='ocrx_word' id='word_1_369' title='bbox 154 2419 261 2456; x_wconf 83' lang='lat' dir='ltr'>Varr.</span> <span class='ocrx_word' id='word_1_370' title='bbox 281 2418 329 2456; x_wconf 85' lang='lat' dir='ltr'>de</span> <span class='ocrx_word' id='word_1_371' title='bbox 355 2418 424 2456; x_wconf 88' lang='lat' dir='ltr'>l.1.</span> <span class='ocrx_word' id='word_1_372' title='bbox 445 2420 480 2465; x_wconf 87' lang='grc'>6,</span> <span class='ocrx_word' id='word_1_373' title='bbox 498 2408 562 2464; x_wconf 77' lang='lat'>26,</span> <span class='ocrx_word' id='word_1_374' title='bbox 588 2425 650 2455; x_wconf 90' lang='lat' dir='ltr'>aut</span> <span class='ocrx_word' id='word_1_375' title='bbox 674 2419 761 2467; x_wconf 90' lang='lat' dir='ltr'>luci,</span> <span class='ocrx_word' id='word_1_376' title='bbox 789 2418 902 2455; x_wconf 84' lang='lat' dir='ltr'>schol.</span> <span class='ocrx_word' id='word_1_377' title='bbox 926 2419 1090 2458; x_wconf 81' lang='lat' dir='ltr'>quenal,</span> <span class='ocrx_word' id='word_1_378' title='bbox 1117 2429 1184 2462; x_wconf 84' lang='lat' dir='ltr'>sat.</span> <span class='ocrx_word' id='word_1_379' title='bbox 1212 2424 1234 2457; x_wconf 88' lang='lat'><strong>3</strong></span> <span class='ocrx_word' id='word_1_380' title='bbox 1261 2434 1299 2472; x_wconf 86' lang='lat' dir='ltr'>p.</span> <span class='ocrx_word' id='word_1_381' title='bbox 1317 2424 1389 2459; x_wconf 83' lang='lat'>174</span> <span class='ocrx_word' id='word_1_382' title='bbox 1415 2423 1474 2462; x_wconf 79' lang='lat' dir='ltr'>ed.</span> 
     </span>
     <span class='ocr_line' id='line_1_39' title="bbox 29 2479 1475 2530; baseline 0.005 -15"><span class='ocrx_word' id='word_1_383' title='bbox 29 2479 171 2527; x_wconf 60' lang='lat' dir='ltr'>Heium,</span> <span class='ocrx_word' id='word_1_384' title='bbox 205 2492 315 2530; x_wconf 88' lang='lat' dir='ltr'>supra</span> <span class='ocrx_word' id='word_1_385' title='bbox 341 2493 380 2530; x_wconf 90' lang='lat' dir='ltr'>p.</span> <span class='ocrx_word' id='word_1_386' title='bbox 403 2491 486 2527; x_wconf 89' lang='lat' dir='ltr'>c1.1‚</span> <span class='ocrx_word' id='word_1_387' title='bbox 515 2491 616 2528; x_wconf 66' lang='lat' dir='ltr'>cru,</span> <span class='ocrx_word' id='word_1_388' title='bbox 645 2491 763 2527; x_wconf 77' lang='lat' dir='ltr'>cun,</span> <span class='ocrx_word' id='word_1_389' title='bbox 800 2479 976 2517; x_wconf 85' lang='lat' dir='ltr'>dicantur.</span> <span class='ocrx_word' id='word_1_390' title='bbox 1030 2483 1190 2520; x_wconf 88' lang='lat' dir='ltr'>Accedat</span> <span class='ocrx_word' id='word_1_391' title='bbox 1215 2482 1284 2520; x_wconf 85' lang='lat' dir='ltr'>dea</span> <span class='ocrx_word' id='word_1_392' title='bbox 1310 2487 1475 2522; x_wconf 72' lang='lat' dir='ltr'>Rumina</span> 
     </span>
     <span class='ocr_line' id='line_1_40' title="bbox 28 2539 1474 2592; baseline 0.006 -16"><span class='ocrx_word' id='word_1_393' title='bbox 28 2539 76 2577; x_wconf 79' lang='lat' dir='ltr'>fr.</span> <span class='ocrx_word' id='word_1_394' title='bbox 93 2543 132 2589; x_wconf 88' lang='grc'>5,</span> <span class='ocrx_word' id='word_1_395' title='bbox 157 2541 255 2579; x_wconf 89' lang='lat' dir='ltr'>Plut.</span> <span class='ocrx_word' id='word_1_396' title='bbox 283 2547 425 2592; x_wconf 86' lang='lat' dir='ltr'>quaest.</span> <span class='ocrx_word' id='word_1_397' title='bbox 451 2554 506 2579; x_wconf 90' lang='lat' dir='ltr'>ro.</span> <span class='ocrx_word' id='word_1_398' title='bbox 533 2543 598 2591; x_wconf 87' lang='grc'>57,</span> <span class='ocrx_word' id='word_1_399' title='bbox 626 2542 726 2578; x_wconf 91' lang='lat' dir='ltr'>cuius</span> <span class='ocrx_word' id='word_1_400' title='bbox 750 2542 922 2578; x_wconf 87' lang='lat' dir='ltr'>sacellum</span> <span class='ocrx_word' id='word_1_401' title='bbox 950 2543 1027 2579; x_wconf 89' lang='lat' dir='ltr'>sine</span> <span class='ocrx_word' id='word_1_402' title='bbox 1053 2543 1162 2582; x_wconf 89' lang='lat' dir='ltr'>dubio</span> <span class='ocrx_word' id='word_1_403' title='bbox 1189 2546 1277 2582; x_wconf 89' lang='lat' dir='ltr'>illud</span> <span class='ocrx_word' id='word_1_404' title='bbox 1304 2545 1372 2583; x_wconf 85' lang='lat' dir='ltr'>suit</span> <span class='ocrx_word' id='word_1_405' title='bbox 1398 2546 1474 2585; x_wconf 87' lang='lat' dir='ltr'>Ou.</span> 
     </span>
     <span class='ocr_line' id='line_1_41' title="bbox 29 2590 1474 2654; baseline 0.006 -18"><span class='ocrx_word' id='word_1_406' title='bbox 29 2604 70 2648; x_wconf 90' lang='grc'>2,</span> <span class='ocrx_word' id='word_1_407' title='bbox 88 2604 175 2650; x_wconf 82' lang='lat'>410,</span> <span class='ocrx_word' id='word_1_408' title='bbox 203 2603 278 2640; x_wconf 89' lang='lat' dir='ltr'>uid.</span> <span class='ocrx_word' id='word_1_409' title='bbox 304 2617 341 2654; x_wconf 88' lang='lat' dir='ltr'>p.</span> <span class='ocrx_word' id='word_1_410' title='bbox 359 2615 493 2641; x_wconf 77' lang='lat' dir='ltr'>cxmx</span> <span class='ocrx_word' id='word_1_411' title='bbox 509 2607 563 2654; x_wconf 81' lang='lat' dir='ltr'>sq.</span> <span class='ocrx_word' id='word_1_412' title='bbox 617 2603 786 2652; x_wconf 88' lang='lat' dir='ltr'>Namque</span> <span class='ocrx_word' id='word_1_413' title='bbox 812 2604 958 2653; x_wconf 89' lang='lat' dir='ltr'>publice</span> <span class='ocrx_word' id='word_1_414' title='bbox 983 2606 1080 2643; x_wconf 89' lang='lat' dir='ltr'>culta</span> <span class='ocrx_word' id='word_1_415' title='bbox 1105 2590 1167 2644; x_wconf 85' lang='lat' dir='ltr'>illa</span> <span class='ocrx_word' id='word_1_416' title='bbox 1192 2607 1339 2644; x_wconf 85' lang='lat' dir='ltr'>numina</span> <span class='ocrx_word' id='word_1_417' title='bbox 1365 2607 1474 2646; x_wconf 84' lang='lat' dir='ltr'>fuisse</span> 
     </span>
     <span class='ocr_line' id='line_1_42' title="bbox 30 2661 1479 2719; baseline 0.008 -21"><span class='ocrx_word' id='word_1_418' title='bbox 30 2661 187 2700; x_wconf 83' lang='lat' dir='ltr'>affirmat</span> <span class='ocrx_word' id='word_1_419' title='bbox 212 2666 430 2714; x_wconf 85' lang='lat' dir='ltr'>Augustinus</span> <span class='ocrx_word' id='word_1_420' title='bbox 457 2667 496 2714; x_wconf 82' lang='lat'>4,</span> <span class='ocrx_word' id='word_1_421' title='bbox 514 2668 582 2704; x_wconf 84' lang='lat'>16:</span> <span class='ocrx_word' id='word_1_422' title='bbox 609 2665 667 2703; x_wconf 69' lang='lat' dir='ltr'>ms</span> <span class='ocrx_word' id='word_1_423' title='bbox 694 2664 859 2703; x_wconf 59' lang='lat' dir='ltr'>omnibus</span> <span class='ocrx_word' id='word_1_424' title='bbox 884 2665 955 2703; x_wconf 63' lang='lat' dir='ltr'>diis</span> <span class='ocrx_word' id='word_1_425' title='bbox 983 2672 1016 2704; x_wconf 78' lang='lat' dir='ltr'>et</span> <span class='ocrx_word' id='word_1_426' title='bbox 1039 2666 1171 2706; x_wconf 72' lang='lat' dir='ltr'>deabus</span> <span class='ocrx_word' id='word_1_427' title='bbox 1195 2668 1339 2719; x_wconf 61' lang='lat' dir='ltr'>publica</span> <span class='ocrx_word' id='word_1_428' title='bbox 1364 2682 1479 2708; x_wconf 80' lang='lat' dir='ltr'>sacra·</span> 
     </span>
    </p>
   </div>
  </div>
 </body>
</html>
