1685 2954
125 87 356 121 cmxxxvm
641 132 645 138 η
752 88 810 119 on
839 89 937 121 oms

122 188 345 238 cinyulorum
368 187 503 227 cena-ta
517 186 757 238 replicationi,
788 190 892 229 Victa
912 194 947 227 et
962 192 1059 228 Poto
1082 191 1334 228 sanctissimae
1356 191 1469 230 nicusi
1489 206 1559 244 po-

123 252 246 301 tuique
269 254 486 301 procurant,
519 250 557 295 4,
583 252 627 286 3:
652 251 878 299 Praestana,
910 253 947 297 4,
973 254 1017 288 7:
1042 254 1151 297 Peto,
1179 251 1345 297 orbona,
1375 253 1558 304 Ossila90‚

123 313 164 361 4,
179 314 225 350 92
254 310 339 348 deos
362 312 530 355 Lucrios,
555 309 797 358 matutinam,
822 311 1037 351 Liburnum.

221 374 259 409 8.
299 371 410 409 Seru.
435 370 482 408 ad
509 373 600 409 Aen.
627 372 666 420 5,
684 373 757 410 452
782 372 855 410 Sed
885 375 1004 412 Varro
1029 379 1063 412 et
1087 375 1215 413 Ateius
1240 379 1367 414 contra
1390 377 1563 423 sentiunt,

119 435 274 473 dicentes
297 432 402 470 diuos
423 437 625 483 perpetuos,
651 432 749 482 deos,
776 436 837 483 qui
861 441 1007 485 propter
1023 439 1083 474 sus
1101 440 1400 476 consecrationem
1425 440 1559 475 timen-

117 501 191 541 tur,
214 499 257 532 ut
281 497 367 532 sunt
392 493 445 531 dii
469 506 606 532 ntavtes.

220 557 258 596 9.
308 555 366 592 De
399 556 611 606 Aesculapio
646 555 844 594 secundum
871 555 1076 595 Varronem
1112 560 1188 609 agit
1223 561 1382 598 Tertull.
1410 559 1457 598 ad
1482 567 1559 599 nat.

116 621 158 668 2,
180 618 230 655 14
254 623 346 655 extr.
372 615 455 653 loco
481 615 602 653 lacero
628 629 697 655 nec
721 618 817 655 sacili
845 617 891 654 ad
918 619 1198 656 resarciendum.

222 682 283 717 10.
335 678 443 716 Seru.
472 677 519 714 ad
545 679 635 714 Aen.
660 681 699 726 8,
716 680 786 716 512
812 681 906 716 sieut
931 681 984 716 ait
1013 682 1151 717 Varro:
1175 682 1335 718 Nonne
1358 682 1562 721 Arcades

118 740 282 780 exules
307 739 616 789 confugerunt
637 741 683 776 in
710 739 952 776 Palatium
977 739 1080 777 duce
1105 740 1355 778 Euandro?

220 807 280 840 11.
327 802 434 839 Seru.
462 800 507 838 ad
534 803 624 837 Aen.
653 803 692 848 8,
719 801 812 837 564:
852 803 953 838 Tunc
979 803 1093 847 enim,
1133 804 1227 838 sicut
1253 806 1287 838 et
1315 804 1437 840 Varro
1462 803 1560 850 dicit,

117 876 263 905 omnes
289 864 368 912 qui
393 862 611 910 fecerant
635 861 852 909 fortiter,
878 862 1103 899 Hercules
1127 861 1446 901 uocabantur.-
1479 865 1562 903 licet

117 938 179 964 eos
203 927 320 974 primo
346 926 490 962 XLIII
513 925 785 961 emcmerauenit.
840 923 918 960 Csr.
946 924 1105 960 Tertull.
1133 922 1179 960 ad
1205 929 1279 960 nat.
1305 927 1342 968 2,
1369 926 1428 962 14.

217 990 278 1023 12.
321 985 479 1022 Tertull.
508 985 554 1022 ad
585 991 658 1021 nat.
680 987 780 1031 2‚8:
807 984 864 1021 uel
890 997 978 1034 quos
1010 987 1128 1022 Varro
1153 987 1267 1034 ponit,
1297 986 1561 1025 Casiniensium

118 1047 472 1094 De[luen]ti[num],
507 1048 770 1083 Narniensium
800 1046 1049 1091 Visidianum,
1085 1045 1354 1084 Atheniensium
1379 1047 1429 1093 (l.
1455 1049 1562 1086 Ater-

115 1111 238 1156 nens‚)
265 1110 540 1154 Numentinum,
568 1107 854 1145 Faesulanorum
873 1108 1097 1145 Ancharium
1116 1113 1150 1145 et
1167 1109 1560 1159 quampraeuerintoe),

118 1170 401 1208 Vulsiniensium
426 1171 609 1207 Nortiam.
663 1169 742 1206 Cfr.
769 1170 951 1219 apologet.
978 1182 1010 1207 c.
1033 1173 1096 1207 23.

215 1235 275 1269 13.
321 1231 478 1267 Tertull.
507 1230 553 1267 ad
581 1236 657 1268 nat.
685 1234 721 1275 2,
741 1232 783 1267 9:
811 1232 854 1268 Si
880 1233 1032 1268 Faunus
1057 1232 1136 1268 Pici
1160 1229 1260 1278 filius
1283 1233 1323 1268 in
1347 1233 1408 1268 ius
1432 1233 1558 1280 ayita-

113 1292 222 1332 batur
248 1296 361 1329 mente
387 1296 529 1341 captus,
559 1294 681 1329 curari
705 1304 785 1329 eum
811 1294 941 1340 magis,
969 1305 1077 1341 quam
1103 1295 1303 1330 consecrari
1327 1292 1482 1330 decebat.

215 1356 275 1392 14.
316 1354 480 1391 Macrob.
509 1359 578 1390 sat.
601 1358 638 1401 1,
658 1357 703 1390 12
730 1366 766 1403 p.
786 1356 876 1390 173:
909 1356 1026 1390 Varro
1056 1355 1177 1390 Fauni
1201 1352 1319 1400 filiam
1344 1367 1421 1391 esse
1444 1354 1560 1394 tradit

115 1416 206 1455 adeo
230 1415 422 1466 pudicam,
447 1419 488 1451 ut
513 1419 619 1452 extra
643 1416 903 1464 gynaeconilim
926 1425 1112 1462 nunquam
1137 1417 1186 1452 sit
1210 1428 1370 1464 e9ressa,
1403 1429 1466 1454 nec
1489 1430 1560 1455 no·-

112 1490 194 1515 men
218 1479 295 1514 eius
319 1479 357 1514 in
382 1476 522 1526 publico
547 1476 658 1523 fuerit
684 1475 871 1522 auditum,
902 1487 965 1512 uec
989 1478 1109 1512 uirum
1134 1489 1295 1526 unquam
1319 1477 1469 1524 uiderit,
1495 1492 1560 1517 nec

112 1551 139 1577 a
163 1541 244 1576 uiro
270 1540 353 1575 uisa
376 1541 439 1576 sit.
493 1539 572 1576 Cfr.
597 1538 755 1576 Tertull.
783 1537 829 1573 ad
856 1543 930 1573 nat.
958 1540 997 1583 2,
1024 1538 1061 1576 9.

214 1600 273 1637 15.
327 1600 435 1636 Seru.
465 1599 511 1636 ad
540 1602 629 1636 Aen.
659 1603 721 1646 12,
750 1600 843 1635 139:
886 1600 1007 1635 Varro
1042 1610 1163 1635 rerum
1195 1598 1403 1637 diuinarum
1429 1607 1560 1651 quarto

111 1660 247 1698 decimo
272 1663 345 1698 ait:
370 1665 575 1701 Iuturna
602 1662 722 1698 inter
746 1661 978 1710 proprios
1004 1658 1109 1696 deos
1134 1660 1450 1711 nymphasque
1473 1676 1560 1714 po-

113 1724 268 1760 nitur.

215 1786 276 1821 16.
328 1784 386 1821 De
412 1785 508 1821 Acca
533 1783 705 1820 Larentia
739 1782 938 1819 secundum
966 1781 1171 1820 Varronem
1207 1781 1370 1821 referunt
1401 1785 1560 1824 Ten-tull.

112 1844 160 1883 ad
187 1852 262 1883 nat.
286 1850 324 1893 2,
341 1848 403 1892 10,
430 1847 580 1895 August.
608 1857 642 1882 c.
663 1844 700 1881 d.
727 1846 766 1892 6,
780 1845 821 1891 7,
846 1844 932 1895 ipsis
959 1845 1034 1881 eius
1062 1844 1197 1892 uerbis,
1223 1851 1263 1881 ut
1287 1844 1374 1882 mihi
1400 1845 1559 1896 uidetur,

110 1907 316 1945 Macrobius
340 1913 407 1944 sat.
439 1910 477 1954 1,
505 1910 566 1944 10.

215 1970 275 2006 17.
327 1969 426 2007 Gell.
458 1973 493 2016 1,
522 1970 590 2006 18:
617 1970 663 2005 In
690 1971 821 2016 quarto
846 1965 978 2006 decimo
1003 1979 1123 2005 rerum
1148 1966 1355 2005 diuinarum
1383 1967 1474 2006 libro
1498 1971 1560 2007 M.

115 2032 238 2069 Varro
265 2052 315 2060 —
347 2030 451 2078 (uide
477 2031 523 2067 sis
549 2030 628 2079 ipse
655 2029 853 2077 longiorem
881 2030 998 2066 locum
1032 2036 1069 2066 et
1105 2029 1257 2065 alterum
1283 2029 1432 2067 similem
1459 2030 1558 2080 apud

111 2092 272 2129 Gellium
297 2094 336 2139 3,
366 2093 412 2127 16
440 2097 477 2127 et
501 2091 645 2127 tertium
676 2092 737 2136 15,
764 2093 845 2137 30.)
888 2091 960 2128 Sed
996 2093 1033 2128 in
1067 2092 1261 2140 posteriore
1291 2091 1446 2129 eiusdem
1479 2091 1558 2129 libri

110 2157 218 2202 parte
240 2152 326 2190 dicit
349 2153 469 2198 furem
493 2163 540 2189 ex
562 2163 603 2189 eo
627 2151 773 2196 dictum,
800 2152 894 2201 quod
917 2157 1053 2191 ueteres
1078 2153 1240 2190 Romani
1263 2152 1414 2199 furuum
1436 2157 1556 2190 aarum

111 2215 377 2264 αρῃοῑῑαπωὶηί
401 2219 435 2251 et
462 2214 564 2261 fures
588 2225 652 2264 per
675 2217 833 2258 noctem,
869 2226 960 2263 quae
992 2218 1079 2252 alra
1103 2215 1173 2259 sit,
1204 2213 1353 2261 facilius
1376 2214 1555 2284 furentur.

111 2277 193 2313 Hoc
218 2275 312 2313 idem
339 2283 394 2313 est
420 2274 517 2325 apud
544 2274 705 2311 Nonium
733 2287 771 2325 p.
792 2276 856 2323 50,
877 2277 936 2313 15.

212 2340 273 2374 18.
318 2337 415 2374 Non.
432 2349 468 2387 p.
483 2338 572 2383 480,
595 2340 635 2373 1:
668 2339 786 2373 Varro
807 2339 1066 2386 antiquitatum
1086 2349 1207 2374 renum
1231 2335 1435 2374 diuinarum
1462 2336 1554 2374 libro

111 2401 261 2438 XIIII:
292 2400 391 2436 Viri
417 2399 591 2448 nuptiis
615 2397 1015 2445 sacrificabtzntur
1040 2401 1086 2437 in
1113 2398 1318 2436 cubiculo
1343 2397 1518 2435 uiduae.

215 2461 416 2498 Varronem
449 2471 471 2496 a
506 2458 627 2496 nescio
661 2472 734 2510 quo
770 2460 919 2510 antiquo
951 2461 1096 2498 memini
1128 2459 1254 2509 ubique
1276 2464 1558 2509 caepuynatorem

115 2522 299 2572 religionis
324 2519 514 2571 appellari.
558 2519 669 2564 Quod
697 2533 777 2558 cum
805 2533 878 2558 non
903 2534 978 2558 uno
1003 2521 1118 2572 accipi
1143 2521 1254 2571 possit
1276 2519 1399 2568 modo,
1424 2532 1558 2557 cauen-

112 2584 200 2621 dum
227 2590 280 2620 est
306 2582 352 2619 de
378 2581 682 2630 interpretatione
709 2582 882 2619 Varronis
916 2584 1059 2633 ingenio
1086 2589 1123 2620 et
1147 2588 1242 2619 statu
1269 2582 1426 2631 indigna.
1480 2582 1557 2619 Re-

113 2645 200 2696 ligio
226 2643 462 2694 contemptim
489 2654 510 2679 u
535 2642 677 2680 leuibus
703 2641 872 2693 ingeniis,
906 2645 1140 2683 inclementer
1174 2642 1298 2680 haberi
1331 2644 1424 2681 solet
1448 2644 1557 2682 etiam
