1685 2954
632 104 689 132 DE
718 103 963 133 Avavas
1433 106 1522 138 CXV

77 218 117 242 u.
133 204 231 253 52⁷,
257 210 378 242 actum
402 202 490 240 dicit
514 208 640 252 poeta,
668 213 709 240 re
735 213 824 239 uera
849 202 927 239 eius
952 208 1072 240 aetate
1097 202 1175 241 fieri
1200 205 1448 251 consueuerit,
1472 216 1522 244 an

77 266 114 304 id
141 279 185 303 ex
210 267 376 304 Varrone
399 264 664 314 desumpserit,
701 264 764 314 qui
804 263 852 301 de
887 264 995 302 rebus
1028 265 1152 315 priscis
1182 276 1366 316 peraeque
1398 278 1442 304 ac
1474 266 1523 306 de

75 329 293 379 quotidianis
324 328 465 364 locutus
498 325 670 374 uidetur,
710 326 854 363 nescio:
897 325 968 362 dea
1004 326 1152 363 Fornax
1187 339 1388 378 nusquam,
1422 329 1522 380 quod

77 391 210 439 sciam,
242 390 307 427 nisi
333 401 355 426 a
379 388 572 425 Lactantio
600 385 798 424 secundum
825 385 999 424 Ouidium
1027 389 1254 437 nominatur,
1288 390 1524 440 quamobrem

77 454 278 502 cogitabam
305 463 391 487 num
417 450 525 487 Stata
550 449 670 486 Mater
697 454 806 495 esset,
832 448 880 486 de
905 461 978 499 qua
1005 449 1136 486 Festus
1161 462 1198 500 p.
1217 452 1304 497 317,
1331 455 1355 487 2
1380 451 1448 489 siu.
1472 468 1525 481 --

73 513 133 551 De
158 514 291 556 lictore,
318 511 476 548 flaminio
501 511 579 548 sine
604 510 729 558 dubio,
756 515 795 558 2,
813 514 862 547 23
883 518 1165 549 commemorato
1187 511 1351 549 conferes
1370 512 1524 551 Paulum

74 575 177 612 Diae.
197 587 235 623 p.
251 576 372 621 82‚8;
401 576 464 620 93,
481 574 518 609 9.
561 572 620 608 De
645 584 779 621 genere
804 573 896 610 sacri
923 572 1008 610 alibi
1033 573 1183 613 dicetur.
1201 594 1252 603 -—
1276 573 1316 620 4,
1330 574 1406 610 910
1431 574 1525 619 Qui·

71 635 194 672 rinalis
218 635 350 672 flamen
378 634 558 671 sacrificat
583 634 753 684 Robigo,
781 634 1002 671 Sabinorum
1035 642 1125 685 puto
1160 635 1251 681 deo,
1285 641 1327 671 ut
1358 635 1524 686 plerique

71 696 126 734 dii
151 699 238 734 certi
264 697 438 734 Varronis
464 702 572 733 sunt:
609 708 722 746 quare
748 696 971 733 Nomentum
1007 709 1079 733 non
1115 698 1192 733 sine
1226 707 1336 733 causa
1368 695 1525 736 sortasse

70 767 376 796 commemoratur
403 772 440 796 u.
459 758 547 798 905.
600 758 862 802 Quaerendum
888 770 967 795 esse
991 766 1105 809 puto,
1134 759 1233 795 cuius
1258 759 1413 808 regionis
1438 758 1525 797 fue·-

73 821 120 857 rit
145 833 232 871 ager
258 822 401 869 Tun-ax,
429 820 634 868 Semurius,
661 820 835 866 Lutirius,
863 820 1022 856 Solinius
1048 832 1069 857 a
1095 819 1268 857 Larentia
1294 820 1433 870 populo
1461 832 1524 858 re-

0 924 1 929 1
72 882 178 919 lictus
213 889 307 920 teste
334 883 475 920 Catone
512 881 611 932 apud
646 882 760 919 Macr.
790 884 910 929 1,10‚
937 894 975 931 p.
992 885 1089 929 230,
1128 894 1210 917 cum
1244 889 1441 931 propterea
1476 884 1526 920 ab

0 956 1 971 ³
74 945 204 982 eodem
232 945 377 982 fiamine
407 944 585 988 Quirinali
619 943 812 980 sacrificari
839 944 1088 990 cousueuerit,
1126 943 1199 979 uid.
1227 943 1324 980 Gell.
1350 944 1388 991 6,
1411 946 1449 982 7.
1473 963 1527 972 —

0 996 1 1028 ἶ
73 1007 132 1044 De
158 1007 364 1043 Vestalibus
391 1014 428 1043 et
453 1006 558 1043 Saliis
585 1012 737 1054 propter
762 1007 800 1052 3,
826 1008 887 1052 ll,
910 1007 984 1041 387
1009 1004 1096 1041 nihil
1122 1007 1251 1041 attinet
1278 1005 1375 1043 Gell.
1405 1010 1440 1051 1,
1456 1010 1525 1055 123

71 1071 109 1114 6,
130 1071 168 1116 7,
205 1069 356 1117 Dionys.
383 1071 420 1115 2,
440 1068 619 1113 67-69,
647 1067 706 1102 uel
731 1066 885 1115 Foggiu.
914 1079 951 1116 p.
973 1069 1023 1102 20
1041 1079 1111 1115 sq.,
1139 1068 1188 1102 30
1205 1079 1277 1116 sq.,
1304 1067 1400 1116 Lyd.
1425 1069 1466 1115 4,
1486 1072 1524 1114 2,

73 1131 132 1167 uel
152 1130 328 1179 Hartungi
355 1136 392 1165 et
413 1127 633 1164 Ambroschii
660 1128 770 1163 libros
797 1125 968 1177 allegare.
1021 1128 1143 1164 Vnum
1170 1135 1297 1176 restat,
1325 1141 1398 1178 quo
1425 1141 1524 1166 com-

70 1190 180 1228 mode
220 1191 315 1227 hanc
349 1190 622 1227 annotationem
660 1189 839 1226 claudam.
901 1189 1055 1225 Seruius
1088 1188 1135 1225 ad
1162 1191 1253 1227 Aen.
1282 1194 1345 1237 11,
1370 1192 1444 1227 339
1473 1192 1525 1227 ita

71 1253 203 1290 habet:
240 1255 343 1289 Nam
367 1252 474 1299 futile
497 1263 570 1288 uas
592 1251 772 1300 quoddam
797 1256 851 1288 est
882 1251 959 1288 lato
986 1263 1066 1294 ore,
1101 1250 1216 1297 fundo
1243 1256 1419 1300 angusto,
1456 1263 1525 1301 quo

70 1314 266 1352 utebantur
295 1317 335 1352 in
371 1315 489 1351 sacris
518 1315 669 1358 Vestae,
709 1316 795 1362 quia
830 1326 931 1363 aqua
956 1312 1005 1350 ad
1030 1325 1142 1350 sacra
1171 1316 1303 1350 Vestae
1326 1313 1464 1350 hausta
1487 1315 1525 1351 in

71 1381 172 1415 terra
196 1389 268 1414 non
293 1378 457 1426 ponitur3
484 1374 578 1424 quod
602 1377 635 1412 si
661 1374 730 1423 fiat
756 1375 940 1425 piaculum
966 1379 1032 1412 est.
1080 1374 1182 1412 Vnde
1205 1377 1450 1425 exeoyitatum
1472 1380 1526 1413 est

71 1449 164 1486 uas,
198 1437 292 1487 quod
316 1443 417 1475 stare
440 1449 512 1474 non
537 1443 680 1486 posset,
713 1438 776 1475 sed
800 1440 958 1488 positum
983 1438 1111 1474 statim
1136 1436 1390 1485 effimderetur.
1443 1437 1522 1475 Csr.

69 1499 177 1537 Paul.
205 1512 243 1550 p.
265 1501 330 1548 89,
357 1501 382 1536 4
408 1507 444 1537 et
470 1499 601 1536 Leont.
628 1512 667 1549 p.
693 1501 766 1536 169
792 1500 880 1539 Mai.
933 1500 1027 1535 Hinc
1061 1499 1185 1535 licebit
1221 1497 1366 1545 fictilem
1392 1511 1525 1537 urnam

71 1561 171 1612 apud
198 1560 271 1599 Ou.
298 1575 337 1598 u.
359 1565 405 1598 13
443 1574 516 1598 non
553 1563 755 1598 necessaria
790 1562 855 1598 sed
891 1574 964 1598 non
998 1560 1092 1597 futili
1127 1561 1333 1599 coniectura
1367 1568 1524 1599 tentare.

71 1623 270 1661 Adeundus
296 1630 353 1662 est
377 1625 485 1662 etiam
511 1622 646 1660 Paulus
674 1636 712 1673 p.
729 1625 791 1671 16,
807 1625 845 1660 6.

592 1774 743 1810 LIBER
767 1774 1007 1810 TERTIVS.

174 1863 193 1882 *
219 1864 366 1911 Fragm.
396 1865 431 1898 1.
483 1861 624 1899 Nonius
657 1862 772 1899 Marc.
800 1875 838 1912 p.
866 1862 959 1899 334:
1009 1864 1130 1899 Varro
1164 1861 1373 1899 diuinarum
1405 1874 1526 1900 renim

73 1925 136 1964 lib.
157 1928 200 1963 3:
235 1925 407 1963 Lucius
433 1925 595 1974 Scipio
621 1937 712 1962 cum
739 1936 896 1962 aarum
921 1923 1099 1970 factum
1124 1923 1308 1960 haberet
1334 1925 1380 1960 in
1407 1926 1526 1962 cista

72 1989 298 2031 uiminea,
331 1985 533 2033 fulmine
558 1988 630 2023 ita
655 1991 722 2023 est
747 1987 888 2034 ictus,
923 1990 974 2022 ut
1000 1987 1118 2022 cista
1154 1990 1280 2023 esset
1311 1987 1525 2036 integra,

73 2061 241 2088 aarum
274 2047 591 2097 colliquisset.

175 2115 211 2147 2.
257 2109 367 2146 Seru.
395 2110 442 2146 ad
468 2110 559 2146 Aen.
589 2113 626 2154 1,
642 2111 714 2145 42:
754 2103 826 2146 {sed
852 2121 932 2146 euin
961 2112 1080 2147 Varro
1107 2108 1316 2147 diuinarum
1337 2110 1360 2148 5
1383 2109 1467 2159 [leg.
1483 2108 1522 2158 3]

72 2177 230 2224 quatuor
255 2171 326 2208 diis
352 2170 511 2216 fulmina
538 2172 699 2219 assignet
723 2192 791 2209 —.

126 2234 131 2241 '
175 2236 211 2269 3.
264 2231 371 2269 Seru.
399 2230 445 2267 ad
472 2233 562 2268 Aen.
591 2235 626 2277 3,
653 2233 745 2269 359:
788 2235 907 2271 Varro
935 2237 1055 2270 autem
1083 2236 1238 2281 quatuor
1268 2244 1400 2281 genera
1426 2232 1524 2271 diui-

73 2295 263 2332 nationum
289 2292 387 2341 dicit,
414 2297 561 2337 terram,
588 2297 718 2338 aerem,
746 2306 892 2343 aquam,
919 2297 1056 2343 ignem:
1090 2296 1299 2343 geomantis,
1327 2299 1523 2333 ae'roman-

74 2358 134 2401 tis,
159 2356 399 2406 pyromantis,
425 2353 691 2401 hydromantts.
743 2356 822 2393 Cfr.
849 2357 1024 2394 Leontius
1051 2369 1088 2406 p.
1108 2358 1184 2392 257
1203 2369 1258 2405 sq.

30 2458 33 2462 ,
175 2415 194 2454 2
212 2416 282 2453 *4.
325 2416 490 2452 Macrob.
517 2422 585 2452 sat.
615 2419 652 2464 l,
672 2418 732 2464 16,
760 2430 796 2466 p.
814 2419 908 2455 266:
935 2439 986 2445 —-
1010 2421 1104 2455 sicut
1133 2420 1252 2454 Varro
1277 2418 1317 2453 in
1343 2429 1524 2466 anyurum

76 2476 178 2516 libris
204 2478 308 2525 [ebro
318 2475 352 2522 ἓ]
379 2476 502 2515 scribit
528 2479 566 2514 in
596 2477 681 2527 [leg.
710 2480 825 2516 inesse
850 2480 916 2517 cfr.
941 2480 1040 2517 Gell.
1064 2482 1124 2526 13,
1147 2480 1209 2526 14,
1233 2479 1342 2516 Seru.
1364 2478 1410 2514 ad
1432 2480 1522 2516 Aen.

78 2539 118 2586 3,
134 2539 226 2587 5373
252 2543 288 2584 8,
306 2539 368 2587 95,
396 2539 499 2584 alios]
527 2539 614 2576 haec
632 2539 762 2576 uerba:
792 2542 902 2579 Viros
925 2554 1057 2579 uocare
1081 2541 1185 2588 feriis
1209 2552 1282 2578 non
1307 2543 1465 2590 opor-tels
1489 2540 1526 2577 si.

77 2602 218 2637 uocant
240 2601 425 2650 pinsatum
451 2606 557 2639 esto.-

179 2661 215 2698 5.
260 2663 359 2700 Fest.
386 2675 424 2714 p.
438 2663 653 2712 290‚5sin:
677 2675 765 2701 nam
791 2663 971 2709 [consules
996 2666 1034 2702 in
1061 2666 1214 2703 conuiciis
1238 2664 1349 2711 meno]
1376 2664 1415 2702 in
1437 2672 1523 2711 per-

1123 2727 1158 2761 H
1184 2729 1208 2762 2
