1685 2954
119 121 287 155 cxxxlv
622 121 678 174 Dii
707 121 891 152 Assnmvs
921 122 1063 152 saenis

121 219 270 260 difficile
293 225 348 260 est
375 218 494 257 dictu:
528 219 675 270 egregie
707 227 829 259 tamen
856 221 902 259 ad
930 234 1010 260 eam
1035 222 1252 261 locutionem
1280 221 1434 272 quadrat
1457 222 1565 260 Bun-

121 283 211 322 senii
238 284 467 329 coniectura,
498 281 562 332 qui
595 283 704 320 imum
740 283 859 321 locum
893 285 929 322 in
962 284 1086 321 mediis
1111 284 1190 322 sere
1216 283 1386 334 gradibus
1410 291 1565 322 statuam

118 344 270 394 Augusti
298 342 455 380 tenuisse
480 349 604 380 censet
629 347 743 394 p.20.
790 346 831 383 ln
855 346 1002 382 summis
1028 357 1116 395 ergo
1142 346 1313 395 gradihus
1339 346 1386 381 ab
1413 352 1566 396 utroque

119 405 234 444 latere
259 404 357 441 Mars
384 411 422 441 et
446 404 585 453 Venus,
611 412 722 456 prout
749 405 859 443 Ouid.
887 406 980 442 trist.
1007 410 1046 453 2,
1066 408 1154 455 295,
1179 410 1228 444 96
1255 406 1378 454 tradit,
1404 406 1567 454 suerunt,

121 465 253 504 deinde
278 465 313 501 in
339 466 483 516 porticu
507 466 649 504 sinistra
675 479 697 504 e
723 468 872 517 regione
897 466 1050 503 Veneris
1070 468 1208 506 Aeneas
1235 476 1273 506 et
1299 469 1360 518 qui
1386 480 1478 504 uers.
1493 468 1569 504 564

118 526 347 575 indicantur,
382 527 418 565 in
445 528 560 565 altera
586 540 608 565 a
639 528 755 565 latere
779 527 906 564 Martis
931 527 1121 565 Romulus.
1175 530 1286 567 Certe
1311 531 1404 567 enim
1429 529 1574 575 saliua-t

122 593 206 636 tur,
241 589 302 639 qui
329 599 456 625 uersus
483 589 698 637 563—66,
737 589 898 638 inprimis
934 595 1178 640 postremum,
1215 592 1500 642 interpretantur
1523 581 1571 627 de

123 662 238 704 opere
272 651 308 687 iu
343 649 460 686 ualuis
495 651 619 700 templi
650 649 814 696 caelato,
852 662 924 686 non
960 649 1007 687 ed
1041 657 1178 688 statuas
1215 653 1475 702 quinquaginta
1507 663 1572 688 sex

122 710 332 760 triumphali
358 710 484 748 habitu
510 711 546 748 in
574 717 729 759 utroque
755 710 966 759 hemicyclio
993 711 1168 750 referunt.

221 771 452 810 Mercurii
486 771 648 809 aedem
683 771 888 808 dedicatam
922 773 1033 811 tradit
1066 774 1191 810 Liuius
1217 773 1272 811 ld.
1298 773 1385 810 Mai.
1412 773 1497 809 anni
1522 773 1571 810 V.

122 833 168 873 C.
195 833 284 883 259,
310 833 373 871 lib.
391 837 431 881 2,
454 836 503 869 22
530 839 568 869 et
592 834 656 871 27.
707 831 828 870 Locus
856 845 929 870 uon
956 835 1022 870 nisi
1054 834 1090 871 in
1126 835 1251 871 notitia
1277 835 1384 871 Vrbis
1410 846 1486 883 reg.
1506 835 1574 881 ΧΙ,

123 894 189 935 sed
214 896 332 933 minus
357 894 466 932 etiam
497 892 667 942 definite,
704 906 814 945 quam
850 895 949 946 apud
977 894 1174 943 Ouidium,
1209 894 1398 932 indicatur.
1449 895 1577 945 ltaque

124 957 366 1007 gratissimum
391 962 447 993 est
466 954 660 992 Francesci
684 956 860 1006 Angeloni
886 957 1129 994 testimonium
1155 956 1203 993 de
1225 955 1389 993 aedicula
1407 955 1576 992 Mercurii

124 1022 222 1063 „tra
256 1017 284 1055 n
317 1016 461 1056 Gerchio
486 1018 671 1054 Masszmo
705 1018 750 1057 οἳ
775 1021 904 1059 Monte
928 1018 1142 1056 Auentino”
1168 1016 1323 1066 effossa,
1360 1016 1459 1067 quod
1494 1016 1578 1055 uide

125 1078 226 1132 apud
252 1078 406 1115 Nardin.
435 1081 474 1126 3,
501 1090 538 1128 p.
552 1078 642 1116 245.

228 1139 401 1180 Aedem
427 1140 628 1178 lunonis
654 1140 882 1179 Monetae
908 1140 1111 1178 dedicatam
1139 1138 1226 1176 Kal.
1252 1139 1332 1176 lun.
1359 1139 1515 1177 Ouidius
1540 1146 1579 1178 et

126 1200 291 1240 Macrob.
317 1208 386 1240 sat.
416 1205 451 1246 1,
476 1205 538 1248 12,
568 1213 604 1251 p.
621 1203 711 1249 248,
752 1213 849 1239 anno
875 1203 923 1243 V.
952 1203 997 1240 C.
1024 1205 1101 1240 410
1126 1202 1251 1239 Liuius
1279 1203 1315 1246 7,
1337 1204 1388 1238 28
1414 1201 1575 1239 tradunt.

128 1264 324 1301 Auctorem
350 1262 398 1301 L.
420 1262 571 1299 Furium
593 1263 786 1300 Camillum
811 1270 921 1314 poeta
947 1269 984 1301 et
1009 1263 1150 1312 Liuius,
1178 1270 1286 1300 uotae
1312 1264 1410 1300 aedis
1437 1270 1579 1314 tempus

128 1323 394 1363 dimicationem
429 1331 557 1361 contra
582 1324 772 1362 Auruncos
809 1331 998 1375 nuncupat
1031 1325 1169 1362 Liuius.
1229 1325 1412 1362 Restituta
1447 1324 1580 1362 deinde

129 1384 276 1422 uidetur
302 1397 398 1423 auno
425 1386 470 1425 V.
497 1386 542 1423 C.
570 1385 659 1434 681,
688 1386 760 1425 uid.
788 1386 871 1425 Liu.
898 1390 963 1435 42,
990 1389 1026 1424 7.
1080 1388 1225 1424 Inerant
1250 1386 1330 1423 libri
1357 1385 1471 1433 lintei,
1493 1385 1578 1423 Liu.

131 1447 172 1494 4,
197 1448 238 1496 7,
264 1449 328 1484 20.
380 1446 505 1485 Posita
529 1447 597 1484 suit
625 1447 663 1484 in
691 1459 775 1484 arce
803 1449 839 1485 in
874 1460 960 1485 area
986 1447 1114 1485 domus
1143 1448 1196 1485 M.
1222 1446 1345 1483 Manlii
1372 1447 1579 1496 Capitolini,

131 1507 275 1545 dirutae
300 1520 397 1545 anno
423 1508 470 1546 V.
498 1508 542 1544 C.
569 1509 665 1546 371:
705 1509 787 1546 uide
812 1509 893 1547 Liu.
920 1511 958 1556 6,
985 1513 1035 1546 20
1067 1516 1104 1547 et
1128 1508 1320 1547 Niebuhrii
1356 1508 1581 1557 praeclaram

132 1566 414 1618 disputationem
441 1568 523 1605 hist.
543 1569 614 1611 RO-
641 1573 681 1618 2,
701 1572 776 1608 680
793 1584 848 1622 sq.
901 1571 1009 1617 Quae
1034 1570 1187 1608 Ouidius
1212 1570 1259 1608 de
1284 1582 1329 1607 eo
1354 1569 1490 1607 Manlio
1516 1570 1582 1607 ha-

134 1629 210 1678 bet,
235 1630 346 1668 credo
372 1631 566 1682 desumpta
591 1644 670 1669 esse
696 1645 741 1670 ex
770 1633 842 1669 hoc
861 1640 963 1670 sexto
985 1633 1158 1670 Varronis
1185 1632 1290 1680 libro,
1317 1643 1425 1680 quem
1451 1631 1582 1669 eodem

134 1690 245 1730 modo
272 1691 319 1730 de
343 1692 425 1730 loco
451 1693 577 1743 templi
609 1693 817 1731 disseruisse
849 1694 1062 1731 coniecerim
1089 1700 1239 1745 propter
1272 1693 1478 1742 fragmenta
1508 1691 1583 1730 duo

135 1763 249 1802 supra
273 1759 374 1791 sexto
399 1754 480 1791 loco
506 1756 704 1808 proposita.
754 1755 789 1794 Is
814 1756 902 1792 situs
936 1755 1135 1791 accuratius
1162 1753 1332 1790 definitur
1357 1766 1463 1791 uersu
1491 1752 1584 1791 Oui-

137 1812 186 1850 dii
214 1817 251 1862 1,
269 1815 359 1863 638,
387 1815 448 1851 ubi
469 1815 698 1854 Concordiae
723 1818 897 1866 templum
924 1829 1041 1866 prope
1067 1815 1200 1865 gradus
1226 1815 1399 1852 Monetae
1424 1828 1503 1853 esse
1528 1816 1584 1854 di-

138 1875 252 1920 citur,
289 1874 337 1914 de
370 1876 500 1926 quibus
526 1875 695 1925 gradibus
722 1889 795 1913 non
831 1884 886 1915 est
920 1878 1025 1914 facile
1051 1878 1259 1927 disputare,
1289 1878 1319 1914 si
1344 1877 1484 1914 Romae
1511 1891 1584 1915 non

137 1935 270 1985 fueris,
296 1936 359 1975 sed
389 1937 635 1977 difficillimum
663 1938 721 1975 uel
746 1939 943 1986 Romanis,
971 1939 1071 1976 uelut
1097 1939 1258 1976 Cauinae
1283 1951 1321 1988 p.
1337 1938 1406 1983 55,
1433 1940 1494 1988 qui
1521 1951 1585 1978 ue·

139 2002 253 2035 terem
289 2005 436 2036 tuentur
469 1999 699 2051 opinionem,
737 2000 866 2039 Arcem
893 2000 1063 2050 Capitolii
1095 2000 1207 2037 fuisse
1233 2011 1358 2039 uersus
1384 2000 1585 2049 meridiem,

142 2060 319 2109 templum
354 2060 449 2096 Iouis
485 2072 574 2097 uero
609 2062 672 2097 ubi
703 2061 810 2098 hodie
843 2061 1002 2101 Aracelz.
1064 2062 1297 2100 Contrarium
1336 2062 1430 2106 enim
1464 2062 1586 2099 docuit

140 2119 361 2158 Niebuhrius
390 2121 472 2158 hist.
492 2122 564 2160 Ro.
588 2126 624 2170 l,
641 2122 716 2159 558
742 2136 823 2161 cum
850 2122 950 2171 aliis,
984 2122 1060 2161 uid.
1086 2125 1207 2160 annal.
1236 2124 1317 2161 inst.
1332 2125 1370 2171 6,
1392 2136 1429 2173 p.
1443 2126 1508 2171 20,
1522 2127 1584 2164 21.

150 2183 298 2223 Centum
315 2184 454 2233 gradus
478 2183 577 2234 apud
597 2185 690 2224 Tac.
709 2184 790 2222 hist.
809 2186 925 2233 3,71.
953 2183 1024 2220 huc
1049 2196 1121 2221 nou
1144 2184 1326 2234 pertinere
1351 2192 1488 2222 certum
1515 2193 1583 2223 est.

143 2243 238 2282 Vide
263 2244 310 2282 de
336 2245 404 2283 hac
429 2258 470 2282 re
496 2244 610 2287 Buns.
641 2246 758 2286 deser.
781 2250 821 2295 3,
840 2250 877 2295 1,
900 2259 939 2296 p.
953 2248 1000 2283 17
1026 2252 1064 2284 et
1088 2245 1136 2282 de
1161 2244 1251 2282 aede
1275 2244 1446 2284 Monetae
1469 2258 1508 2296 p.
1521 2248 1584 2285 38.

246 2307 398 2345 Aedes
423 2307 596 2345 Martis
630 2314 742 2345 ante
775 2314 961 2358 portam
987 2307 1220 2358 Capenam
1253 2307 1382 2346 eodem
1407 2307 1487 2354 die,
1521 2307 1586 2345 sed

145 2377 242 2403 anno
267 2369 314 2404 V.
338 2369 382 2406 C.
406 2371 479 2408 367
505 2376 598 2408 teste
622 2369 726 2410 Liuio
752 2371 791 2417 6,
813 2369 836 2406 5
863 2368 1030 2408 dedicata
1053 2376 1120 2406 est.
1171 2368 1328 2406 Posthac
1353 2380 1375 2406 a
1401 2368 1504 2405 Sulla
1529 2380 1588 2406 re·

145 2427 279 2465 sectam
306 2442 378 2479 quo
410 2438 501 2468 teste
527 2431 704 2483 Neapolis
738 2430 948 2479 tradiderit,
984 2443 1043 2468 me
1076 2431 1181 2481 sugit.
1234 2430 1354 2470 Locus
1380 2430 1440 2466 ubi
1464 2429 1588 2477 suerit,

147 2502 221 2527 nou
248 2496 303 2530 est
329 2492 486 2541 ignotus,
512 2494 541 2530 si
566 2493 675 2532 fidem
701 2499 861 2532 meretur
885 2493 1069 2542 inscriptio
1095 2492 1193 2543 apud
1219 2492 1417 2530 Gruterum
1443 2505 1481 2542 p.
1499 2493 1587 2539 152,

148 2553 188 2600 7,
214 2560 361 2602 reperta
377 2552 541 2591 Nardiuo
567 2561 659 2591 teste
678 2558 716 2602 1,
735 2567 772 2604 p.
790 2556 863 2592 144
889 2566 933 2592 eo
959 2556 996 2592 in
1022 2554 1115 2603 ioco,
1141 2555 1201 2591 ubi
1221 2553 1390 2591 Sachsius
1409 2557 1442 2599 l,
1461 2565 1499 2602 p.
1514 2554 1588 2590 386

149 2614 336 2653 miliarium
362 2627 513 2654 numero
539 2616 555 2653 1
587 2617 794 2666 insignitum
827 2616 998 2655 effossum
1029 2628 1107 2654 esse
1139 2615 1309 2652 affirmat.
1361 2615 1430 2652 lste
1465 2614 1588 2652 titulus

149 2675 305 2713 melioris
338 2676 420 2716 aeui
453 2677 685 2728 scriptionem
718 2690 807 2717 sane
839 2691 929 2729 prae
954 2690 994 2717 se
1026 2677 1148 2718 ferens
1173 2677 1259 2716 dicit
1293 2676 1423 2715 clinem
1447 2676 1589 2715 Martis
1635 2672 1639 2676 ’

1678 2609 1685 2954 -τΑἮ-Αη-ι-πτς
1678 2549 1683 2597 ἡ...
1677 2498 1682 2538 ‚ae-
1679 2428 1682 2485 q-
1678 2385 1682 2413 -ν
1684 2343 1685 2357 μ
