1685 2954
598 103 698 135 Lm.
730 99 978 139 ovant-vs
1436 91 1519 135 209

131 207 312 249 Dixerat.
349 219 376 248 a
403 206 548 248 dextra
574 205 681 248 uillis
709 206 886 247 mantele
914 205 1059 247 solutis

188 265 375 329 Cumque
401 273 499 315 meri
526 279 670 326 patera
697 274 828 315 thuris
857 285 997 314 acerra
1025 274 1111 313 fuit.

132 344 268 384 Thura
295 343 400 383 focis
427 339 646 394 uinumque
675 340 788 382 dedit
814 340 1020 394 fibrasque
1047 340 1224 381 bidentis
1435 345 1514 382 935

187 409 417 463 Turpiaque
445 407 693 462 obscaenae,
720 407 907 460 uidimus,
939 414 1038 449 exta
1068 409 1194 448 canis.

131 479 233 519 'l'um
262 476 369 529 mihi,
398 488 469 518 cur
495 475 614 516 detur
641 475 772 517 sacris
801 488 909 516 noua
939 475 1116 529 uictima,
1145 473 1338 529 quaeris?

182 543 459 595 Quaesieram.
495 555 666 585 eausam
693 540 872 596 percipe,
902 543 1050 583 flamen
1075 543 1144 585 ait.

127 611 207 652 Est
234 609 361 663 canis,
390 609 563 652 Icarium
591 611 745 664 dicunt,
774 623 854 664 quo
884 611 1019 652 sidere
1047 617 1157 651 moto

182 678 313 718 'fosta
340 676 428 719 sitit
455 680 590 732 tellus,
620 677 947 732 praecipiturque
976 691 1118 732 seges.
1432 679 1513 718 940

125 745 205 786 Pro
234 758 338 786 cane
365 745 525 787 sidereo
554 748 670 788 canis
696 747 764 787 hie
793 747 1008 799 imponitur
1033 759 1140 798 arae,

179 814 236 854 Et
263 827 387 867 quare
415 820 569 867 pereat,
597 815 652 855 nil
678 814 757 856 nisi
784 826 932 855 nomen
960 814 1098 856 habet.

125 946 230 988 Cum
257 946 437 1001 Phrygis
466 945 663 988 Assaraci
692 947 881 988 Tithonia
911 948 1034 988 fratre
1063 948 1204 988 relicto

180 1015 355 1056 Sustulit
380 1015 576 1055 immenso
605 1021 668 1055 ter
695 1015 809 1056 iubar
838 1015 934 1055 orbe
963 1027 1094 1066 suum,

124 1080 238 1122 Mille
266 1083 379 1122 uenit
406 1082 528 1122 uariis
557 1082 697 1122 florum
727 1082 805 1123 dea
833 1096 942 1123 nexa
971 1081 1144 1133 coroniS,
1427 1081 1509 1121 945

179 1149 318 1190 Scena
346 1150 425 1190 ioci
453 1162 606 1190 morem
634 1150 831 1191 liberioris
858 1151 996 1190 habet.

121 1218 222 1258 Exit
249 1222 292 1257 et
318 1216 359 1256 in
388 1215 525 1257 Maias
553 1229 715 1259 sacrum
741 1218 902 1258 Florale
931 1216 1140 1257 kalendas.

116 1329 204 1365 933.
231 1328 314 1364 Dix.
342 1340 386 1364 ac
411 1327 552 1375 dextra,
580 1328 614 1363 in
641 1327 782 1376 dextra,
810 1328 855 1365 ad
877 1328 1040 1364 dextram
1062 1326 1163 1364 codd.
1182 1327 1298 1363 Prisc.
1326 1326 1350 1362 l.
1367 1327 1405 1373 6,
1434 1331 1459 1363 t.
1475 1330 1509 1371 1,

65 1382 190 1430 p.225
218 1378 345 1415 Krehl.
396 1378 477 1414 Dix.
506 1378 553 1414 ad
579 1378 706 1415 dextra
733 1391 764 1416 r.
820 1379 903 1415 Dix.
934 1385 972 1414 at
1005 1379 1166 1414 dextram
1194 1377 1271 1413 uili.
1299 1376 1510 1427 „prosodia

65 1435 161 1467 msta
176 1429 400 1466 Leidensis.”
437 1429 519 1465 Dix.
549 1435 586 1465 at
610 1429 738 1465 dextra
764 1429 783 1466 b
800 1432 847 1465 33
870 1429 939 1466 duo
965 1431 1107 1473 Heius,
1134 1440 1229 1463 ‘arnus
1244 1429 1359 1464 Prisc.
1380 1427 1508 1464 Krehl.

64 1480 149 1517 Dix.
177 1492 197 1516 e
223 1480 351 1516 dextra
376 1478 438 1516 A.
482 1479 561 1515 uilis
584 1476 633 1516 Γ.
682 1481 756 1524 δῖε,
782 1480 954 1524 mantele,
979 1480 1058 1515 AB
1072 1482 1119 1514 33
1146 1482 1312 1526 quatuor.
1363 1478 1510 1514 mantile

66 1532 212 1569 caeteri.
312 1532 399 1567 934.
428 1531 518 1566 meri
539 1530 673 1579 pateris
693 1529 725 1566 b.
767 1531 855 1567 turis
873 1529 971 1567 Ebr.
1013 1528 1108 1565 thur.
1136 1534 1259 1576 agerta
1276 1526 1339 1565 A.
1378 1539 1511 1564 acerna
1563 1560 1567 1562 .

66 1581 98 1628 f.
147 1592 270 1616 acerra
297 1581 369 1616 ruit
393 1578 725 1617 ABAMPTr
736 1584 782 1616 33
811 1585 901 1618 octo.
1013 1581 1099 1616 935.
1134 1580 1238 1615 Tura
1265 1578 1367 1615 Ebr.
1417 1578 1509 1614 focis

66 1637 105 1668 et
131 1630 213 1666 uina
239 1629 322 1666 ded.
352 1633 396 1667 Τ.
438 1630 608 1680 fibrisque
633 1634 677 1667 P.
724 1632 887 1668 bidentes
914 1631 933 1667 b
960 1630 1041 1668 duo.
1157 1631 1243 1665 936.
1282 1642 1353 1677 que
1380 1640 1450 1665 om.
1477 1627 1509 1674 f.

66 1681 211 1718 obscen.
247 1680 341 1717 libri.
454 1683 540 1716 937.
577 1682 686 1717 Tunc
712 1679 955 1728 EOEATfs
981 1686 1071 1719 octo.
1124 1681 1185 1715 Tu
1221 1680 1328 1716 modo
1365 1691 1430 1715 cur
1460 1679 1507 1715 Ο.

66 1733 129 1768 Tu
155 1730 239 1766 mihi
256 1728 300 1765 N
306 1728 342 1765 Σ
349 1729 369 1766 b
385 1729 512 1766 decem.
550 1731 657 1766 michi
677 1728 725 1767 Γ.
766 1732 854 1768 mihi
881 1733 1044 1767 turbetur
1074 1731 1182 1766 sacris
1196 1728 1258 1766 A.
1298 1740 1450 1778 quaeres
1475 1740 1507 1764 r.

115 1783 202 1818 938.
231 1781 345 1824 Quesi
368 1787 439 1816 tam
468 1793 564 1816 caus.
598 1782 644 1817 G.
746 1783 833 1817 939.
861 1793 943 1817 can.
969 1793 1158 1828 yccareum
1188 1781 1234 1816 G.
1278 1779 1426 1815 icarium
1453 1777 1507 1814 di-

65 1839 163 1868 ctum
189 1844 261 1881 quo
292 1834 336 1868 Τ.
439 1833 526 1867 940.
560 1832 659 1867 Tota
684 1832 741 1867 sit.
770 1834 818 1867 33
845 1833 997 1880 quinque
1021 1830 1106 1866 Αἶά.
1132 1832 1255 1879 prim.;
1281 1826 1332 1864 H
1339 1841 1422 1865 aar.
1435 1840 1507 1865 scr.

66 1883 183 1919 'rosta
218 1882 275 1918 siti
309 1881 384 1918 tell.
410 1879 998 1930 ABGDFFHprrma.pr.
1012 1883 1060 1916 43
1087 1892 1163 1917 sex.
1215 1880 1331 1916 Tosta
1362 1879 1419 1915 siti
1452 1883 1507 1915 est

64 1933 141 1970 tell.
172 1934 236 1980 Gy
263 1931 316 1968 ed.
342 1933 418 1968 Vic.
459 1932 576 1968 Tosta
600 1931 668 1967 fuit
694 1933 768 1968 tell.
794 1929 856 1968 Λ.
904 1932 1009 1968 tellus
1036 1943 1104 1968 om.
1133 1930 1163 1977 f.
1211 1929 1506 1979 praeciditurque

63 1986 114 2019 28
126 1986 186 2019 33.
225 1983 514 2032 praeripiturque
541 1985 630 2019 FM
643 1979 842 2019 'PTbmffi
853 1994 920 2018 sec.
929 1983 1238 2030 9271a.sec.pr20
1263 1979 1508 2027 duodeuiginti

63 2033 292 2082 Ald.prim.;
324 2031 685 2070 GNA44uar.svr.
802 2035 889 2068 941.
920 2034 1049 2082 jupon.
1080 2033 1173 2068 DG.
1228 2031 1316 2080 imp.
1345 2042 1412 2066 axe
1453 2026 1505 2065 Ψ.

62 2084 150 2135 imp.
177 2084 246 2120 aris
272 2087 438 2132 (μιαῠιιον.
552 2085 638 2119 942.
678 2082 718 2119 Id
745 2095 858 2131 quare
891 2082 954 2118 fiat
979 2083 1027 2118 nil
1058 2080 1109 2118 Ψ.
1160 2081 1269 2125 Quod
1303 2091 1416 2129 quare
1441 2079 1504 2114 fiat

64 2136 116 2171 nil
144 2137 192 2170 20
218 2133 300 2170 duo.
343 2146 455 2180 quare
482 2133 551 2169 hoc
576 2133 640 2169 fiat
665 2133 714 2169 nil
743 2135 775 2170 0
803 2133 912 2170 alius.
957 2144 1069 2181 quare
1095 2132 1157 2168 fiat
1184 2132 1231 2167 nil
1252 2126 1508 2167 ADEFOEI'

62 2181 496 2232 AMPHAEbey
507 2196 626 2220 mma.
639 2196 800 2232 sec.prs
817 2186 946 2231 uiyinti
962 2183 1031 2220 duo
1047 2188 1080 2219 et
1099 2187 1181 2218 uett.
1194 2181 1247 2217 ed.
1288 2192 1419 2217 nomen
1438 2179 1505 2215 ha-

62 2237 150 2272 bent
175 2235 222 2271 A.
271 2247 401 2271 nomen
427 2234 522 2270 habe
550 2237 593 2270 E.
705 2236 791 2270 943.
827 2235 923 2270 'l‘um
951 2234 1077 2282 phryg.
1105 2233 1231 2280 ABp.
1286 2232 1395 2267 Tune
1420 2229 1503 2279 phr.

63 2283 190 2332 EAf.
242 2286 290 2321 Vt
316 2285 398 2334 pbr.
430 2287 473 2321 Τ.
521 2285 644 2328 Quum
671 2285 798 2334 priami
825 2286 980 2320 coniunx
1006 2284 1084 2319 tith.
1111 2282 1195 2319 Am.
1214 2283 1319 2331 prim.
1369 2280 1504 2331 phrigis

65 2338 160 2374 EG.
200 2336 297 2384 frigis
325 2333 419 2372 ΒΓ.
462 2335 588 2371 titonia
615 2332 869 2372 DEGfflFb.
911 2335 1035 2370 titania
1061 2336 1109 2378 P;
1137 2333 1236 2369 N44
1252 2343 1417 2368 umus-cr.
1434 2330 1442 2334 ”

113 2387 200 2423 944.
227 2385 288 2423 Bis
314 2387 396 2422 tulit
421 2386 518 2422 imm.
546 2385 600 2422 ed.
625 2388 701 2422 Vio.
740 2387 900 2422 inmenso
929 2386 1019 2421 DG.
1061 2385 1270 2419 immensum
1298 2394 1317 2418 s
1335 2385 1502 2431 quatuor.

66 2435 269 2474 immersum
296 2438 348 2474 N.
388 2437 544 2472 inmerso
571 2435 604 2472 b.
645 2448 783 2472 emerso
809 2437 853 2472 P.
894 2443 949 2472 ter
973 2437 1011 2471 in
1030 2446 1106 2470 ras.
1133 2446 1180 2471 m.
1220 2434 1394 2468 immenso
1420 2444 1502 2468 cum

66 2484 168 2522 iubar
196 2490 240 2524 Ε.
287 2487 391 2524 iubar
422 2499 485 2522 ore
512 2498 617 2522 suum
647 2489 781 2523 EFM
805 2488 967 2534 (mireque.
1018 2485 1120 2520 iubar
1147 2495 1209 2520 ore
1234 2495 1299 2519 suo
1324 2480 1364 2518 Γ
1369 2495 1400 2518 s.

115 2536 202 2573 945.
227 2537 294 2574 dea
321 2538 432 2574 mixta
450 2534 496 2573 Σ.
599 2537 687 2572 947.
712 2534 810 2572 Exiit
830 2543 866 2572 et
886 2537 921 2571 in
942 2533 990 2571 Γ.
1034 2534 1132 2570 Dixit
1157 2539 1193 2569 et
1212 2536 1262 2569 M
1266 2547 1277 2578 3
1301 2544 1501 2583 pumusor.

66 2584 143 2622 Scit
168 2591 205 2622 et
227 2588 262 2623 in
288 2587 319 2634 f.
358 2588 507 2624 iumaias
532 2589 622 2624 DE.
658 2587 792 2623 maiaas
816 2598 848 2622 r.
888 2586 924 2622 in
952 2597 1069 2621 moras
1094 2584 1175 2620 fest.
1204 2587 1262 2620 M.
1303 2585 1339 2620 in
1365 2582 1502 2619 medias
1567 2596 1585 2601 ’ἢ

65 2634 148 2671 fest.
169 2635 212 2672 Τ.
251 2638 361 2674 maias
375 2637 510 2675 ‘festum
529 2638 609 2675 flor.
629 2640 748 2675 BDE
757 2633 843 2673 ΦΓ
847 2633 900 2674 Μ
909 2634 951 2672 Ν
959 2633 1051 2673 ΟΠ
1053 2633 1092 2671 Δ
1101 2632 1138 2670 Σ
1147 2633 1211 2670 Tb
1220 2646 1294 2671 nia.
1305 2632 1395 2684 pins
1409 2631 1502 2669 daco-

65 2684 236 2734 deuiyinti
259 2687 345 2727 Αἶά.
365 2690 470 2738 prim.

115 2747 175 2781 Ou.
193 2748 285 2783 Fasti.
1143 2746 1190 2780 14
