1685 2954
184 90 239 135 64
652 80 657 86 ¹
740 100 1059 133 ιτΛεΤοιινΜ

292 204 431 256 Atque
459 201 528 256 ait,
555 201 660 242 haec
687 206 801 243 certe
827 214 908 243 non
936 203 1014 243 nisi
1041 203 1172 246 uictor
1200 205 1311 248 edet.

236 272 358 313 Dicta
388 268 500 322 facit,
529 269 727 323 Fabiique
756 268 885 311 simul.
925 271 1056 312 Venit
1083 272 1215 314 irritus
1243 273 1340 316 illuc

291 336 503 388 Romulus,
533 341 577 376 et
603 349 768 378 mensas
794 350 974 391 ossaque
998 339 1106 380 nuda
1136 338 1262 381 uidet.

236 406 346 447 Risit
374 409 418 444 et
444 402 612 444 indoluit
637 404 790 446 Fabios
817 406 1003 459 potuisse
1031 406 1287 461 Remumque
1536 415 1614 452 375
1666 456 1668 466 Ι

289 473 482 523 Vincere,
510 469 724 521 Quintilios
751 486 830 513 non
858 473 1045 526 potuisse
1074 487 1186 515 suos.

234 542 366 582 Fama
393 544 533 580 manet
559 539 668 579 facti.
696 541 830 593 posito
858 542 1059 581 uelamine
1088 547 1263 595 currunt,

287 609 344 649 Et
371 618 588 647 memorem
615 606 761 648 famam
791 607 899 660 quod
926 609 1032 649 bene
1060 611 1202 663 cessit,
1231 610 1367 651 habet.

231 675 422 718 Forsitan
442 680 484 713 et
506 685 691 726 quaeras,
721 687 791 714 our
816 675 872 714 sit
896 675 1013 715 locus
1041 677 1108 715 ille
1135 677 1351 731 Lupercal,

287 742 458 793 Quaeue
490 739 596 780 diem
624 740 695 779 tali
723 739 885 780 nomine
915 753 1042 782 causa
1070 749 1199 784 notet.
1536 749 1616 785 380

233 810 362 851 Siluia
388 807 560 848 uestalis
589 807 787 848 caelestia
815 808 973 848 semina
1001 816 1119 861 partu

283 875 480 916 Ediderat
514 880 657 927 patruo
694 887 823 928 regna
862 881 1031 916 tenente
1069 889 1156 917 suo.

227 944 271 985 Is
298 944 412 983 iubet
439 943 587 983 auferri
615 954 765 995 paruos
794 947 839 982 et
866 943 906 982 in
937 956 1057 984 amne
1085 944 1238 986 necari.

285 1009 393 1060 Quid
419 1007 554 1050 facis?
584 1022 638 1049 ex
666 1009 760 1049 istis
789 1010 989 1050 Romulus
1019 1011 1123 1052 alter
1152 1012 1239 1052 erit.

225 1077 345 1117 Iussa
373 1083 616 1117 recusantes
643 1083 847 1131 peragunt
876 1078 1092 1118 lacrimosa
1121 1078 1304 1132 ministri,
1537 1083 1616 1121 385

283 1144 406 1184 Flent
430 1150 578 1196 tamen,
609 1149 653 1183 et
681 1143 869 1197 geminos
897 1146 937 1185 in
967 1146 1060 1186 loca
1088 1146 1202 1186 iussa
1231 1146 1376 1187 ferunt.

227 1211 399 1263 Albula,
430 1224 551 1264 quem
581 1211 755 1252 Tiberim
786 1225 945 1253 mersus
970 1214 1184 1253 Tiberinus
1214 1212 1253 1253 in
1283 1213 1403 1255 undis

281 1278 489 1331 Reddidit,
519 1279 696 1320 hibernis
726 1280 828 1320 forte
859 1280 1044 1321 tumebat
1073 1281 1201 1334 aquis.
1275 1272 1279 1275 ’

228 1347 323 1400 Hic,
351 1347 419 1388 ubi
449 1359 557 1388 nuno
585 1347 672 1387 fora
699 1353 807 1400 sunt,
836 1348 976 1388 lintres
1003 1361 1135 1388 errare
1165 1347 1338 1399 uideres,

222 1461 311 1495 372.
338 1459 389 1495 ait
413 1458 483 1495 hoc
509 1465 607 1495 certe
637 1462 724 1496 Tm.
764 1461 813 1496 ait
838 1459 921 1496 hinc
946 1456 1002 1496 Π.
1106 1461 1191 1495 373.
1218 1459 1279 1495 irr.
1309 1458 1379 1494 illic
1400 1455 1552 1505 Aff‘ffi
1579 1461 1622 1496 Ν

172 1518 258 1546 aar.
277 1521 347 1546 scr.
452 1511 536 1546 375,
565 1510 640 1546 sab.
668 1509 837 1547 cecidisse
866 1522 955 1547 rem.
982 1512 1019 1546 7.
1122 1511 1207 1545 376.
1236 1509 1435 1557 quinctilios
1467 1506 1622 1554 ffl(2)2“

170 1558 227 1606 bf
247 1563 283 1595 2.
311 1560 426 1609 quint.
456 1572 522 1596 nec
548 1567 622 1608 pot.
656 1563 698 1596 Τ.
813 1563 899 1597 377.
936 1561 1051 1596 Fama
1080 1561 1178 1596 uolat
1203 1559 1288 1594 sacti
1319 1562 1377 1595 12.
1427 1559 1619 1607 positoque

170 1610 244 1647 uel.
277 1611 323 1646 G.
368 1610 479 1646 currit
505 1607 546 1645 A
565 1623 641 1648 ma.
659 1623 716 1659 pr.
820 1613 906 1646 378.
933 1612 1067 1646 lamam
1096 1611 1156 1658 qui
1185 1610 1277 1645 bene
1307 1606 1620 1646 ΒΟΕΦΓΛΟ

168 1657 598 1709 ,ΡΠΨΔΣΤΜιρεί
624 1659 704 1707 flor.
728 1661 847 1698 Bet-ol.
875 1661 957 1710 plus
983 1663 1109 1708 uiyinii
1135 1664 1168 1696 et
1193 1664 1278 1694 uett.
1302 1658 1356 1694 ed.
1394 1659 1481 1695 fam.
1509 1671 1620 1708 quam

167 1710 263 1746 bene
294 1711 324 1747 G
346 1723 429 1747 aar.
447 1723 518 1747 εον.
565 1710 651 1746 fam.
681 1713 736 1747 cui
771 1713 862 1747 bene
894 1724 930 1747 m
956 1723 1038 1747 nar.
1058 1723 1128 1746 scr.
1180 1710 1275 1745 bene
1301 1709 1400 1744 iessit
1425 1706 1473 1745 Γ.
1527 1710 1620 1746 bene

170 1761 281 1809 gessit
306 1758 970 1798 ΑΒΟΕΓΦΛΜΝΟΡΠΨΛ
985 1760 1305 1808 beyhmprst
1330 1757 1410 1805 flor.
1437 1761 1520 1796 Ber.
1547 1771 1620 1796 nu-

167 1813 278 1847 meris
302 1813 466 1858 insigniti
490 1816 633 1859 praeter
658 1812 681 1847 5
698 1816 756 1848 11.
860 1813 946 1849 379.
974 1822 1125 1859 quaeres
1157 1811 1186 1846 G
1206 1813 1293 1845 uett.
1313 1809 1366 1845 ed.
1406 1810 1549 1858 quaeris
1573 1812 1618 1846 Τ.

169 1860 271 1896 locus
293 1861 360 1897 iste
374 1860 473 1907 Pfr.
514 1862 679 1910 lupercar
693 1865 742 1898 D.
846 1864 932 1900 380.
962 1862 1141 1908 Quaeque
1168 1861 1285 1896 locum
1309 1859 1370 1895 tal.
1388 1871 1421 1895 ν.
1463 1860 1619 1903 Quaeue

169 1910 293 1947 lucum
324 1913 370 1948 G.
420 1912 574 1954 Quaene
600 1912 716 1948 locum
743 1913 803 1948 tal.
831 1913 867 1948 A
886 1924 958 1948 ma.
976 1924 1044 1948 sec.
1065 1906 1619 1959 EAMOP'PEbeyhp

167 1965 214 1997 st
238 1962 286 1996 43
313 1960 560 2009 τιηᾶεινὶ9ῐηΐα
591 1966 624 1998 ει
655 1967 741 1999 uett.
770 1962 824 1999 ed.
873 1963 1027 2005 Quaene
1060 1967 1161 1998 notet
1202 1960 1265 1996 tali
1298 1973 1334 1996 n.
1361 1972 1392 1996 c.
1421 1960 1541 1996 locum
1568 1962 1618 1997 D.

169 2009 265 2047 diem
293 2018 394 2048 tanto
421 2015 455 2048 Β
465 2013 579 2049 sz
606 2017 683 2050 octo
710 2013 804 2057 (sex,
833 2017 957 2049 annot.
979 2015 1118 2060 impr.).
1159 2022 1267 2047 causa
1294 2012 1400 2047 uoeet
1425 2007 1465 2046 Γ
1470 2015 1485 2046 t
1510 2009 1595 2047 duo.

221 2064 307 2099 381.
334 2062 398 2098 llia
419 2062 506 2107 duo3
537 2064 565 2100 G
574 2060 677 2100 ΦΜ
683 2061 728 2098 Ν
734 2063 758 2109 f
763 2075 785 2112 9
803 2075 884 2100 aar.
898 2075 968 2099 scr.
994 2062 1104 2110 gloss.
1125 2063 1170 2098 G.
1207 2061 1311 2097 Liuia
1327 2062 1387 2096 44.
1429 2067 1520 2097 uest.
1535 2071 1619 2096 cae-

170 2110 269 2148 lestis
296 2125 384 2149 sem.
412 2114 533 2148 martis
551 2116 642 2150 DE.
682 2121 775 2151 uest.
801 2113 947 2150 caelesti
974 2113 1120 2149 numina
1145 2118 1241 2161 part.
1259 2107 1414 2147 ΛΠΨ
1426 2112 1487 2148 41.
1525 2115 1617 2146 uest.

172 2162 342 2199 caelestia
369 2164 516 2199 numina
542 2170 636 2212 part.
664 2169 832 2212 quatuor.
935 2166 1021 2201 383.
1049 2163 1122 2199 iub.
1145 2161 1279 2198 adferri
1304 2159 1354 2197 Ψ.
1393 2161 1468 2197 iub.
1495 2159 1617 2196 aflei-n·

168 2208 314 2250 ΓΣΤ.
357 2213 431 2250 auf.
459 2212 572 2259 (ads.)
597 2226 730 2263 pueros
757 2212 946 2261 bf(.²)13;
972 2211 1074 2250 ΠΨ
1096 2218 1130 2249 et
1147 2217 1219 2248 tres
1234 2223 1317 2248 nar.
1335 2222 1406 2248 scr.
1448 2209 1523 2246 aus.
1550 2220 1617 2258 pa-

166 2267 268 2299 truos
286 2276 412 2299 mma.
430 2275 487 2312 pr.
528 2271 565 2300 et
587 2276 694 2301 mane
721 2276 800 2301 nec.
822 2263 853 2300 b.
894 2266 929 2300 in
957 2266 1039 2313 igne
1065 2276 1143 2300 nec.
1169 2265 1212 2299 Τ.
1314 2263 1400 2297 384.
1429 2260 1520 2296 alter
1537 2264 1617 2295 erat

170 2309 212 2348 Φ
241 2312 295 2349 ed.
322 2313 409 2350 Ald.
435 2316 547 2362 prior.
602 2315 693 2350 alter
719 2315 769 2350 ait
799 2312 839 2350 Φ
863 2326 945 2351 tear.
970 2327 1039 2351 scr.
1067 2319 1148 2350 test.
1167 2314 1293 2349 Heius.
1395 2310 1480 2346 385.
1518 2309 1618 2345 Iussa

166 2360 396 2400 lacrimantes
421 2376 453 2401 r.
558 2366 644 2400 386.
671 2363 782 2400 Fient
808 2366 915 2401 simul
940 2378 963 2414 p
983 2376 1063 2402 nar.
1080 2375 1149 2400 scr.
1193 2375 1286 2412 gem.
1315 2360 1360 2397 ad
1386 2360 1465 2395 loca
1489 2358 1512 2394 h
1531 2362 1617 2395 uett.

168 2410 222 2450 cd.
263 2413 342 2450 loca
363 2414 439 2452 sola
460 2417 552 2451 Bm.
593 2415 627 2450 in
649 2415 725 2451 sola
746 2415 824 2450 loca
846 2416 885 2452 G.
926 2416 1004 2451 loca
1025 2416 1119 2450 fossa
1145 2416 1188 2450 Τ.
1291 2412 1376 2447 387.
1404 2409 1483 2444 Alb.
1508 2420 1618 2457 quam

165 2462 318 2509 tyberim
346 2463 377 2500 b.
422 2465 561 2512 tyberin
583 2464 752 2502 BGFA
762 2463 907 2502 MNO
923 2464 1017 2502 'Phs
1037 2464 1113 2502 alit.
1156 2463 1306 2511 tyberim
1330 2460 1500 2496 tiberinus
1523 2470 1618 2494 mer-

167 2512 214 2548 sis
239 2512 274 2548 in
307 2511 577 2560 O(t.Heins.).
627 2516 690 2552 tib.
720 2517 891 2553 tiberinus
918 2528 1054 2552 mersus
1081 2516 1117 2551 in
1143 2513 1174 2560 f.
1225 2511 1376 2559 tyberim
1405 2511 1498 2546 EG·
1550 2509 1616 2545 tib·

163 2563 288 2598 mersis
315 2564 379 2599 tib.
406 2567 501 2602 734.
539 2566 723 2613 tyberinus
754 2569 801 2603 Ι).
842 2568 876 2603 in
904 2566 1019 2603 undas
1046 2563 1269 2613 squatum.
1308 2561 1343 2596 in
1373 2559 1468 2595 unda
1497 2559 1617 2596 BGG

165 2613 242 2649 Tm
267 2618 432 2662 (μιαιιιον.
537 2618 624 2653 388.
654 2616 791 2654 Reddit
821 2616 893 2653 hib.
922 2616 954 2653 b.
994 2615 1128 2653 Reddit
1153 2620 1188 2649 et
1214 2612 1286 2647 hib.
1316 2622 1346 2646 s.
1388 2611 1540 2646 timebat
1564 2620 1614 2646 m.

210 2664 296 2701 389.
327 2664 407 2701 Huc
426 2662 479 2702 A.
527 2666 604 2703 Hac
626 2678 658 2703 s.
700 2679 796 2705 nunc
822 2667 902 2704 loca
932 2665 1154 2704 wammam
1193 2663 1290 2699 lintr.
1314 2661 1452 2711 agitare
1471 2671 1520 2697 m.
1558 2670 1617 2697 er-
