<?xml version="1.0" encoding="UTF-8"?>
<!DOCTYPE html PUBLIC "-//W3C//DTD XHTML 1.0 Transitional//EN"
    "http://www.w3.org/TR/xhtml1/DTD/xhtml1-transitional.dtd">
<html xmlns="http://www.w3.org/1999/xhtml" xml:lang="en" lang="en">
 <head>
  <title>
</title>
<meta http-equiv="Content-Type" content="text/html;charset=utf-8" />
  <meta name='ocr-system' content='tesseract 3.04.00' />
  <meta name='ocr-capabilities' content='ocr_page ocr_carea ocr_par ocr_line ocrx_word'/>
</head>
<body>
  <div class='ocr_page' id='page_1' title='image "./fastorumlibrisex00oviduoft_0160.png"; bbox 0 0 1685 2954; ppageno 0'>
   <div class='ocr_carea' id='block_1_1' title="bbox 127 168 1088 219">
    <p class='ocr_par' dir='ltr' id='par_1_1' title="bbox 127 168 1088 219">
     <span class='ocr_line' id='line_1_1' title="bbox 127 168 1088 219; baseline 0.002 -2"><span class='ocrx_word' id='word_1_1' title='bbox 127 188 213 218; x_wconf 79' lang='lat' dir='ltr'>cm</span> <span class='ocrx_word' id='word_1_2' title='bbox 229 176 232 180; x_wconf 89' lang='grc'><strong><em>’</em></strong></span> <span class='ocrx_word' id='word_1_3' title='bbox 617 168 674 216; x_wconf 62' lang='lat' dir='ltr'>ml:</span> <span class='ocrx_word' id='word_1_4' title='bbox 703 187 824 217; x_wconf 76' lang='lat' dir='ltr'>Locis</span> <span class='ocrx_word' id='word_1_5' title='bbox 855 189 1088 219; x_wconf 72' lang='lat' dir='ltr'>nemmosm</span> 
     </span>
    </p>
   </div>
   <div class='ocr_carea' id='block_1_2' title="bbox 127 286 1606 2791">
    <p class='ocr_par' dir='ltr' id='par_1_2' title="bbox 127 286 1590 1013">
     <span class='ocr_line' id='line_1_2' title="bbox 127 286 1578 340; baseline 0.006 -17"><span class='ocrx_word' id='word_1_6' title='bbox 127 293 284 338; x_wconf 79' lang='lat' dir='ltr'>uantur,</span> <span class='ocrx_word' id='word_1_7' title='bbox 318 299 481 337; x_wconf 86' lang='lat' dir='ltr'>quosque</span> <span class='ocrx_word' id='word_1_8' title='bbox 515 287 552 324; x_wconf 90' lang='lat' dir='ltr'>in</span> <span class='ocrx_word' id='word_1_9' title='bbox 586 292 711 324; x_wconf 86' lang='lat' dir='ltr'>monte</span> <span class='ocrx_word' id='word_1_10' title='bbox 735 286 860 325; x_wconf 90' lang='lat' dir='ltr'>Pincio</span> <span class='ocrx_word' id='word_1_11' title='bbox 892 288 1004 327; x_wconf 80' lang='lat' dir='ltr'>fuisse</span> <span class='ocrx_word' id='word_1_12' title='bbox 1038 303 1110 328; x_wconf 87' lang='lat' dir='ltr'>non</span> <span class='ocrx_word' id='word_1_13' title='bbox 1144 291 1270 340; x_wconf 87' lang='lat' dir='ltr'>utique</span> <span class='ocrx_word' id='word_1_14' title='bbox 1303 291 1399 328; x_wconf 88' lang='lat' dir='ltr'>male</span> <span class='ocrx_word' id='word_1_15' title='bbox 1425 293 1578 331; x_wconf 84' lang='lat' dir='ltr'>coniecit</span> 
     </span>
     <span class='ocr_line' id='line_1_3' title="bbox 129 348 1575 399; baseline 0.004 -14"><span class='ocrx_word' id='word_1_16' title='bbox 129 349 348 399; x_wconf 83' lang='lat' dir='ltr'>Foggiuius,</span> <span class='ocrx_word' id='word_1_17' title='bbox 382 361 464 385; x_wconf 90' lang='lat' dir='ltr'>cum</span> <span class='ocrx_word' id='word_1_18' title='bbox 500 348 624 386; x_wconf 81' lang='lat' dir='ltr'>hortos</span> <span class='ocrx_word' id='word_1_19' title='bbox 659 349 708 385; x_wconf 88' lang='lat' dir='ltr'>ibi</span> <span class='ocrx_word' id='word_1_20' title='bbox 739 350 912 398; x_wconf 88' lang='lat' dir='ltr'>plurimos</span> <span class='ocrx_word' id='word_1_21' title='bbox 939 351 1049 389; x_wconf 85' lang='lat' dir='ltr'>fuisse</span> <span class='ocrx_word' id='word_1_22' title='bbox 1085 358 1247 399; x_wconf 77' lang='lat' dir='ltr'>constet3</span> <span class='ocrx_word' id='word_1_23' title='bbox 1285 364 1368 389; x_wconf 88' lang='lat' dir='ltr'>nam</span> <span class='ocrx_word' id='word_1_24' title='bbox 1404 353 1436 389; x_wconf 86' lang='lat' dir='ltr'>si</span> <span class='ocrx_word' id='word_1_25' title='bbox 1462 355 1575 392; x_wconf 90' lang='lat' dir='ltr'>multa</span> 
     </span>
     <span class='ocr_line' id='line_1_4' title="bbox 130 410 1580 464; baseline 0.004 -18"><span class='ocrx_word' id='word_1_26' title='bbox 130 411 241 447; x_wconf 90' lang='lat' dir='ltr'>millia</span> <span class='ocrx_word' id='word_1_27' title='bbox 266 411 385 446; x_wconf 88' lang='lat' dir='ltr'>Roma</span> <span class='ocrx_word' id='word_1_28' title='bbox 410 410 609 459; x_wconf 77' lang='lat' dir='ltr'>afuissent,</span> <span class='ocrx_word' id='word_1_29' title='bbox 649 410 855 448; x_wconf 84' lang='lat' dir='ltr'><strong>dicerentur</strong></span> <span class='ocrx_word' id='word_1_30' title='bbox 880 424 989 460; x_wconf 87' lang='lat' dir='ltr'>rura,</span> <span class='ocrx_word' id='word_1_31' title='bbox 1028 415 1086 450; x_wconf 90' lang='lat' dir='ltr'>uel</span> <span class='ocrx_word' id='word_1_32' title='bbox 1114 413 1315 463; x_wconf 81' lang='lat' dir='ltr'>praedium.</span> <span class='ocrx_word' id='word_1_33' title='bbox 1370 414 1448 452; x_wconf 88' lang='lat' dir='ltr'>Fac</span> <span class='ocrx_word' id='word_1_34' title='bbox 1473 416 1580 464; x_wconf 86' lang='lat' dir='ltr'>igitur</span> 
     </span>
     <span class='ocr_line' id='line_1_5' title="bbox 130 470 1582 526; baseline 0.004 -18"><span class='ocrx_word' id='word_1_35' title='bbox 130 472 226 508; x_wconf 90' lang='lat' dir='ltr'>uiam</span> <span class='ocrx_word' id='word_1_36' title='bbox 254 470 442 508; x_wconf 80' lang='lat' dir='ltr'>Claudiam</span> <span class='ocrx_word' id='word_1_37' title='bbox 471 472 670 522; x_wconf 80' lang='lat' dir='ltr'>incoepisse</span> <span class='ocrx_word' id='word_1_38' title='bbox 695 473 741 508; x_wconf 90' lang='lat' dir='ltr'>ab</span> <span class='ocrx_word' id='word_1_39' title='bbox 768 473 888 523; x_wconf 88' lang='lat' dir='ltr'>aliqua</span> <span class='ocrx_word' id='word_1_40' title='bbox 914 481 1020 523; x_wconf 89' lang='lat' dir='ltr'>porta</span> <span class='ocrx_word' id='word_1_41' title='bbox 1046 482 1193 525; x_wconf 88' lang='lat' dir='ltr'>praeter</span> <span class='ocrx_word' id='word_1_42' title='bbox 1217 475 1454 524; x_wconf 81' lang='lat' dir='ltr'>Flaminiam,</span> <span class='ocrx_word' id='word_1_43' title='bbox 1488 488 1582 526; x_wconf 86' lang='lat' dir='ltr'>quae</span> 
     </span>
     <span class='ocr_line' id='line_1_6' title="bbox 131 532 1583 585; baseline 0.003 -16"><span class='ocrx_word' id='word_1_44' title='bbox 131 538 197 569; x_wconf 89' lang='lat' dir='ltr'>aut</span> <span class='ocrx_word' id='word_1_45' title='bbox 224 533 381 579; x_wconf 86' lang='lat' dir='ltr'>unicum,</span> <span class='ocrx_word' id='word_1_46' title='bbox 409 538 472 568; x_wconf 88' lang='lat' dir='ltr'>aut</span> <span class='ocrx_word' id='word_1_47' title='bbox 498 533 532 568; x_wconf 88' lang='lat' dir='ltr'>in</span> <span class='ocrx_word' id='word_1_48' title='bbox 559 532 657 569; x_wconf 85' lang='lat' dir='ltr'>libris</span> <span class='ocrx_word' id='word_1_49' title='bbox 683 534 892 584; x_wconf 87' lang='lat' dir='ltr'>pontificum</span> <span class='ocrx_word' id='word_1_50' title='bbox 920 535 1129 572; x_wconf 88' lang='lat' dir='ltr'>Catulariae</span> <span class='ocrx_word' id='word_1_51' title='bbox 1156 549 1294 573; x_wconf 91' lang='lat' dir='ltr'>nomen</span> <span class='ocrx_word' id='word_1_52' title='bbox 1321 536 1498 585; x_wconf 86' lang='lat' dir='ltr'>habuerit,</span> <span class='ocrx_word' id='word_1_53' title='bbox 1527 543 1583 574; x_wconf 89' lang='lat' dir='ltr'>at-</span> 
     </span>
     <span class='ocr_line' id='line_1_7' title="bbox 132 592 1586 644; baseline 0.005 -16"><span class='ocrx_word' id='word_1_54' title='bbox 132 603 206 642; x_wconf 87' lang='lat' dir='ltr'>que</span> <span class='ocrx_word' id='word_1_55' title='bbox 230 592 314 629; x_wconf 83' lang='lat' dir='ltr'>inde</span> <span class='ocrx_word' id='word_1_56' title='bbox 340 592 387 630; x_wconf 88' lang='lat' dir='ltr'>ad</span> <span class='ocrx_word' id='word_1_57' title='bbox 415 599 565 643; x_wconf 81' lang='lat' dir='ltr'>pontem</span> <span class='ocrx_word' id='word_1_58' title='bbox 591 594 755 632; x_wconf 90' lang='lat' dir='ltr'>Miluium</span> <span class='ocrx_word' id='word_1_59' title='bbox 783 594 1014 644; x_wconf 81' lang='lat' dir='ltr'>perduxisse:</span> <span class='ocrx_word' id='word_1_60' title='bbox 1042 597 1071 634; x_wconf 88' lang='lat' dir='ltr'>si</span> <span class='ocrx_word' id='word_1_61' title='bbox 1093 597 1247 635; x_wconf 90' lang='lat' dir='ltr'>Ouidius</span> <span class='ocrx_word' id='word_1_62' title='bbox 1267 598 1499 634; x_wconf 84' lang='lat' dir='ltr'>Nomentana</span> <span class='ocrx_word' id='word_1_63' title='bbox 1525 598 1586 635; x_wconf 84' lang='lat' dir='ltr'>uia</span> 
     </span>
     <span class='ocr_line' id='line_1_8' title="bbox 131 654 1586 707; baseline 0.004 -18"><span class='ocrx_word' id='word_1_64' title='bbox 131 654 259 690; x_wconf 90' lang='lat' dir='ltr'>relicta</span> <span class='ocrx_word' id='word_1_65' title='bbox 285 667 354 704; x_wconf 88' lang='lat' dir='ltr'>per</span> <span class='ocrx_word' id='word_1_66' title='bbox 391 661 492 691; x_wconf 87' lang='lat' dir='ltr'>actus</span> <span class='ocrx_word' id='word_1_67' title='bbox 526 657 743 706; x_wconf 83' lang='lat' dir='ltr'>semitasque</span> <span class='ocrx_word' id='word_1_68' title='bbox 776 656 901 692; x_wconf 89' lang='lat' dir='ltr'>hortos</span> <span class='ocrx_word' id='word_1_69' title='bbox 938 669 1022 693; x_wconf 83' lang='lat' dir='ltr'>suos</span> <span class='ocrx_word' id='word_1_70' title='bbox 1058 660 1182 707; x_wconf 88' lang='lat' dir='ltr'>petiit,</span> <span class='ocrx_word' id='word_1_71' title='bbox 1219 671 1366 696; x_wconf 87' lang='lat' dir='ltr'>necesse</span> <span class='ocrx_word' id='word_1_72' title='bbox 1400 666 1454 696; x_wconf 88' lang='lat' dir='ltr'>est</span> <span class='ocrx_word' id='word_1_73' title='bbox 1492 659 1586 695; x_wconf 87' lang='lat' dir='ltr'>intra</span> 
     </span>
     <span class='ocr_line' id='line_1_9' title="bbox 132 715 1586 769; baseline 0.003 -18"><span class='ocrx_word' id='word_1_74' title='bbox 132 715 336 752; x_wconf 88' lang='lat' dir='ltr'>milliarium</span> <span class='ocrx_word' id='word_1_75' title='bbox 363 717 526 766; x_wconf 87' lang='lat' dir='ltr'>quintum</span> <span class='ocrx_word' id='word_1_76' title='bbox 553 718 646 754; x_wconf 89' lang='lat' dir='ltr'>uiam</span> <span class='ocrx_word' id='word_1_77' title='bbox 666 717 832 755; x_wconf 84' lang='lat' dir='ltr'>Clodiam</span> <span class='ocrx_word' id='word_1_78' title='bbox 853 717 1029 765; x_wconf 83' lang='lat' dir='ltr'>attigerit;</span> <span class='ocrx_word' id='word_1_79' title='bbox 1056 721 1276 757; x_wconf 88' lang='lat' dir='ltr'>conueniunt</span> <span class='ocrx_word' id='word_1_80' title='bbox 1301 721 1433 757; x_wconf 89' lang='lat' dir='ltr'>omnia.</span> <span class='ocrx_word' id='word_1_81' title='bbox 1486 720 1586 769; x_wconf 86' lang='lat' dir='ltr'>Fog·</span> 
     </span>
     <span class='ocr_line' id='line_1_10' title="bbox 133 776 1586 831; baseline 0.004 -19"><span class='ocrx_word' id='word_1_82' title='bbox 133 777 220 826; x_wconf 83' lang='lat' dir='ltr'>ginii</span> <span class='ocrx_word' id='word_1_83' title='bbox 244 776 322 814; x_wconf 88' lang='lat' dir='ltr'>fere</span> <span class='ocrx_word' id='word_1_84' title='bbox 348 777 439 814; x_wconf 87' lang='lat' dir='ltr'>haec</span> <span class='ocrx_word' id='word_1_85' title='bbox 465 784 520 814; x_wconf 90' lang='lat' dir='ltr'>est</span> <span class='ocrx_word' id='word_1_86' title='bbox 550 778 771 828; x_wconf 87' lang='lat' dir='ltr'>disputatio,</span> <span class='ocrx_word' id='word_1_87' title='bbox 800 778 858 813; x_wconf 90' lang='lat' dir='ltr'>cui</span> <span class='ocrx_word' id='word_1_88' title='bbox 885 778 1070 816; x_wconf 81' lang='lat' dir='ltr'>confidere</span> <span class='ocrx_word' id='word_1_89' title='bbox 1097 781 1284 831; x_wconf 88' lang='lat' dir='ltr'>hucusque</span> <span class='ocrx_word' id='word_1_90' title='bbox 1309 782 1505 818; x_wconf 86' lang='lat' dir='ltr'>noluerunt</span> <span class='ocrx_word' id='word_1_91' title='bbox 1529 789 1586 818; x_wconf 87' lang='lat' dir='ltr'>to-</span> 
     </span>
     <span class='ocr_line' id='line_1_11' title="bbox 133 839 1589 892; baseline 0.003 -18"><span class='ocrx_word' id='word_1_92' title='bbox 133 839 336 889; x_wconf 88' lang='lat' dir='ltr'>pographi,</span> <span class='ocrx_word' id='word_1_93' title='bbox 371 851 439 875; x_wconf 90' lang='lat' dir='ltr'>nec</span> <span class='ocrx_word' id='word_1_94' title='bbox 463 839 681 889; x_wconf 76' lang='lat' dir='ltr'>incognitam</span> <span class='ocrx_word' id='word_1_95' title='bbox 708 839 797 875; x_wconf 90' lang='lat' dir='ltr'>alias</span> <span class='ocrx_word' id='word_1_96' title='bbox 825 839 905 875; x_wconf 89' lang='lat' dir='ltr'>uiae</span> <span class='ocrx_word' id='word_1_97' title='bbox 932 839 1083 878; x_wconf 84' lang='lat' dir='ltr'>Clodiae</span> <span class='ocrx_word' id='word_1_98' title='bbox 1108 849 1249 891; x_wconf 87' lang='lat' dir='ltr'>partem</span> <span class='ocrx_word' id='word_1_99' title='bbox 1275 844 1310 879; x_wconf 90' lang='lat' dir='ltr'>in</span> <span class='ocrx_word' id='word_1_100' title='bbox 1338 843 1478 892; x_wconf 85' lang='lat' dir='ltr'>mappis</span> <span class='ocrx_word' id='word_1_101' title='bbox 1504 854 1589 892; x_wconf 87' lang='lat' dir='ltr'>per-</span> 
     </span>
     <span class='ocr_line' id='line_1_12' title="bbox 134 899 1590 953; baseline 0.004 -19"><span class='ocrx_word' id='word_1_102' title='bbox 134 899 376 949; x_wconf 81' lang='lat' dir='ltr'>scripserunt:</span> <span class='ocrx_word' id='word_1_103' title='bbox 413 902 589 949; x_wconf 79' lang='lat' dir='ltr'>maxime,</span> <span class='ocrx_word' id='word_1_104' title='bbox 628 907 668 936; x_wconf 91' lang='lat' dir='ltr'>ut</span> <span class='ocrx_word' id='word_1_105' title='bbox 694 907 785 950; x_wconf 88' lang='lat' dir='ltr'>puto</span> <span class='ocrx_word' id='word_1_106' title='bbox 802 927 813 948; x_wconf 91' lang='lat'>,</span> <span class='ocrx_word' id='word_1_107' title='bbox 841 901 926 949; x_wconf 84' lang='lat' dir='ltr'>quia</span> <span class='ocrx_word' id='word_1_108' title='bbox 953 900 998 937; x_wconf 91' lang='lat' dir='ltr'>de</span> <span class='ocrx_word' id='word_1_109' title='bbox 1025 909 1131 950; x_wconf 87' lang='lat' dir='ltr'>porta</span> <span class='ocrx_word' id='word_1_110' title='bbox 1158 903 1342 940; x_wconf 86' lang='lat' dir='ltr'>Catularia</span> <span class='ocrx_word' id='word_1_111' title='bbox 1368 904 1455 940; x_wconf 90' lang='lat' dir='ltr'>nihil</span> <span class='ocrx_word' id='word_1_112' title='bbox 1479 904 1590 953; x_wconf 87' lang='lat' dir='ltr'>plane</span> 
     </span>
     <span class='ocr_line' id='line_1_13' title="bbox 135 961 1257 1013; baseline 0.003 -16"><span class='ocrx_word' id='word_1_113' title='bbox 135 966 192 997; x_wconf 87' lang='lat' dir='ltr'>est</span> <span class='ocrx_word' id='word_1_114' title='bbox 218 962 461 1011; x_wconf 84' lang='lat' dir='ltr'>exploratum,</span> <span class='ocrx_word' id='word_1_115' title='bbox 488 962 566 1000; x_wconf 86' lang='lat' dir='ltr'>uid.</span> <span class='ocrx_word' id='word_1_116' title='bbox 593 962 758 999; x_wconf 77' lang='lat' dir='ltr'>Bunsen.</span> <span class='ocrx_word' id='word_1_117' title='bbox 785 961 902 998; x_wconf 88' lang='lat' dir='ltr'>deser.</span> <span class='ocrx_word' id='word_1_118' title='bbox 933 962 1022 998; x_wconf 77' lang='lat' dir='ltr'>vrb.</span> <span class='ocrx_word' id='word_1_119' title='bbox 1052 968 1088 1010; x_wconf 94' lang='lat' dir='ltr'>l,</span> <span class='ocrx_word' id='word_1_120' title='bbox 1115 976 1153 1013; x_wconf 83' lang='lat' dir='ltr'>p.</span> <span class='ocrx_word' id='word_1_121' title='bbox 1171 966 1257 1000; x_wconf 87' lang='grc'><strong>627.</strong></span> 
     </span>
    </p>

    <p class='ocr_par' dir='ltr' id='par_1_3' title="bbox 136 1023 1599 1992">
     <span class='ocr_line' id='line_1_14' title="bbox 237 1023 1594 1074; baseline 0.002 -15"><span class='ocrx_word' id='word_1_122' title='bbox 237 1023 295 1060; x_wconf 89' lang='lat' dir='ltr'>De</span> <span class='ocrx_word' id='word_1_123' title='bbox 321 1035 444 1073; x_wconf 88' lang='lat' dir='ltr'>aqua</span> <span class='ocrx_word' id='word_1_124' title='bbox 470 1023 694 1061; x_wconf 86' lang='lat' dir='ltr'>Mercurii</span> <span class='ocrx_word' id='word_1_125' title='bbox 720 1029 804 1059; x_wconf 90' lang='lat' dir='ltr'>aute</span> <span class='ocrx_word' id='word_1_126' title='bbox 830 1029 973 1072; x_wconf 88' lang='lat' dir='ltr'>portam</span> <span class='ocrx_word' id='word_1_127' title='bbox 999 1024 1202 1074; x_wconf 85' lang='lat' dir='ltr'>Capenam,</span> <span class='ocrx_word' id='word_1_128' title='bbox 1228 1026 1266 1073; x_wconf 98' lang='lat'>5,</span> <span class='ocrx_word' id='word_1_129' title='bbox 1288 1027 1377 1073; x_wconf 78' lang='lat'>673,</span> <span class='ocrx_word' id='word_1_130' title='bbox 1403 1025 1488 1062; x_wconf 89' lang='lat' dir='ltr'>nihil</span> <span class='ocrx_word' id='word_1_131' title='bbox 1514 1038 1594 1063; x_wconf 89' lang='lat' dir='ltr'>me-</span> 
     </span>
     <span class='ocr_line' id='line_1_15' title="bbox 136 1083 1587 1136; baseline 0.003 -16"><span class='ocrx_word' id='word_1_132' title='bbox 136 1083 223 1120; x_wconf 86' lang='lat' dir='ltr'>mini</span> <span class='ocrx_word' id='word_1_133' title='bbox 249 1096 310 1121; x_wconf 91' lang='lat' dir='ltr'>me</span> <span class='ocrx_word' id='word_1_134' title='bbox 336 1085 421 1121; x_wconf 87' lang='lat' dir='ltr'>alibi</span> <span class='ocrx_word' id='word_1_135' title='bbox 446 1085 580 1134; x_wconf 80' lang='lat' dir='ltr'>legere.</span> <span class='ocrx_word' id='word_1_136' title='bbox 629 1086 682 1121; x_wconf 86' lang='lat' dir='ltr'>Ab</span> <span class='ocrx_word' id='word_1_137' title='bbox 706 1084 832 1121; x_wconf 88' lang='lat' dir='ltr'>eadem</span> <span class='ocrx_word' id='word_1_138' title='bbox 854 1097 941 1122; x_wconf 89' lang='lat' dir='ltr'>uero</span> <span class='ocrx_word' id='word_1_139' title='bbox 966 1094 1071 1135; x_wconf 87' lang='lat' dir='ltr'>porta</span> <span class='ocrx_word' id='word_1_140' title='bbox 1093 1087 1243 1136; x_wconf 77' lang='lat' dir='ltr'>Capena</span> <span class='ocrx_word' id='word_1_141' title='bbox 1270 1087 1316 1123; x_wconf 91' lang='lat' dir='ltr'>ad</span> <span class='ocrx_word' id='word_1_142' title='bbox 1343 1086 1470 1124; x_wconf 89' lang='lat' dir='ltr'>aedem</span> <span class='ocrx_word' id='word_1_143' title='bbox 1487 1088 1587 1125; x_wconf 88' lang='lat' dir='ltr'>Mar-</span> 
     </span>
     <span class='ocr_line' id='line_1_16' title="bbox 138 1145 1590 1200; baseline 0.004 -19"><span class='ocrx_word' id='word_1_144' title='bbox 138 1146 204 1194; x_wconf 86' lang='lat' dir='ltr'>tis,</span> <span class='ocrx_word' id='word_1_145' title='bbox 238 1145 284 1183; x_wconf 89' lang='lat' dir='ltr'>de</span> <span class='ocrx_word' id='word_1_146' title='bbox 311 1158 384 1195; x_wconf 87' lang='lat' dir='ltr'>qua</span> <span class='ocrx_word' id='word_1_147' title='bbox 409 1147 588 1196; x_wconf 83' lang='lat' dir='ltr'>superiori</span> <span class='ocrx_word' id='word_1_148' title='bbox 616 1147 706 1183; x_wconf 90' lang='lat' dir='ltr'>libro</span> <span class='ocrx_word' id='word_1_149' title='bbox 734 1146 867 1182; x_wconf 82' lang='lat' dir='ltr'>dictum</span> <span class='ocrx_word' id='word_1_150' title='bbox 895 1153 969 1194; x_wconf 88' lang='lat' dir='ltr'>est,</span> <span class='ocrx_word' id='word_1_151' title='bbox 1005 1148 1161 1184; x_wconf 85' lang='lat' dir='ltr'>ducebat</span> <span class='ocrx_word' id='word_1_152' title='bbox 1189 1149 1266 1184; x_wconf 90' lang='lat' dir='ltr'>uia</span> <span class='ocrx_word' id='word_1_153' title='bbox 1293 1155 1444 1197; x_wconf 88' lang='lat' dir='ltr'>tecta,</span> <span class='ocrx_word' id='word_1_154' title='bbox 1482 1163 1590 1200; x_wconf 86' lang='lat' dir='ltr'>quam</span> 
     </span>
     <span class='ocr_line' id='line_1_17' title="bbox 138 1208 1590 1259; baseline 0.004 -17"><span class='ocrx_word' id='word_1_155' title='bbox 138 1218 272 1255; x_wconf 87' lang='lat' dir='ltr'>magno</span> <span class='ocrx_word' id='word_1_156' title='bbox 306 1219 484 1244; x_wconf 90' lang='lat' dir='ltr'>consensu</span> <span class='ocrx_word' id='word_1_157' title='bbox 519 1208 605 1244; x_wconf 88' lang='lat' dir='ltr'>boni</span> <span class='ocrx_word' id='word_1_158' title='bbox 641 1208 721 1244; x_wconf 85' lang='lat' dir='ltr'>libri</span> <span class='ocrx_word' id='word_1_159' title='bbox 757 1208 943 1245; x_wconf 89' lang='lat' dir='ltr'>nominant</span> <span class='ocrx_word' id='word_1_160' title='bbox 977 1210 1073 1259; x_wconf 88' lang='lat' dir='ltr'>apud</span> <span class='ocrx_word' id='word_1_161' title='bbox 1104 1209 1274 1246; x_wconf 87' lang='lat' dir='ltr'>Ouidium</span> <span class='ocrx_word' id='word_1_162' title='bbox 1302 1211 1340 1257; x_wconf 90' lang='lat'>6,</span> <span class='ocrx_word' id='word_1_163' title='bbox 1369 1211 1453 1246; x_wconf 88' lang='grc'><strong>192.</strong></span> <span class='ocrx_word' id='word_1_164' title='bbox 1505 1210 1590 1248; x_wconf 88' lang='lat' dir='ltr'>Non</span> 
     </span>
     <span class='ocr_line' id='line_1_18' title="bbox 138 1267 1592 1320; baseline 0.002 -16"><span class='ocrx_word' id='word_1_165' title='bbox 138 1268 242 1304; x_wconf 90' lang='lat' dir='ltr'>lubet</span> <span class='ocrx_word' id='word_1_166' title='bbox 268 1267 314 1304; x_wconf 90' lang='lat' dir='ltr'>de</span> <span class='ocrx_word' id='word_1_167' title='bbox 341 1269 399 1305; x_wconf 90' lang='lat' dir='ltr'>uia</span> <span class='ocrx_word' id='word_1_168' title='bbox 424 1275 538 1316; x_wconf 83' lang='lat' dir='ltr'>recta,</span> <span class='ocrx_word' id='word_1_169' title='bbox 564 1281 659 1319; x_wconf 89' lang='lat' dir='ltr'>quae</span> <span class='ocrx_word' id='word_1_170' title='bbox 684 1269 767 1305; x_wconf 88' lang='lat' dir='ltr'>alibi</span> <span class='ocrx_word' id='word_1_171' title='bbox 793 1269 876 1315; x_wconf 86' lang='lat' dir='ltr'>fuit,</span> <span class='ocrx_word' id='word_1_172' title='bbox 904 1276 966 1306; x_wconf 89' lang='lat' dir='ltr'>aut</span> <span class='ocrx_word' id='word_1_173' title='bbox 992 1270 1038 1306; x_wconf 91' lang='lat' dir='ltr'>de</span> <span class='ocrx_word' id='word_1_174' title='bbox 1064 1270 1242 1307; x_wconf 83' lang='lat' dir='ltr'>fornicata</span> <span class='ocrx_word' id='word_1_175' title='bbox 1267 1270 1474 1320; x_wconf 85' lang='lat' dir='ltr'>disputare:</span> <span class='ocrx_word' id='word_1_176' title='bbox 1508 1272 1592 1309; x_wconf 84' lang='lat' dir='ltr'>bre-</span> 
     </span>
     <span class='ocr_line' id='line_1_19' title="bbox 140 1329 1594 1382; baseline 0.003 -16"><span class='ocrx_word' id='word_1_177' title='bbox 140 1329 236 1366; x_wconf 86' lang='lat' dir='ltr'>uiter</span> <span class='ocrx_word' id='word_1_178' title='bbox 261 1329 307 1366; x_wconf 91' lang='lat' dir='ltr'>de</span> <span class='ocrx_word' id='word_1_179' title='bbox 335 1330 404 1366; x_wconf 89' lang='lat' dir='ltr'>hoc</span> <span class='ocrx_word' id='word_1_180' title='bbox 429 1330 509 1366; x_wconf 92' lang='lat' dir='ltr'>loco</span> <span class='ocrx_word' id='word_1_181' title='bbox 537 1331 703 1380; x_wconf 86' lang='lat' dir='ltr'>religioso</span> <span class='ocrx_word' id='word_1_182' title='bbox 731 1332 940 1379; x_wconf 80' lang='lat' dir='ltr'>transigam.</span> <span class='ocrx_word' id='word_1_183' title='bbox 993 1332 1124 1368; x_wconf 85' lang='lat' dir='ltr'>Mirum</span> <span class='ocrx_word' id='word_1_184' title='bbox 1162 1333 1232 1380; x_wconf 81' lang='lat' dir='ltr'>legi</span> <span class='ocrx_word' id='word_1_185' title='bbox 1268 1333 1304 1367; x_wconf 92' lang='lat' dir='ltr'>in</span> <span class='ocrx_word' id='word_1_186' title='bbox 1340 1331 1463 1369; x_wconf 89' lang='lat' dir='ltr'>codice</span> <span class='ocrx_word' id='word_1_187' title='bbox 1489 1345 1594 1382; x_wconf 87' lang='lat' dir='ltr'>egre-</span> 
     </span>
     <span class='ocr_line' id='line_1_20' title="bbox 141 1391 1594 1442; baseline 0.003 -16"><span class='ocrx_word' id='word_1_188' title='bbox 141 1391 200 1440; x_wconf 84' lang='lat' dir='ltr'>gio</span> <span class='ocrx_word' id='word_1_189' title='bbox 227 1391 438 1427; x_wconf 86' lang='lat' dir='ltr'>Monacensi</span> <span class='ocrx_word' id='word_1_190' title='bbox 473 1392 556 1428; x_wconf 90' lang='lat' dir='ltr'>olim</span> <span class='ocrx_word' id='word_1_191' title='bbox 589 1391 903 1428; x_wconf 85' lang='lat' dir='ltr'>Mallersdorfiano</span> <span class='ocrx_word' id='word_1_192' title='bbox 937 1393 1135 1441; x_wconf 84' lang='lat' dir='ltr'>glossema:</span> <span class='ocrx_word' id='word_1_193' title='bbox 1180 1397 1287 1429; x_wconf 77' lang='lat' dir='ltr'>eoetra</span> <span class='ocrx_word' id='word_1_194' title='bbox 1316 1395 1419 1429; x_wconf 72' lang='lat' dir='ltr'>uiam</span> <span class='ocrx_word' id='word_1_195' title='bbox 1450 1397 1594 1442; x_wconf 74' lang='lat' dir='ltr'>tectam,</span> 
     </span>
     <span class='ocr_line' id='line_1_21' title="bbox 144 1452 1597 1505; baseline 0.003 -17"><span class='ocrx_word' id='word_1_196' title='bbox 144 1464 238 1501; x_wconf 84' lang='lat' dir='ltr'>quae</span> <span class='ocrx_word' id='word_1_197' title='bbox 262 1457 297 1489; x_wconf 81' lang='lat' dir='ltr'>et</span> <span class='ocrx_word' id='word_1_198' title='bbox 320 1452 425 1490; x_wconf 76' lang='lat' dir='ltr'>hodie</span> <span class='ocrx_word' id='word_1_199' title='bbox 449 1458 502 1490; x_wconf 80' lang='lat' dir='ltr'>est</span> <span class='ocrx_word' id='word_1_200' title='bbox 524 1456 678 1491; x_wconf 81' lang='lat' dir='ltr'>Romae.</span> <span class='ocrx_word' id='word_1_201' title='bbox 716 1453 947 1489; x_wconf 87' lang='lat' dir='ltr'>Burmannus</span> <span class='ocrx_word' id='word_1_202' title='bbox 972 1455 1022 1489; x_wconf 86' lang='lat' dir='ltr'>ita</span> <span class='ocrx_word' id='word_1_203' title='bbox 1041 1454 1248 1491; x_wconf 87' lang='lat' dir='ltr'>annotauit:</span> <span class='ocrx_word' id='word_1_204' title='bbox 1276 1456 1320 1491; x_wconf 79' lang='lat' dir='ltr'>Si</span> <span class='ocrx_word' id='word_1_205' title='bbox 1346 1455 1483 1492; x_wconf 80' lang='lat' dir='ltr'>ostendi</span> <span class='ocrx_word' id='word_1_206' title='bbox 1507 1468 1597 1505; x_wconf 83' lang='lat' dir='ltr'>pos—</span> 
     </span>
     <span class='ocr_line' id='line_1_22' title="bbox 142 1514 1597 1565; baseline 0.001 -14"><span class='ocrx_word' id='word_1_207' title='bbox 142 1518 198 1551; x_wconf 76' lang='lat' dir='ltr'>set</span> <span class='ocrx_word' id='word_1_208' title='bbox 224 1526 288 1563; x_wconf 83' lang='lat' dir='ltr'>per</span> <span class='ocrx_word' id='word_1_209' title='bbox 311 1514 407 1551; x_wconf 75' lang='lat' dir='ltr'>hanc</span> <span class='ocrx_word' id='word_1_210' title='bbox 432 1516 531 1550; x_wconf 80' lang='lat' dir='ltr'>uiam</span> <span class='ocrx_word' id='word_1_211' title='bbox 558 1526 703 1552; x_wconf 80' lang='lat' dir='ltr'>sacram</span> <span class='ocrx_word' id='word_1_212' title='bbox 725 1514 908 1563; x_wconf 79' lang='lat' dir='ltr'>quandam</span> <span class='ocrx_word' id='word_1_213' title='bbox 934 1527 1103 1564; x_wconf 81' lang='lat' dir='ltr'>pompam</span> <span class='ocrx_word' id='word_1_214' title='bbox 1128 1515 1210 1552; x_wconf 80' lang='lat' dir='ltr'>duci</span> <span class='ocrx_word' id='word_1_215' title='bbox 1234 1516 1394 1564; x_wconf 81' lang='lat' dir='ltr'>solitam,</span> <span class='ocrx_word' id='word_1_216' title='bbox 1423 1519 1459 1554; x_wconf 84' lang='grc' dir='ltr'>ἱη</span> <span class='ocrx_word' id='word_1_217' title='bbox 1485 1529 1597 1565; x_wconf 75' lang='lat' dir='ltr'>quam</span> 
     </span>
     <span class='ocr_line' id='line_1_23' title="bbox 142 1575 1598 1626; baseline 0.001 -14"><span class='ocrx_word' id='word_1_218' title='bbox 142 1586 191 1612; x_wconf 74' lang='lat' dir='ltr'>ex</span> <span class='ocrx_word' id='word_1_219' title='bbox 223 1575 370 1612; x_wconf 73' lang='lat' dir='ltr'>aedibus</span> <span class='ocrx_word' id='word_1_220' title='bbox 402 1575 578 1624; x_wconf 78' lang='lat' dir='ltr'>despicere</span> <span class='ocrx_word' id='word_1_221' title='bbox 609 1588 682 1613; x_wconf 67' lang='lat' dir='ltr'>iton</span> <span class='ocrx_word' id='word_1_222' title='bbox 713 1575 863 1623; x_wconf 63' lang='lat' dir='ltr'>licebat,</span> <span class='ocrx_word' id='word_1_223' title='bbox 898 1582 1017 1625; x_wconf 77' lang='lat' dir='ltr'>posset</span> <span class='ocrx_word' id='word_1_224' title='bbox 1043 1582 1137 1614; x_wconf 73' lang='lat' dir='ltr'>tecta</span> <span class='ocrx_word' id='word_1_225' title='bbox 1169 1580 1233 1614; x_wconf 74' lang='lat' dir='ltr'>uia</span> <span class='ocrx_word' id='word_1_226' title='bbox 1268 1580 1351 1626; x_wconf 75' lang='lat' dir='ltr'>capi</span> <span class='ocrx_word' id='word_1_227' title='bbox 1380 1582 1421 1614; x_wconf 80' lang='lat' dir='ltr'>ut</span> <span class='ocrx_word' id='word_1_228' title='bbox 1454 1577 1598 1615; x_wconf 81' lang='lat' dir='ltr'>uelatae</span> 
     </span>
     <span class='ocr_line' id='line_1_24' title="bbox 143 1637 1595 1686; baseline 0.003 -13"><span class='ocrx_word' id='word_1_229' title='bbox 143 1638 229 1673; x_wconf 75' lang='lat' dir='ltr'>uiae</span> <span class='ocrx_word' id='word_1_230' title='bbox 255 1637 354 1686; x_wconf 83' lang='lat' dir='ltr'>apud</span> <span class='ocrx_word' id='word_1_231' title='bbox 378 1642 543 1676; x_wconf 72' lang='lat' dir='ltr'>nostrum</span> <span class='ocrx_word' id='word_1_232' title='bbox 569 1641 590 1673; x_wconf 87' lang='lat'><strong>3</strong></span> <span class='ocrx_word' id='word_1_233' title='bbox 619 1650 693 1675; x_wconf 82' lang='lat' dir='ltr'>am.</span> <span class='ocrx_word' id='word_1_234' title='bbox 722 1641 783 1685; x_wconf 83' lang='lat'>13,</span> <span class='ocrx_word' id='word_1_235' title='bbox 811 1642 855 1672; x_wconf 90' lang='lat'>12</span> <span class='ocrx_word' id='word_1_236' title='bbox 864 1651 875 1683; x_wconf 89' lang='lat'>;</span> <span class='ocrx_word' id='word_1_237' title='bbox 901 1638 963 1675; x_wconf 86' lang='lat' dir='ltr'>sed</span> <span class='ocrx_word' id='word_1_238' title='bbox 988 1639 1078 1676; x_wconf 67' lang='lat' dir='ltr'>nihil</span> <span class='ocrx_word' id='word_1_239' title='bbox 1103 1639 1191 1676; x_wconf 63' lang='lat' dir='ltr'>mihi,</span> <span class='ocrx_word' id='word_1_240' title='bbox 1218 1639 1259 1675; x_wconf 86' lang='lat' dir='ltr'>de</span> <span class='ocrx_word' id='word_1_241' title='bbox 1284 1639 1353 1676; x_wconf 76' lang='lat' dir='ltr'>illa</span> <span class='ocrx_word' id='word_1_242' title='bbox 1376 1639 1505 1677; x_wconf 78' lang='lat' dir='ltr'>lectum</span> <span class='ocrx_word' id='word_1_243' title='bbox 1529 1644 1595 1677; x_wconf 78' lang='lat' dir='ltr'>est.</span> 
     </span>
     <span class='ocr_line' id='line_1_25' title="bbox 145 1698 1598 1751; baseline 0.003 -17"><span class='ocrx_word' id='word_1_244' title='bbox 145 1698 330 1747; x_wconf 86' lang='lat' dir='ltr'>Cogitauit</span> <span class='ocrx_word' id='word_1_245' title='bbox 355 1699 402 1736; x_wconf 92' lang='lat' dir='ltr'>de</span> <span class='ocrx_word' id='word_1_246' title='bbox 428 1711 482 1747; x_wconf 88' lang='lat' dir='ltr'>re,</span> <span class='ocrx_word' id='word_1_247' title='bbox 510 1712 618 1750; x_wconf 88' lang='lat' dir='ltr'>quam</span> <span class='ocrx_word' id='word_1_248' title='bbox 649 1706 772 1735; x_wconf 83' lang='lat' dir='ltr'>narrat</span> <span class='ocrx_word' id='word_1_249' title='bbox 792 1699 954 1736; x_wconf 89' lang='lat' dir='ltr'>Macrob.</span> <span class='ocrx_word' id='word_1_250' title='bbox 977 1708 1044 1738; x_wconf 90' lang='lat' dir='ltr'>sat.</span> <span class='ocrx_word' id='word_1_251' title='bbox 1067 1705 1102 1748; x_wconf 89' lang='lat' dir='ltr'>l,</span> <span class='ocrx_word' id='word_1_252' title='bbox 1117 1703 1155 1748; x_wconf 87' lang='lat'>6,</span> <span class='ocrx_word' id='word_1_253' title='bbox 1177 1714 1216 1751; x_wconf 86' lang='lat' dir='ltr'>p.</span> <span class='ocrx_word' id='word_1_254' title='bbox 1232 1703 1318 1737; x_wconf 90' lang='grc'><strong>209.</strong></span> <span class='ocrx_word' id='word_1_255' title='bbox 1359 1702 1467 1750; x_wconf 88' lang='lat' dir='ltr'>Atqui</span> <span class='ocrx_word' id='word_1_256' title='bbox 1493 1714 1598 1751; x_wconf 90' lang='lat' dir='ltr'>pom-</span> 
     </span>
     <span class='ocr_line' id='line_1_26' title="bbox 145 1760 1597 1812; baseline 0.004 -18"><span class='ocrx_word' id='word_1_257' title='bbox 145 1769 219 1808; x_wconf 83' lang='lat' dir='ltr'>pae</span> <span class='ocrx_word' id='word_1_258' title='bbox 245 1770 289 1796; x_wconf 86' lang='lat' dir='ltr'>ex</span> <span class='ocrx_word' id='word_1_259' title='bbox 315 1760 385 1796; x_wconf 85' lang='lat' dir='ltr'>ista</span> <span class='ocrx_word' id='word_1_260' title='bbox 411 1761 502 1798; x_wconf 85' lang='lat' dir='ltr'>aede</span> <span class='ocrx_word' id='word_1_261' title='bbox 529 1761 624 1797; x_wconf 88' lang='lat' dir='ltr'>duae</span> <span class='ocrx_word' id='word_1_262' title='bbox 652 1768 750 1797; x_wconf 89' lang='lat' dir='ltr'>certe</span> <span class='ocrx_word' id='word_1_263' title='bbox 778 1760 860 1797; x_wconf 91' lang='lat' dir='ltr'>duci</span> <span class='ocrx_word' id='word_1_264' title='bbox 894 1769 1184 1809; x_wconf 89' lang='lat' dir='ltr'>consueuerunt,</span> <span class='ocrx_word' id='word_1_265' title='bbox 1212 1762 1327 1799; x_wconf 90' lang='lat' dir='ltr'>altera</span> <span class='ocrx_word' id='word_1_266' title='bbox 1353 1763 1516 1812; x_wconf 88' lang='lat' dir='ltr'>equitum</span> <span class='ocrx_word' id='word_1_267' title='bbox 1542 1763 1597 1800; x_wconf 86' lang='lat' dir='ltr'>ld.</span> 
     </span>
     <span class='ocr_line' id='line_1_27' title="bbox 145 1819 1599 1874; baseline 0.004 -20"><span class='ocrx_word' id='word_1_268' title='bbox 145 1819 266 1868; x_wconf 88' lang='lat' dir='ltr'>Iuliis,</span> <span class='ocrx_word' id='word_1_269' title='bbox 300 1820 347 1857; x_wconf 89' lang='lat' dir='ltr'>de</span> <span class='ocrx_word' id='word_1_270' title='bbox 373 1834 446 1871; x_wconf 90' lang='lat' dir='ltr'>qua</span> <span class='ocrx_word' id='word_1_271' title='bbox 472 1822 579 1858; x_wconf 90' lang='lat' dir='ltr'>Dion.</span> <span class='ocrx_word' id='word_1_272' title='bbox 610 1822 693 1858; x_wconf 85' lang='lat' dir='ltr'>Hal.</span> <span class='ocrx_word' id='word_1_273' title='bbox 719 1824 758 1868; x_wconf 89' lang='lat'>6,</span> <span class='ocrx_word' id='word_1_274' title='bbox 783 1825 853 1869; x_wconf 87' lang='grc'>13,</span> <span class='ocrx_word' id='word_1_275' title='bbox 887 1823 1001 1859; x_wconf 84' lang='lat' dir='ltr'>altera</span> <span class='ocrx_word' id='word_1_276' title='bbox 1027 1823 1262 1873; x_wconf 86' lang='lat' dir='ltr'>pontificum,</span> <span class='ocrx_word' id='word_1_277' title='bbox 1295 1836 1376 1860; x_wconf 93' lang='lat' dir='ltr'>cum</span> <span class='ocrx_word' id='word_1_278' title='bbox 1409 1824 1599 1874; x_wconf 87' lang='lat' dir='ltr'>aquaelicii</span> 
     </span>
     <span class='ocr_line' id='line_1_28' title="bbox 145 1882 1599 1935; baseline 0.005 -19"><span class='ocrx_word' id='word_1_279' title='bbox 145 1892 256 1917; x_wconf 90' lang='lat' dir='ltr'>causa</span> <span class='ocrx_word' id='word_1_280' title='bbox 282 1882 433 1918; x_wconf 87' lang='lat' dir='ltr'>manalis</span> <span class='ocrx_word' id='word_1_281' title='bbox 459 1883 550 1931; x_wconf 90' lang='lat' dir='ltr'>lapis</span> <span class='ocrx_word' id='word_1_282' title='bbox 577 1894 621 1918; x_wconf 86' lang='lat' dir='ltr'>ex</span> <span class='ocrx_word' id='word_1_283' title='bbox 648 1882 776 1918; x_wconf 88' lang='lat' dir='ltr'>eodem</span> <span class='ocrx_word' id='word_1_284' title='bbox 804 1883 884 1919; x_wconf 93' lang='lat' dir='ltr'>loco</span> <span class='ocrx_word' id='word_1_285' title='bbox 911 1884 947 1919; x_wconf 90' lang='lat' dir='ltr'>in</span> <span class='ocrx_word' id='word_1_286' title='bbox 977 1885 1101 1921; x_wconf 86' lang='lat' dir='ltr'>urbem</span> <span class='ocrx_word' id='word_1_287' title='bbox 1128 1885 1417 1935; x_wconf 87' lang='lat' dir='ltr'>pertraheretur,</span> <span class='ocrx_word' id='word_1_288' title='bbox 1444 1885 1599 1923; x_wconf 86' lang='lat' dir='ltr'>docente</span> 
     </span>
     <span class='ocr_line' id='line_1_29' title="bbox 144 1940 946 1992; baseline 0.004 -14"><span class='ocrx_word' id='word_1_289' title='bbox 144 1940 261 1978; x_wconf 86' lang='lat' dir='ltr'>Paulo</span> <span class='ocrx_word' id='word_1_290' title='bbox 287 1943 391 1979; x_wconf 88' lang='lat' dir='ltr'>Diae.</span> <span class='ocrx_word' id='word_1_291' title='bbox 418 1956 456 1992; x_wconf 83' lang='lat' dir='ltr'>p.</span> <span class='ocrx_word' id='word_1_292' title='bbox 474 1945 560 1990; x_wconf 84' lang='lat'>128,</span> <span class='ocrx_word' id='word_1_293' title='bbox 585 1944 608 1978; x_wconf 89' lang='lat'>5</span> <span class='ocrx_word' id='word_1_294' title='bbox 636 1950 673 1979; x_wconf 89' lang='lat' dir='ltr'>et</span> <span class='ocrx_word' id='word_1_295' title='bbox 698 1946 743 1990; x_wconf 82' lang='lat'>63</span> <span class='ocrx_word' id='word_1_296' title='bbox 773 1957 809 1992; x_wconf 87' lang='lat' dir='ltr'>p.</span> <span class='ocrx_word' id='word_1_297' title='bbox 825 1947 864 1992; x_wconf 85' lang='lat'>2,</span> <span class='ocrx_word' id='word_1_298' title='bbox 887 1948 946 1981; x_wconf 87' lang='lat'>12.</span> 
     </span>
    </p>

    <p class='ocr_par' dir='ltr' id='par_1_4' title="bbox 146 2004 1602 2411">
     <span class='ocr_line' id='line_1_30' title="bbox 248 2004 1600 2056; baseline 0.002 -16"><span class='ocrx_word' id='word_1_299' title='bbox 248 2004 602 2054; x_wconf 80' lang='lat' dir='ltr'>Locus.antiquitus</span> <span class='ocrx_word' id='word_1_300' title='bbox 636 2004 847 2053; x_wconf 83' lang='lat' dir='ltr'>religiosus,</span> <span class='ocrx_word' id='word_1_301' title='bbox 886 2005 943 2041; x_wconf 91' lang='lat' dir='ltr'>cui</span> <span class='ocrx_word' id='word_1_302' title='bbox 978 2013 1100 2044; x_wconf 87' lang='lat' dir='ltr'>tamen</span> <span class='ocrx_word' id='word_1_303' title='bbox 1136 2007 1340 2044; x_wconf 87' lang='lat' dir='ltr'>Vestalibus</span> <span class='ocrx_word' id='word_1_304' title='bbox 1375 2007 1600 2056; x_wconf 90' lang='lat' dir='ltr'>potissimum</span> 
     </span>
     <span class='ocr_line' id='line_1_31' title="bbox 147 2065 1599 2113; baseline 0.002 -12"><span class='ocrx_word' id='word_1_305' title='bbox 147 2066 367 2102; x_wconf 84' lang='lat' dir='ltr'>caerimonia</span> <span class='ocrx_word' id='word_1_306' title='bbox 394 2074 431 2103; x_wconf 92' lang='lat' dir='ltr'>et</span> <span class='ocrx_word' id='word_1_307' title='bbox 457 2066 573 2102; x_wconf 87' lang='lat' dir='ltr'>honos</span> <span class='ocrx_word' id='word_1_308' title='bbox 597 2065 848 2113; x_wconf 78' lang='lat' dir='ltr'>exhibebatur,</span> <span class='ocrx_word' id='word_1_309' title='bbox 875 2066 911 2101; x_wconf 91' lang='lat' dir='ltr'>in</span> <span class='ocrx_word' id='word_1_310' title='bbox 932 2066 1041 2103; x_wconf 89' lang='lat' dir='ltr'>Noua</span> <span class='ocrx_word' id='word_1_311' title='bbox 1069 2069 1127 2104; x_wconf 89' lang='lat' dir='ltr'>uia</span> <span class='ocrx_word' id='word_1_312' title='bbox 1154 2068 1429 2107; x_wconf 84' lang='lat' dir='ltr'>commemorari</span> <span class='ocrx_word' id='word_1_313' title='bbox 1455 2067 1599 2104; x_wconf 88' lang='lat' dir='ltr'>uidetur</span> 
     </span>
     <span class='ocr_line' id='line_1_32' title="bbox 147 2126 1601 2179; baseline 0 -16"><span class='ocrx_word' id='word_1_314' title='bbox 147 2129 185 2171; x_wconf 87' lang='lat'>6,</span> <span class='ocrx_word' id='word_1_315' title='bbox 204 2128 409 2164; x_wconf 80' lang='lat'>395-97.</span> <span class='ocrx_word' id='word_1_316' title='bbox 462 2126 629 2163; x_wconf 86' lang='lat' dir='ltr'>Eundem</span> <span class='ocrx_word' id='word_1_317' title='bbox 658 2127 752 2163; x_wconf 88' lang='lat' dir='ltr'>enim</span> <span class='ocrx_word' id='word_1_318' title='bbox 778 2129 1008 2177; x_wconf 80' lang='lat' dir='ltr'>assignificari</span> <span class='ocrx_word' id='word_1_319' title='bbox 1043 2137 1133 2179; x_wconf 88' lang='lat' dir='ltr'>puto</span> <span class='ocrx_word' id='word_1_320' title='bbox 1161 2143 1182 2166; x_wconf 89' lang='lat' dir='ltr'>a</span> <span class='ocrx_word' id='word_1_321' title='bbox 1209 2131 1375 2166; x_wconf 83' lang='lat' dir='ltr'>Varrone</span> <span class='ocrx_word' id='word_1_322' title='bbox 1400 2130 1503 2175; x_wconf 86' lang='lat' dir='ltr'>loco,</span> <span class='ocrx_word' id='word_1_323' title='bbox 1539 2127 1601 2176; x_wconf 90' lang='lat' dir='ltr'>qui</span> 
     </span>
     <span class='ocr_line' id='line_1_33' title="bbox 146 2188 1602 2239; baseline 0.001 -15"><span class='ocrx_word' id='word_1_324' title='bbox 146 2188 304 2226; x_wconf 85' lang='lat' dir='ltr'>fortasse</span> <span class='ocrx_word' id='word_1_325' title='bbox 330 2189 415 2225; x_wconf 91' lang='lat' dir='ltr'>satis</span> <span class='ocrx_word' id='word_1_326' title='bbox 445 2195 500 2224; x_wconf 91' lang='lat' dir='ltr'>est</span> <span class='ocrx_word' id='word_1_327' title='bbox 526 2189 668 2237; x_wconf 82' lang='lat' dir='ltr'>integer</span> <span class='ocrx_word' id='word_1_328' title='bbox 693 2189 729 2224; x_wconf 90' lang='lat' dir='ltr'>in</span> <span class='ocrx_word' id='word_1_329' title='bbox 757 2189 959 2236; x_wconf 89' lang='lat' dir='ltr'>codicibus,</span> <span class='ocrx_word' id='word_1_330' title='bbox 993 2190 1038 2226; x_wconf 90' lang='lat' dir='ltr'>de</span> <span class='ocrx_word' id='word_1_331' title='bbox 1065 2191 1090 2228; x_wconf 90' lang='lat'>1.</span> <span class='ocrx_word' id='word_1_332' title='bbox 1117 2191 1141 2226; x_wconf 93' lang='lat' dir='ltr'>l.</span> <span class='ocrx_word' id='word_1_333' title='bbox 1170 2193 1208 2236; x_wconf 90' lang='lat'>5,</span> <span class='ocrx_word' id='word_1_334' title='bbox 1230 2193 1300 2227; x_wconf 83' lang='lat'>43:</span> <span class='ocrx_word' id='word_1_335' title='bbox 1336 2192 1463 2239; x_wconf 79' lang='lat' dir='ltr'>quoius</span> <span class='ocrx_word' id='word_1_336' title='bbox 1488 2191 1602 2225; x_wconf 74' lang='lat' dir='ltr'>uesti—</span> 
     </span>
     <span class='ocr_line' id='line_1_34' title="bbox 147 2249 1602 2299; baseline 0.001 -14"><span class='ocrx_word' id='word_1_337' title='bbox 147 2251 236 2297; x_wconf 82' lang='lat' dir='ltr'>9ia,</span> <span class='ocrx_word' id='word_1_338' title='bbox 273 2249 367 2299; x_wconf 83' lang='lat' dir='ltr'>quod</span> <span class='ocrx_word' id='word_1_339' title='bbox 393 2262 454 2295; x_wconf 84' lang='lat' dir='ltr'>ea,</span> <span class='ocrx_word' id='word_1_340' title='bbox 491 2262 563 2299; x_wconf 79' lang='lat' dir='ltr'>qua</span> <span class='ocrx_word' id='word_1_341' title='bbox 588 2255 685 2294; x_wconf 75' lang='lat' dir='ltr'>tum,</span> <span class='ocrx_word' id='word_1_342' title='bbox 723 2249 852 2286; x_wconf 68' lang='lat' dir='ltr'>(licitur</span> <span class='ocrx_word' id='word_1_343' title='bbox 882 2250 1073 2287; x_wconf 80' lang='lat' dir='ltr'>Velabrum</span> <span class='ocrx_word' id='word_1_344' title='bbox 1105 2256 1139 2288; x_wconf 80' lang='lat' dir='ltr'>et</span> <span class='ocrx_word' id='word_1_345' title='bbox 1169 2251 1262 2288; x_wconf 74' lang='lat' dir='ltr'>vnde</span> <span class='ocrx_word' id='word_1_346' title='bbox 1292 2250 1520 2288; x_wconf 72' lang='lat' dir='ltr'>ascendebant</span> <span class='ocrx_word' id='word_1_347' title='bbox 1553 2249 1602 2287; x_wconf 83' lang='lat' dir='ltr'>ad</span> 
     </span>
     <span class='ocr_line' id='line_1_35' title="bbox 148 2311 1600 2359; baseline 0.001 -13"><span class='ocrx_word' id='word_1_348' title='bbox 148 2322 329 2348; x_wconf 80' lang='lat' dir='ltr'>summam</span> <span class='ocrx_word' id='word_1_349' title='bbox 354 2324 487 2349; x_wconf 77' lang='lat' dir='ltr'>nouam</span> <span class='ocrx_word' id='word_1_350' title='bbox 513 2315 629 2359; x_wconf 80' lang='lat' dir='ltr'>uiam,</span> <span class='ocrx_word' id='word_1_351' title='bbox 658 2311 756 2348; x_wconf 83' lang='lat' dir='ltr'>locus</span> <span class='ocrx_word' id='word_1_352' title='bbox 779 2311 950 2348; x_wconf 76' lang='lat' dir='ltr'>sacellum</span> <span class='ocrx_word' id='word_1_353' title='bbox 974 2312 1162 2349; x_wconf 71' lang='lat' dir='ltr'>Labi-nm:</span> <span class='ocrx_word' id='word_1_354' title='bbox 1197 2325 1280 2349; x_wconf 89' lang='lat' dir='ltr'>nam</span> <span class='ocrx_word' id='word_1_355' title='bbox 1307 2325 1329 2349; x_wconf 87' lang='lat' dir='ltr'>a</span> <span class='ocrx_word' id='word_1_356' title='bbox 1361 2313 1525 2350; x_wconf 88' lang='lat' dir='ltr'>Velabro·</span> <span class='ocrx_word' id='word_1_357' title='bbox 1545 2311 1600 2348; x_wconf 88' lang='lat' dir='ltr'>di-</span> 
     </span>
     <span class='ocr_line' id='line_1_36' title="bbox 149 2371 1396 2411; baseline 0.003 -4"><span class='ocrx_word' id='word_1_358' title='bbox 149 2383 294 2408; x_wconf 87' lang='lat' dir='ltr'>uersum</span> <span class='ocrx_word' id='word_1_359' title='bbox 322 2373 431 2409; x_wconf 84' lang='lat' dir='ltr'>suisse</span> <span class='ocrx_word' id='word_1_360' title='bbox 457 2374 557 2410; x_wconf 87' lang='lat' dir='ltr'>illum</span> <span class='ocrx_word' id='word_1_361' title='bbox 585 2373 703 2409; x_wconf 91' lang='lat' dir='ltr'>locum</span> <span class='ocrx_word' id='word_1_362' title='bbox 726 2371 878 2409; x_wconf 88' lang='lat' dir='ltr'>Ouidius</span> <span class='ocrx_word' id='word_1_363' title='bbox 906 2386 940 2409; x_wconf 87' lang='lat' dir='ltr'>u.</span> <span class='ocrx_word' id='word_1_364' title='bbox 957 2374 1029 2409; x_wconf 79' lang='lat'>405</span> <span class='ocrx_word' id='word_1_365' title='bbox 1057 2374 1216 2411; x_wconf 85' lang='lat' dir='ltr'>indicare</span> <span class='ocrx_word' id='word_1_366' title='bbox 1239 2375 1396 2411; x_wconf 81' lang='lat' dir='ltr'>uidetur.</span> 
     </span>
    </p>

    <p class='ocr_par' dir='ltr' id='par_1_5' title="bbox 150 2433 1606 2791">
     <span class='ocr_line' id='line_1_37' title="bbox 251 2433 1603 2485; baseline 0.001 -17"><span class='ocrx_word' id='word_1_367' title='bbox 251 2433 372 2469; x_wconf 89' lang='lat' dir='ltr'>Lucus</span> <span class='ocrx_word' id='word_1_368' title='bbox 400 2435 452 2482; x_wconf 88' lang='lat' dir='ltr'>is,</span> <span class='ocrx_word' id='word_1_369' title='bbox 480 2435 540 2484; x_wconf 90' lang='lat' dir='ltr'>qui</span> <span class='ocrx_word' id='word_1_370' title='bbox 567 2436 605 2482; x_wconf 85' lang='lat'>6,</span> <span class='ocrx_word' id='word_1_371' title='bbox 634 2435 706 2470; x_wconf 82' lang='lat'>503</span> <span class='ocrx_word' id='word_1_372' title='bbox 735 2434 928 2481; x_wconf 80' lang='lat' dir='ltr'>indicatur,</span> <span class='ocrx_word' id='word_1_373' title='bbox 957 2435 1016 2470; x_wconf 83' lang='lat' dir='ltr'>ubi</span> <span class='ocrx_word' id='word_1_374' title='bbox 1042 2436 1129 2472; x_wconf 85' lang='lat' dir='ltr'>situs</span> <span class='ocrx_word' id='word_1_375' title='bbox 1155 2436 1278 2483; x_wconf 81' lang='lat' dir='ltr'>suerit,</span> <span class='ocrx_word' id='word_1_376' title='bbox 1307 2435 1530 2485; x_wconf 87' lang='lat' dir='ltr'>potissimum</span> <span class='ocrx_word' id='word_1_377' title='bbox 1557 2446 1603 2471; x_wconf 83' lang='lat' dir='ltr'>ex</span> 
     </span>
     <span class='ocr_line' id='line_1_38' title="bbox 152 2493 1604 2546; baseline 0.001 -17"><span class='ocrx_word' id='word_1_378' title='bbox 152 2505 197 2530; x_wconf 87' lang='lat' dir='ltr'>eo</span> <span class='ocrx_word' id='word_1_379' title='bbox 234 2493 314 2530; x_wconf 90' lang='lat' dir='ltr'>loco</span> <span class='ocrx_word' id='word_1_380' title='bbox 350 2501 386 2530; x_wconf 89' lang='lat' dir='ltr'>et</span> <span class='ocrx_word' id='word_1_381' title='bbox 412 2496 519 2533; x_wconf 90' lang='lat' dir='ltr'>Liuio</span> <span class='ocrx_word' id='word_1_382' title='bbox 547 2498 609 2542; x_wconf 79' lang='lat'>39,</span> <span class='ocrx_word' id='word_1_383' title='bbox 633 2499 678 2530; x_wconf 82' lang='lat'>12</span> <span class='ocrx_word' id='word_1_384' title='bbox 696 2508 777 2544; x_wconf 87' lang='lat' dir='ltr'>sqq.</span> <span class='ocrx_word' id='word_1_385' title='bbox 812 2498 1060 2544; x_wconf 79' lang='lat' dir='ltr'>cognoscitur3</span> <span class='ocrx_word' id='word_1_386' title='bbox 1097 2499 1261 2546; x_wconf 77' lang='lat' dir='ltr'>proxime</span> <span class='ocrx_word' id='word_1_387' title='bbox 1296 2498 1410 2546; x_wconf 86' lang='lat' dir='ltr'>ripam</span> <span class='ocrx_word' id='word_1_388' title='bbox 1444 2497 1604 2543; x_wconf 87' lang='lat' dir='ltr'>Tiberis,</span> 
     </span>
     <span class='ocr_line' id='line_1_39' title="bbox 151 2554 1606 2606; baseline 0.003 -16"><span class='ocrx_word' id='word_1_389' title='bbox 151 2554 350 2591; x_wconf 86' lang='lat' dir='ltr'>secundum</span> <span class='ocrx_word' id='word_1_390' title='bbox 379 2558 490 2592; x_wconf 84' lang='lat' dir='ltr'>uerba</span> <span class='ocrx_word' id='word_1_391' title='bbox 517 2557 636 2594; x_wconf 83' lang='lat' dir='ltr'>Liuii:</span> <span class='ocrx_word' id='word_1_392' title='bbox 663 2562 856 2594; x_wconf 61' lang='lat' dir='ltr'>”tatrones</span> <span class='ocrx_word' id='word_1_393' title='bbox 883 2558 1111 2595; x_wconf 80' lang='lat' dir='ltr'>Baccharum</span> <span class='ocrx_word' id='word_1_394' title='bbox 1137 2558 1261 2595; x_wconf 76' lang='lat' dir='ltr'>habitu</span> <span class='ocrx_word' id='word_1_395' title='bbox 1287 2557 1442 2595; x_wconf 77' lang='lat' dir='ltr'>crinibus</span> <span class='ocrx_word' id='word_1_396' title='bbox 1464 2559 1606 2606; x_wconf 79' lang='lat' dir='ltr'>sparsis</span> 
     </span>
     <span class='ocr_line' id='line_1_40' title="bbox 152 2615 1604 2669; baseline 0.001 -17"><span class='ocrx_word' id='word_1_397' title='bbox 152 2628 233 2653; x_wconf 71' lang='lat' dir='ltr'>cunt</span> <span class='ocrx_word' id='word_1_398' title='bbox 253 2615 462 2655; x_wconf 77' lang='lat' dir='ltr'>ardentibus</span> <span class='ocrx_word' id='word_1_399' title='bbox 487 2618 632 2664; x_wconf 75' lang='lat' dir='ltr'>facibus</span> <span class='ocrx_word' id='word_1_400' title='bbox 651 2618 835 2656; x_wconf 81' lang='lat' dir='ltr'>decurrere</span> <span class='ocrx_word' id='word_1_401' title='bbox 855 2619 905 2656; x_wconf 81' lang='lat' dir='ltr'>ad</span> <span class='ocrx_word' id='word_1_402' title='bbox 924 2618 1101 2666; x_wconf 78' lang='lat' dir='ltr'>Tiberim3</span> <span class='ocrx_word' id='word_1_403' title='bbox 1127 2632 1234 2669; x_wconf 83' lang='lat' dir='ltr'>quam</span> <span class='ocrx_word' id='word_1_404' title='bbox 1263 2620 1425 2669; x_wconf 82' lang='lat' dir='ltr'>proxime</span> <span class='ocrx_word' id='word_1_405' title='bbox 1451 2631 1472 2654; x_wconf 90' lang='lat' dir='ltr'>a</span> <span class='ocrx_word' id='word_1_406' title='bbox 1499 2619 1604 2667; x_wconf 90' lang='lat' dir='ltr'>mari,</span> 
     </span>
     <span class='ocr_line' id='line_1_41' title="bbox 152 2675 1606 2729; baseline 0.001 -14"><span class='ocrx_word' id='word_1_407' title='bbox 152 2675 229 2715; x_wconf 87' lang='lat' dir='ltr'>Ou.</span> <span class='ocrx_word' id='word_1_408' title='bbox 250 2678 392 2725; x_wconf 81' lang='lat' dir='ltr'>u.502‚</span> <span class='ocrx_word' id='word_1_409' title='bbox 421 2691 493 2715; x_wconf 88' lang='lat' dir='ltr'>non</span> <span class='ocrx_word' id='word_1_410' title='bbox 519 2687 639 2716; x_wconf 86' lang='lat' dir='ltr'>tamen</span> <span class='ocrx_word' id='word_1_411' title='bbox 665 2681 733 2716; x_wconf 89' lang='lat' dir='ltr'>sub</span> <span class='ocrx_word' id='word_1_412' title='bbox 760 2681 839 2729; x_wconf 90' lang='lat' dir='ltr'>ipso</span> <span class='ocrx_word' id='word_1_413' title='bbox 857 2682 1049 2727; x_wconf 80' lang='lat' dir='ltr'>Auentino,</span> <span class='ocrx_word' id='word_1_414' title='bbox 1077 2695 1112 2718; x_wconf 89' lang='lat' dir='ltr'>u.</span> <span class='ocrx_word' id='word_1_415' title='bbox 1131 2683 1219 2729; x_wconf 84' lang='lat'>518,</span> <span class='ocrx_word' id='word_1_416' title='bbox 1247 2693 1314 2718; x_wconf 87' lang='lat' dir='ltr'>nec</span> <span class='ocrx_word' id='word_1_417' title='bbox 1334 2679 1454 2729; x_wconf 75' lang='lat' dir='ltr'>longe,</span> <span class='ocrx_word' id='word_1_418' title='bbox 1481 2681 1511 2716; x_wconf 86' lang='lat' dir='ltr'>si</span> <span class='ocrx_word' id='word_1_419' title='bbox 1527 2679 1606 2717; x_wconf 87' lang='lat' dir='ltr'>fieri</span> 
     </span>
     <span class='ocr_line' id='line_1_42' title="bbox 150 2738 1605 2791; baseline 0.001 -14"><span class='ocrx_word' id='word_1_420' title='bbox 150 2745 288 2791; x_wconf 86' lang='lat' dir='ltr'>potest,</span> <span class='ocrx_word' id='word_1_421' title='bbox 316 2751 339 2776; x_wconf 90' lang='lat' dir='ltr'>a</span> <span class='ocrx_word' id='word_1_422' title='bbox 364 2738 446 2776; x_wconf 83' lang='lat' dir='ltr'>soro</span> <span class='ocrx_word' id='word_1_423' title='bbox 468 2739 592 2777; x_wconf 87' lang='lat' dir='ltr'>boario</span> <span class='ocrx_word' id='word_1_424' title='bbox 619 2748 656 2778; x_wconf 91' lang='lat' dir='ltr'>et</span> <span class='ocrx_word' id='word_1_425' title='bbox 684 2742 821 2791; x_wconf 89' lang='lat' dir='ltr'>templo</span> <span class='ocrx_word' id='word_1_426' title='bbox 841 2741 1007 2779; x_wconf 86' lang='lat' dir='ltr'>Matutae</span> <span class='ocrx_word' id='word_1_427' title='bbox 1026 2742 1137 2779; x_wconf 81' lang='lat' dir='ltr'>fuisse</span> <span class='ocrx_word' id='word_1_428' title='bbox 1163 2743 1343 2780; x_wconf 90' lang='lat' dir='ltr'>conuenit.</span> <span class='ocrx_word' id='word_1_429' title='bbox 1389 2743 1482 2779; x_wconf 87' lang='lat' dir='ltr'>Hinc</span> <span class='ocrx_word' id='word_1_430' title='bbox 1505 2746 1605 2779; x_wconf 82' lang='lat' dir='ltr'>recte</span> 
     </span>
    </p>
   </div>
  </div>
 </body>
</html>
