1685 2954
97 68 280 99 CCXXXU
717 67 773 98 Dr:
802 68 898 99 oms

97 173 237 207 restant
263 166 338 206 duo
368 167 555 217 geniorum
588 177 742 217 genera,
775 167 823 207 de
857 169 986 220 quibus
1012 169 1185 208 Etruscos
1211 171 1442 221 praecepisse
1466 184 1541 209 non

97 230 256 269 inuenio.
317 229 478 266 Alterum
513 229 674 266 locorum
708 235 781 278 est3
817 230 924 268 Seru.
951 231 998 269 ad
1023 233 1114 269 Aen.
1142 234 1182 281 5,
1208 233 1280 281 853
1310 232 1384 269 95:
1421 233 1544 270 nullus

98 291 200 330 locus
224 293 302 328 sine
324 291 428 338 genio
453 293 519 326 est.
574 290 772 334 Quaeritur
802 292 932 342 igitur,
968 299 1090 331 utrum
1116 301 1267 344 penates
1293 299 1331 330 et
1355 293 1424 343 ipsi
1450 294 1543 331 lares

98 352 295 390 familiares
320 350 457 388 fuerint
483 351 578 401 genii
602 351 788 400 domuum,
815 365 861 390 an
887 355 985 403 genii
1012 357 1175 392 locorum
1203 367 1327 391 manes
1353 354 1546 392 defuncto-

99 425 194 460 rum,
221 412 283 462 qui
309 412 413 461 quasi
437 412 632 450 reciderint
658 413 694 449 in
718 419 866 462 terram,
891 416 1195 465 quemadmodum
1216 417 1365 454 Seruius
1388 416 1434 453 ad
1456 419 1546 453 Aen.

99 476 137 521 6,
156 474 228 509 152
256 473 392 510 animas
418 473 455 509 in
481 475 552 510 suis
578 473 742 511 domibus
762 475 986 524 sepultorum
1014 478 1107 514 lares
1128 478 1310 528 appellat:
1339 477 1437 528 quod
1462 484 1544 514 tan-

97 541 250 571 tumnon
284 534 442 583 probare
470 534 556 571 mihi
593 534 739 571 uidetur
775 536 988 575 Clausenius
1014 551 1052 588 p.
1081 541 1178 575 1016
1196 552 1276 589 sqq.
1335 538 1411 576 Sed
1444 537 1543 575 idem

99 595 256 634 Seruius
292 595 425 632 ibidem
453 608 533 632 cum
566 604 719 646 penates
747 596 816 633 hoc
842 599 986 635 nomine
1020 599 1206 648 distinguit
1240 613 1262 637 a
1292 601 1448 647 laribus,
1483 599 1549 636 de-

99 663 278 694 monstrat
321 669 393 694 non
435 669 504 707 per
538 669 662 694 omnes
704 656 808 693 huius
843 657 941 694 modi
979 659 1168 708 religiones
1204 672 1321 710 aeque
1355 661 1549 698 inualuisse

99 718 339 755 Etruscorum
367 718 514 768 placita.
566 718 692 767 ltaque
718 717 871 754 alterum
907 731 1055 768 quoque
1080 716 1268 768 geniorum
1295 735 1424 772 genus,
1449 722 1548 772 quod

101 785 158 818 est
183 779 370 816 hominum
397 779 483 816 dum
511 779 654 826 uiuunt,
682 780 809 816 anima
831 781 999 828 cuiusque
1018 782 1225 830 rationalis,
1253 790 1293 820 ut
1317 785 1436 820 Varro
1463 783 1552 819 dixit

100 841 151 879 fr.
172 844 240 886 10,
269 842 455 891 proprium
481 842 728 879 Romanorum
756 842 972 891 putauerim.
1025 841 1083 879 De
1117 843 1187 879 hoc
1218 845 1372 881 maxime
1399 843 1552 880 Ouidius

102 902 416 949 commemorauit,
444 903 473 939 si
500 915 610 939 unum
637 902 757 939 locum
784 903 955 952 excipias,
983 907 1020 948 2,
1037 903 1126 951 543,
1154 905 1214 941 ubi
1241 906 1278 942 in
1304 917 1344 942 re
1365 904 1553 953 Virgilium

103 963 144 1012 5,
171 965 221 1002 75
247 977 344 1013 sqq.,
369 963 404 1000 in
431 964 614 1001 locutione
641 961 814 1001 Varronis
841 966 1077 1012 sententiam,
1113 966 1223 1017 idque
1250 968 1410 1018 primus,
1437 978 1554 1016 quan-

102 1031 181 1062 tum
207 1025 338 1072 sciam,
363 1025 578 1074 scriptorum
606 1037 862 1073 romanorum,
889 1033 944 1063 est
970 1033 1136 1064 secutus:
1174 1029 1271 1065 aliud
1299 1029 1392 1066 enim
1419 1034 1475 1064 est
1500 1029 1555 1064 iu-

103 1086 227 1124 dicare
255 1085 410 1124 eundem
437 1098 517 1122 esse
543 1086 687 1135 genium
714 1093 751 1122 et
776 1087 904 1134 larem,
931 1088 1030 1137 quod
1058 1096 1204 1138 praeter
1228 1089 1433 1129 Varronem
1461 1089 1554 1126 mul-

103 1153 162 1186 tos
186 1148 315 1186 fecisse
349 1153 510 1184 testatur
536 1148 758 1185 Censorinus
786 1160 816 1184 c.
837 1152 875 1197 3,
909 1149 1006 1186 aliud
1042 1152 1245 1200 promiscue
1271 1162 1461 1200 usurpare.
1513 1150 1554 1187 In

104 1209 262 1248 eundem
282 1222 442 1258 sensum,
467 1209 531 1247 sed
552 1221 761 1260 perperam,
785 1211 874 1247 alius
895 1211 994 1248 locus
1014 1210 1215 1249 Ouidianus
1231 1216 1269 1260 3,
1283 1214 1349 1250 58:
1376 1213 1556 1262 Acceptms

101 1273 219 1321 geniis
244 1271 310 1308 ma
331 1270 577 1321 (Larentalia)
599 1270 791 1309 December
815 1271 922 1310 habet
948 1274 1149 1323 explicatur
1169 1273 1215 1309 ab
1236 1273 1428 1323 Hartungo
1453 1278 1490 1321 1,
1506 1275 1556 1311 39

105 1339 145 1370 et
170 1333 364 1370 Clausenio
390 1345 428 1382 p.
454 1333 564 1368 1024.
626 1332 816 1383 Nusquam
851 1335 922 1383 legi
947 1334 1200 1370 Larentalibus
1235 1334 1359 1383 genios
1396 1335 1556 1383 placari:

105 1394 315 1432 Saturnalia
336 1394 525 1444 genialiter
549 1399 630 1430 acta
656 1400 694 1431 et
720 1407 844 1432 mense
862 1395 1055 1433 Decembri
1082 1395 1162 1445 quis
1190 1394 1359 1444 ignorat?
1387 1397 1556 1434 Tertium

106 1467 278 1506 quoque,
314 1454 412 1505 quod
449 1454 547 1505 apud
576 1454 748 1492 Ouidium
776 1463 856 1504 est,
892 1456 1021 1494 eodem
1048 1456 1156 1494 modo
1183 1458 1344 1506 peruerti
1372 1459 1492 1507 potuit
1517 1460 1557 1507 5,

105 1518 203 1555 145:
243 1516 352 1555 Mille
385 1516 482 1553 lares
514 1517 726 1566 geniumque
757 1516 880 1566 ducis,
917 1520 978 1567 qui
1012 1518 1164 1556 tradidit
1187 1518 1289 1562 illos,
1321 1517 1415 1555 Vrbs
1439 1519 1557 1557 habet.

107 1578 221 1616 Vides
248 1579 343 1616 lares
369 1579 505 1628 priscos
536 1578 702 1626 coniungi
727 1590 809 1614 cum
837 1580 943 1627 genio
970 1581 1145 1630 Augusti,
1184 1579 1282 1629 quod
1309 1580 1433 1617 titulus
1459 1581 1559 1631 apud

109 1639 289 1678 Orellium
318 1653 354 1677 n.
385 1641 484 1676 1667
511 1639 726 1676 confirmare
752 1640 907 1677 uidetur.
961 1643 1006 1679 At
1038 1642 1174 1678 sactum
1202 1647 1257 1677 est
1291 1652 1336 1677 ex
1362 1654 1434 1690 quo
1462 1643 1561 1691 prin-

108 1713 196 1751 ceps
222 1701 310 1738 deos
337 1700 510 1746 tradidit,
537 1700 573 1737 11.
602 1713 636 1738 e.
663 1701 784 1737 denuo
811 1703 1060 1747 consecrauit,
1094 1703 1146 1739 uti
1172 1701 1280 1738 docet
1305 1701 1412 1739 inser.
1441 1702 1558 1742 Orell.

108 1775 148 1800 n.
177 1764 290 1810 1668,
317 1762 536 1811 Compitalia
564 1762 648 1798 bina
675 1774 762 1799 uere
786 1768 823 1798 et
850 1765 1177 1812 Augnsto‘mense,
1204 1764 1255 1800 uti
1283 1777 1320 1800 u.
1339 1766 1412 1801 147
1439 1765 1561 1815 docet,

110 1823 263 1860 instituit
289 1830 380 1860 teste
401 1822 578 1859 Suetonio
596 1822 681 1861 Oct.
701 1836 734 1861 c.
755 1827 818 1872 31,
844 1836 931 1874 ergo
957 1832 1043 1862 ante
1071 1825 1146 1861 eius
1172 1830 1341 1873 mortem,
1367 1838 1440 1876 quo
1466 1833 1560 1864 tem-

111 1896 207 1935 pore
233 1884 382 1934 quintus
409 1896 557 1934 quoque
588 1885 680 1921 liber
704 1885 858 1940 scriptus
884 1893 940 1923 est
965 1899 987 1924 a
1013 1893 1144 1937 poeta3
1178 1887 1287 1923 immo
1314 1894 1400 1925 ante
1425 1901 1561 1927 annum

110 1945 158 1983 V.
186 1945 232 1982 C.
257 1947 330 1982 741
358 1947 607 1996 scriptumque
632 1947 679 1983 ab
704 1946 856 1984 Horatio
884 1950 1098 1986 uersiculum
1125 1949 1186 1986 lib.
1204 1950 1242 1997 4,
1260 1949 1299 1997 5,
1314 1951 1380 1986 34:
1407 1955 1441 1987 et
1467 1951 1563 1989 lari-

111 2005 180 2043 bus
205 2010 308 2043 ticum
331 2009 468 2044 Miscet
494 2019 631 2045 numen
652 2015 764 2056 caet„
800 2009 863 2045 nisi
898 2010 967 2048 hoc
1001 2010 1272 2059 intelligendum
1309 2016 1364 2047 est
1399 2017 1438 2048 ut
1463 2011 1562 2063 apud

112 2067 287 2105 Ouidium
318 2071 355 2116 2,
383 2070 456 2105 635
484 2069 683 2107 secundum
711 2071 826 2107 bonos
853 2071 974 2115 libros,
1002 2070 1048 2108 de
1074 2072 1208 2108 laribus
1235 2067 1396 2122 priuatis,

215 2130 437 2167 Mercurii
463 2132 779 2182 interpretationes
802 2132 1054 2170 Varronianae
1077 2134 1175 2170 nulla
1202 2135 1236 2171 in
1264 2147 1304 2170 re
1329 2134 1500 2171 differunt
1513 2134 1559 2170 ab

113 2190 316 2230 Ouidianis.
368 2192 425 2229 De
450 2205 614 2230 sermone
639 2193 753 2231 medio
784 2199 945 2230 currente
970 2195 1036 2231 cfr.
1065 2197 1104 2244 5,
1132 2197 1218 2240 668,
1246 2196 1369 2233 addito
1395 2196 1561 2233 Martiani

112 2253 289 2303 Capellae
315 2254 520 2291 testimonio
547 2254 593 2291 de
620 2254 805 2291 Facundia
833 2255 1014 2292 Mercurio
1042 2264 1170 2307 nupta,
1197 2262 1238 2294 ut
1259 2259 1403 2295 Etrusci
1428 2257 1560 2301 dicunt,

113 2318 152 2359 2,
182 2318 244 2362 10,
273 2319 316 2352 1:
353 2315 400 2352 de
431 2315 685 2353 mirandarum
717 2328 838 2353 rerum
872 2319 1074 2354 inuentione
1109 2319 1176 2356 cfr.
1209 2318 1283 2357 Ou.
1305 2320 1344 2366 5,
1366 2320 1451 2365 104,
1471 2320 1561 2365 663,

114 2376 224 2414 Seru.
254 2378 345 2413 Aen.
373 2378 412 2425 4,
438 2378 534 2426 577,
571 2377 618 2413 de
654 2379 892 2415 mercimoniis
930 2379 1003 2416 Ou.
1031 2382 1068 2425 5,
1095 2383 1180 2417 671.
1243 2381 1338 2417 Sunt
1370 2387 1562 2429 praeterea

116 2449 272 2487 graecae
296 2437 445 2475 fabulae
471 2439 568 2489 apud
596 2437 789 2487 Ouidium,
825 2440 871 2477 de
897 2441 1096 2478 animarum
1123 2443 1157 2478 in
1186 2441 1320 2479 Orcum
1346 2441 1563 2478 deductione

115 2499 303 2536 notissima
322 2499 361 2546 5,
378 2501 472 2537 4472
499 2512 595 2550 quae
621 2505 657 2545 2,
675 2502 748 2538 606
767 2514 848 2552 sqq.
876 2503 1060 2552 ingeniose
1078 2511 1132 2540 est
1157 2514 1333 2540 conuersa
1359 2502 1406 2539 ad
1434 2503 1564 2541 larium

115 2560 340 2597 infernorum
369 2560 545 2608 deorum,
581 2563 643 2611 qui
676 2562 774 2612 apud
801 2564 987 2602 Romanos
1015 2564 1218 2601 hermarum
1246 2564 1325 2602 sere
1358 2565 1438 2601 loco
1464 2572 1564 2613 sunt,

116 2622 425 2674 procreationem:
453 2622 500 2662 de
524 2624 750 2667 inter-nuncio
778 2625 922 2664 Cereris
948 2633 986 2664 et
1006 2626 1248 2677 Proserpinae
1268 2627 1307 2675 4,
1322 2627 1395 2665 605
1410 2639 1491 2679 sqq.
1518 2638 1565 2666 ex

1655 221 1659 259 ξ
