1685 2954
626 116 726 146 nra.
765 115 968 146 ramvs
1462 98 1515 145 41

133 222 297 261 Interea
327 222 489 261 crescat
516 216 690 257 scabrae
717 215 912 269 robiginis
940 225 1100 269 expers,

188 290 283 329 Nec
313 288 409 328 uitio
439 284 544 326 caeli
573 285 725 338 palleat
753 283 837 324 ulla
862 295 1002 336 seges.

132 357 188 396 Et
213 369 346 408 neque
374 352 539 394 deficiat
568 352 711 404 macie,
739 364 873 404 neque
901 352 1088 405 pinguior
1115 362 1246 404 aequo

189 422 352 464 Diuitiis
380 426 526 473 pereat
554 420 762 459 luxuriosa
794 419 893 459 suis.
1435 425 1514 461 690

133 491 189 532 Et
219 495 385 530 careant
413 489 519 528 loliis
547 486 690 527 oculos
719 484 957 526 uitiantibus
985 487 1092 540 agri:

186 560 280 599 Nec
307 553 459 597 sterilis
488 555 598 595 culto
627 559 772 606 surgat
797 567 930 594 auena
958 555 1058 594 solo.

132 625 336 665 Triticeos
364 623 487 675 fetus,
515 633 768 674 passuraque
797 621 900 663 farra
928 622 992 662 bis
1021 623 1170 677 ignem,

184 691 432 745 Hordeaque
457 687 617 743 ingenti
644 689 782 729 fenore
811 690 955 731 reddat
981 704 1092 745 ager.

129 759 250 800 Haec
280 771 360 812 ego
389 770 460 811 pro
489 757 621 810 uobis,
646 757 752 798 haec
779 770 856 798 uos
884 764 1038 811 optate,
1070 759 1215 812 coloni,
1432 766 1512 802 695

185 826 434 879 Efficiatque
462 830 573 865 ratas
601 830 772 878 utraque
797 825 890 866 diua
917 838 1076 877 preces.

129 896 246 935 Bella
274 893 342 935 diu
371 900 541 934 tenuere
567 892 689 933 uiros.
730 898 819 933 erat
846 892 976 944 aptior
1004 893 1117 933 ensis

185 963 375 1002 Vomere.
412 959 590 1002 cedebat
617 965 757 1000 taurus
785 964 918 999 arator
942 971 1060 1012 equo.

131 1031 302 1072 Sarcula
331 1028 566 1080 cessabant,
593 1027 784 1079 uersique
813 1024 854 1066 in
881 1027 963 1080 pila
989 1027 1164 1082 ligones,

183 1099 398 1150 Factaque
430 1094 482 1135 de
512 1094 631 1136 rastri
662 1094 843 1147 pondere
871 1095 1006 1136 cassis
1032 1100 1131 1136 erat.
1434 1104 1515 1140 700

128 1165 273 1207 Gratia
301 1164 364 1204 dis
392 1161 609 1215 domuique
636 1167 746 1202 tuae.
792 1162 968 1216 religata
997 1163 1157 1204 catenis

181 1234 266 1272 Iam
303 1230 458 1284 pridem
485 1236 624 1271 uestro
653 1229 731 1270 sub
767 1229 874 1282 pede
911 1228 1018 1271 bella
1046 1231 1198 1271 iacent.

128 1300 215 1341 Sub
243 1299 343 1353 iuga
370 1299 446 1339 bos
470 1298 621 1338 ueniat.
659 1297 736 1337 sub
768 1302 898 1338 terras
926 1310 1069 1338 semen
1097 1304 1245 1339 aratas.

182 1367 272 1408 Pax
300 1365 493 1408 Cererem
520 1364 656 1408 nutrit.
696 1365 814 1418 pacis
841 1366 1001 1407 alumna
1026 1366 1169 1407 Ceres.

126 1501 187 1541 At
215 1512 321 1554 quae
349 1505 546 1541 uenturas
571 1497 795 1553 praecedet
822 1503 944 1539 sexta
973 1499 1186 1553 kalendas,
1432 1508 1513 1546 705

184 1569 278 1610 Hac
306 1574 402 1611 sunt
428 1566 609 1611 Ledaeis
635 1567 787 1622 templa
816 1565 953 1610 dicata
981 1568 1082 1610 deis.

125 1776 213 1811 687.
249 1779 387 1810 crescat
420 1774 539 1810 scabie
572 1775 652 1811 rub.
678 1774 709 1821 f.
760 1781 897 1811 crescat
928 1777 1050 1813 messis
1075 1776 1155 1813 rub.
1188 1775 1241 1816 Φ.
1289 1777 1405 1826 rubig.
1431 1777 1514 1815 libri

75 1830 220 1876 praeter
244 1825 281 1861 A
302 1827 364 1863 43.
465 1826 554 1861 688.
581 1825 638 1860 Ne
665 1825 750 1860 uitio
775 1822 831 1860 Π.
872 1826 958 1874 pall.
988 1834 1066 1862 usta
1094 1828 1146 1873 (A
1168 1840 1237 1864 sec.
1260 1829 1392 1874 Gran.)
1422 1826 1517 1866 ΦΨ

77 1877 101 1914 h
120 1889 195 1913 nia.
214 1887 270 1925 pr.
297 1879 371 1911 tres
395 1878 428 1911 et
453 1874 539 1911 editt
563 1886 657 1911 saec.
674 1886 749 1911 xv·
789 1875 877 1923 pall.
905 1887 1012 1924 aegra
1041 1879 1152 1914 BGD
1163 1880 1196 1914 Z
1203 1890 1269 1925 ym
1287 1881 1310 1914 8
1337 1878 1514 1926 undecim3

75 1940 100 1978 p
125 1938 290 1963 erar-scr.
331 1925 419 1974 pall.
446 1925 538 1961 ullus
564 1937 652 1973 ager
677 1927 723 1961 E.
767 1926 838 1961 ulla
864 1938 964 1962 ceres
990 1926 1078 1971 dum
1103 1939 1126 1975 9
1152 1940 1235 1965 nar.
1251 1941 1322 1965 scr.
1425 1932 1511 1966 689.

76 1979 124 2013 At
150 1988 270 2025 neque
299 1977 343 2013 0.
382 1975 431 2011 Et
458 1987 504 2011 ne
529 1974 602 2011 def.
632 1971 680 2010 Σ.
718 1974 885 2012 deficiant
910 1989 958 2012 m.
1006 1979 1118 2014 macie
1145 1991 1211 2014 nec
1239 1977 1515 2016 BDANTZ

75 2027 141 2074 fm
167 2026 360 2064 duodecim.
395 2026 510 2062 macie
530 2037 600 2061 neu
618 2025 700 2062 duo.
802 2027 888 2063 690.
915 2027 1032 2064 luxur.
1050 2040 1152 2076 seges
1175 2029 1220 2065 O.
1321 2032 1407 2067 691.
1435 2043 1512 2068 car.

76 2078 160 2114 totis
185 2090 222 2113 m
240 2089 312 2113 ma.
330 2087 387 2125 pr.
427 2087 500 2112 car.
527 2076 649 2112 oculos
675 2075 764 2112 loliis
789 2073 891 2114 NA.
935 2078 1078 2128 uiciant.
1110 2082 1196 2115 DE.
1238 2080 1432 2117 uitantibus
1458 2084 1510 2118 K.

76 2128 303 2164 uincentibus
330 2129 366 2162 8.
414 2126 479 2163 uit.
506 2126 622 2174 aegris
647 2139 696 2162 m.
823 2128 910 2163 692.
948 2135 1034 2164 ster.
1061 2130 1171 2165 stulto
1197 2143 1252 2176 ηις
1288 2132 1316 2168 G
1339 2143 1421 2168 var.
1439 2143 1510 2168 scr.

75 2178 174 2214 culto
202 2184 339 2213 crescat
365 2175 447 2213 duo.
498 2183 645 2225 spargat
670 2175 700 2222 f.
747 2188 863 2214 auena
889 2178 970 2215 loco
998 2176 1054 2225 Σς
1086 2182 1118 2216 Ε
1137 2192 1221 2217 ναν.
1239 2193 1309 2218 εον.
1423 2184 1510 2220 693.

75 2229 205 2264 Tritic.
231 2234 372 2275 segetes
399 2229 443 2263 Τ.
480 2226 618 2263 fructus
643 2229 704 2263 M.
735 2227 859 2264 -saetus
884 2231 933 2264 D.
1034 2231 1120 2266 694.
1148 2230 1345 2280 Ordeaque
1371 2231 1510 2278 EZfr.

76 2278 227 2315 faenore
247 2280 297 2314 D.
400 2278 487 2313 695.
514 2277 595 2313 Hoc
620 2288 701 2326 ego,
728 2277 796 2314 hoc
823 2291 886 2314 uos
911 2278 976 2315 hm
1002 2278 1072 2316 duo
1099 2280 1212 2317 ahiel
1228 2287 1312 2318 uett.
1331 2281 1400 2328 ed„
1425 2283 1512 2319 nul-

75 2327 133 2365 lus
156 2333 355 2378 praeterea.
399 2334 522 2376 aptate
546 2331 577 2363 ἔ.
688 2330 773 2365 696.
801 2329 1042 2378 Efficiantque
1068 2333 1128 2366 28.
1240 2333 1326 2370 697.
1361 2333 1420 2369 diu
1444 2332 1509 2370 de-

78 2379 178 2416 luere
203 2390 310 2416 rurus.
409 2380 496 2414 700.
535 2377 741 2427 Fractaque
767 2378 845 2415 edd.
876 2381 963 2416 Ven.
996 2382 1070 2417 Vic.
1098 2380 1186 2421 Ala.
1234 2395 1305 2431 que
1331 2396 1397 2432 pro
1424 2383 1509 2420 rasti

78 2425 134 2465 H.
234 2431 321 2466 701.
349 2427 414 2464 diis
432 2430 564 2464 DEZ.
604 2440 674 2476 que
698 2440 788 2466 suae
804 2432 851 2468 Ζ.
951 2432 1036 2465 702.
1064 2432 1203 2479 pridem
1231 2440 1353 2469 nostro
1372 2430 1511 2470 ΒΦΔ

79 2483 221 2528 septem.
328 2480 416 2515 704.
452 2489 610 2514 cererem
636 2478 744 2515 mittit
768 2491 803 2515 m
828 2484 913 2516 tres.
953 2480 1124 2530 alumpna
1151 2485 1243 2520 DE.
1282 2485 1426 2520 alumna
1451 2496 1510 2520 se-

80 2530 142 2576 ges
166 2541 198 2566 r.
325 2529 412 2565 705.
450 2527 500 2564 Et
526 2530 619 2577 quae
643 2527 692 2565 A
708 2528 791 2566 duo.
841 2531 888 2566 At
912 2530 983 2566 iam
1010 2530 1179 2569 uenturas
1204 2531 1257 2570 A.
1304 2535 1423 2584 Atque
1449 2534 1510 2571 ubi

79 2584 248 2617 uenturas
272 2579 355 2617 duo,
400 2578 595 2629 praecedet
622 2581 655 2615 B
670 2579 741 2615 G'm
761 2582 785 2617 8
810 2584 954 2629 septem.
995 2583 1191 2630 praecedat
1217 2586 1276 2622 14.
1324 2585 1510 2634 praecedis

78 2638 187 2725 ἔρξε-ἲ.
301 2631 388 2669 706.
425 2629 526 2668 Haec
552 2636 637 2667 sunt
661 2632 751 2668 KZ.
793 2631 872 2668 Hac
896 2629 969 2669 fert
992 2630 1065 2670 led.
1092 2633 1153 2672 A.
1196 2633 1329 2673 ledacis
1356 2635 1393 2673 11.
1438 2635 1509 2674 dic.

104 2690 114 2714 ι
182 2705 192 2715 .
