1685 2954
98 55 204 83 xxv!
555 53 779 103 woronna
810 54 846 83 C.
878 56 1072 84 CAESARIS

97 148 235 196 αὐτοῖς
261 149 350 189 δέον
376 147 422 189 ὃν
448 147 676 200 ὠνόμασαν.
737 154 846 190 Nunc
879 154 967 191 mibi
1001 156 1114 204 magis
1145 155 1266 205 placet
1298 156 1367 192 ista
1399 156 1534 206 scripta

97 227 175 252 esse
201 222 282 264 post
307 227 441 250 annum
458 215 547 261 792,
575 222 725 265 propter
744 222 876 252 metum
899 216 1100 264 Caligulae,
1127 216 1274 266 quando
1301 210 1428 253 ἢτοῦ
1441 212 1533 253 Ἀν-

95 273 239 313 τωνίου
259 274 415 322 μᾶλλον
440 270 465 323 ἢ
494 275 564 311 τοῦ
581 271 797 326 Αὖγούςου
825 271 1022 326 ἀπόγονος
1043 275 1172 314 δοκεῖν
1198 273 1397 326 ἠθέλησεν
1421 270 1534 325 εἶναι,

93 337 164 374 Dio
190 337 252 383 59,
280 339 341 372 20.
394 338 440 373 At
467 345 660 386 nugatores
686 339 735 375 illi
764 339 873 374 nostri
908 344 1023 374 totum
1050 339 1085 375 id
1113 341 1241 376 lemma
1269 338 1434 389 sequenti
1461 338 1533 375 diei

94 400 276 447 assignare
299 396 512 435 maluerunt.
557 399 669 436 Aldus
694 399 802 447 igitur
819 406 962 435 seruata
981 401 1212 449 caeteroquin
1235 400 1421 436 marmoris
1446 398 1533 435 scri-

93 466 200 509 ptura
226 465 263 495 et
287 460 539 509 supplemento
561 471 606 496 ex
631 457 833 507 fragmento
854 461 1136 510 Capranicorum
1160 463 1291 510 petito:
1319 461 1349 496 1⁴*
1353 461 1395 497 C.
1418 458 1532 495 FER.

93 519 212 557 HOC.
232 519 328 555 DlE.
351 521 394 556 C.
425 519 632 558 CAESAR.
660 519 811 556 V1C1T.
839 521 961 558 HlSP.
987 522 1096 559 ferias
1122 523 1287 559 comitiali
1315 521 1372 557 die
1398 519 1532 556 indicit.

91 581 264 632 Sequitur
288 581 517 629 Morcellius,
552 581 616 619 sed
651 594 730 618 cum
759 582 918 618 Grutero
955 591 1134 632 postrema
1171 585 1281 620 uerba
1317 580 1531 629 transponit.

92 645 158 681 Alii
184 643 314 680 deinde
341 650 490 693 propter
513 643 691 690 feriarum
717 644 948 691 mentionem,
976 657 1083 694 quam
1111 645 1254 694 quidem
1279 649 1426 693 praeter
1452 653 1532 678 mo·

92 718 167 742 rem
201 705 304 741 liuius
332 705 478 740 tabulae
503 705 568 754 ipsi
594 704 780 749 fecerant,
816 712 1001 741 mutarunt
1027 707 1138 755 ipsam
1168 704 1351 742 marmoris
1377 702 1530 752 scriptu-

91 779 182 813 ram,
209 766 277 802 FN
299 765 400 801 FER
426 772 495 802 etc.
523 772 743 814 posuerunt,
770 766 902 814 Fogg.,
931 765 1067 813 Orell.;
1093 767 1128 802 id
1154 767 1325 815 flagitium
1352 762 1531 800 Graeuius

89 829 196 865 etiam
229 827 358 870 habet,
393 826 478 862 dum
514 827 655 863 uidetur
691 827 817 862 mirum
854 835 1028 876 quantum
1064 828 1159 863 fideli
1195 828 1356 876 picturae
1382 835 1532 874 operam

88 889 188 926 dare.
231 888 286 924 Ea
312 888 430 924 omnia
457 889 619 938 imperite
641 887 734 929 mihi,
750 888 847 924 sacta
873 889 1054 936 uidentur,
1082 895 1118 925 et
1143 891 1172 925 si
1195 900 1281 924 uera
1307 892 1441 932 essent,
1466 884 1532 920 hos

87 949 214 997 fastos,
241 950 385 998 opinor,
411 948 456 984 ad
478 949 618 985 Claudii
645 949 730 998 imp.
756 957 920 999 tempora
948 949 1195 986 detruderent.
1236 948 1386 997 Augusti
1412 952 1532 983 aetate

87 1023 181 1059 nego
207 1010 377 1046 credibile
402 1022 483 1046 esse
508 1011 782 1060 Hispaniensem
803 1011 888 1047 Diui
914 1012 1078 1048 Caesaris
1106 1012 1288 1047 uictoriam
1317 1021 1440 1046 mense
1457 1011 1531 1044 An-

89 1079 194 1122 gusto
221 1072 438 1108 celebratam
465 1071 587 1108 fuisse.
642 1072 773 1109 Tradit
798 1073 867 1109 Dio
896 1073 1062 1109 nuncium
1089 1072 1134 1108 de
1161 1085 1203 1108 ea
1230 1073 1383 1109 Romam
1409 1069 1530 1119 perla-

87 1140 162 1170 tum
190 1145 268 1169 esse
292 1131 407 1182 pridie
433 1131 587 1181 Parilia,
624 1140 661 1170 et
687 1140 839 1183 propter
869 1147 948 1170 eam
977 1147 1050 1171 rem
1079 1135 1265 1170 Circenses
1292 1132 1396 1168 ludos
1423 1137 1529 1180 quot-

87 1194 190 1231 annis
215 1192 391 1228 Parilibus
418 1192 582 1231 decretos
609 1207 687 1231 esse
714 1196 776 1241 43,
799 1197 860 1232 42.
913 1198 983 1231 Aut
1010 1196 1116 1243 igitur
1144 1203 1230 1231 tunc
1256 1195 1330 1230 eius
1358 1193 1530 1229 uictoriae

85 1255 259 1293 memoria
283 1261 364 1291 acta
390 1261 470 1300 est,
506 1262 591 1303 aut,
627 1257 654 1292 si
681 1256 756 1292 dies
782 1257 881 1305 ipse,
916 1269 988 1305 quo
1015 1256 1166 1301 accidit,
1192 1267 1294 1292 sacra
1322 1254 1529 1291 celebritate

84 1317 191 1355 etiam
216 1315 361 1364 insignis
386 1316 469 1362 suit,
496 1317 593 1365 qnod
620 1318 711 1353 tradi
733 1330 804 1354 non
825 1319 983 1364 memini,
1008 1318 1246 1367 improbabile
1264 1329 1336 1353 non
1362 1315 1528 1362 dixerim,

83 1378 311 1430 quaerendus
337 1384 392 1414 est
418 1378 445 1413 is
471 1378 546 1414 dies
573 1390 617 1415 eo
643 1379 759 1428 spatio
785 1386 868 1416 ante
894 1379 1040 1426 Parilia,
1068 1393 1140 1429 quo
1168 1392 1212 1415 ex
1233 1378 1405 1427 Hispania
1432 1377 1528 1413 litte-

84 1453 147 1478 rae
182 1438 335 1489 perferri
369 1446 587 1489 potuerunt:
627 1440 662 1476 id
696 1442 851 1490 spatium
890 1441 999 1477 suisse
1035 1440 1271 1490 quadraginta
1308 1439 1384 1476 dies
1409 1437 1528 1476 Pollio

82 1502 190 1540 docet
216 1500 291 1537 Cic.
320 1500 367 1536 ad
391 1500 478 1538 fam.
510 1502 571 1548 10,
596 1503 656 1537 33.
709 1502 913 1551 Trigesimo
939 1510 1041 1540 sexto
1075 1509 1159 1539 ante
1185 1501 1317 1538 Parilia
1342 1499 1424 1548 die,
1462 1499 1527 1536 Li-

84 1563 279 1608 beralibus,
303 1562 546 1610 fragmentum
573 1563 834 1600 Farnesianum
862 1564 926 1600 has
954 1564 1090 1601 litteras
1117 1564 1297 1601 seruauit:
1334 1560 1529 1598 CAESAR

83 1624 135 1661 HI
161 1650 172 1660 .
202 1650 212 1660 .
240 1649 274 1669 .‚
309 1624 406 1672 quod
435 1622 538 1671 uide,
566 1636 651 1660 num
678 1623 747 1660 huc
773 1627 965 1675 pertineat.
1018 1627 1076 1663 De
1103 1625 1291 1661 Pharnace
1318 1623 1413 1659 uicto
1441 1622 1528 1659 nibil

82 1685 191 1722 credo
217 1686 252 1720 in
278 1685 392 1721 fastos
419 1685 571 1721 relatum
594 1686 759 1722 Caesaris
780 1687 863 1722 dict.
888 1687 945 1722 uel
966 1689 1113 1736 Augusti
1140 1694 1317 1736 tempore,
1345 1699 1416 1723 non
1443 1687 1528 1736 quia

81 1748 158 1797 ipse
185 1747 319 1782 Caesar
346 1757 424 1782 eam
461 1747 645 1783 uictoriam
682 1748 933 1797 uilipenderit‚
963 1749 1012 1783 uti
1051 1756 1154 1797 putat
1182 1748 1376 1796 Fogginius
1402 1753 1528 1784 contra

82 1809 206 1846 Dionis
232 1810 296 1853 42,
323 1809 372 1842 48
398 1807 567 1842 disertum
596 1809 862 1855 testimonium,
897 1809 961 1845 sed
989 1809 1074 1858 quia
1108 1808 1153 1844 de
1180 1808 1276 1845 seriis
1304 1807 1389 1844 nihil
1416 1807 1528 1844 tradi·

83 1878 154 1908 tur.
207 1871 521 1906 Commemoratur
555 1869 646 1905 adeo
685 1882 728 1906 ea
764 1871 912 1906 uictoria
939 1871 973 1906 in
1003 1871 1260 1920 posterioribus
1285 1869 1385 1906 fastis
1409 1868 1527 1913 nullis,

82 1934 147 1970 nisi
186 1931 438 1977 Amiterninis,
475 1930 538 1967 sed
575 1932 609 1967 in
650 1932 705 1969 his
741 1944 820 1968 cum
857 1932 1085 1980 Hispaniensi
1119 1932 1310 1967 coniuncta
1345 1929 1394 1966 {V
1427 1929 1526 1967 Non.

81 1997 190 2043 Aug„
217 2006 288 2043 quo
316 1993 373 2029 die
398 1992 604 2029 Pharnaces
633 1994 745 2029 uictus
773 2006 852 2029 esse
879 1999 1011 2042 potest.
1063 1993 1158 2029 Nam
1189 1992 1526 2045 nouemlmensibus

80 2057 117 2094 in
143 2058 308 2105 Aegypto
334 2055 578 2103 consumptis,
618 2055 679 2104 qui
715 2055 911 2090 decurrunt
936 2055 982 2090 ab
1008 2053 1167 2090 aduentu
1195 2055 1270 2090 eius
1306 2053 1415 2103 paulo
1443 2060 1526 2103 post

80 2117 228 2155 caedem
253 2117 415 2168 Pompeii
443 2117 536 2153 circa
564 2117 828 2165 aequinoctium
855 2116 1085 2163 autumnale,
1114 2114 1186 2151 uid.
1215 2116 1373 2165 interpp.
1400 2114 1526 2151 Diouis

79 2183 144 2227 42,
171 2179 208 2223 5,
233 2185 358 2215 contra
393 2179 490 2214 illum
526 2178 719 2213 exercitum
754 2178 875 2224 duxit,
911 2178 1063 2227 Appian.
1095 2176 1177 2212 bell.
1207 2176 1275 2213 eiu.
1305 2181 1343 2223 2,
1370 2178 1434 2222 90,
1461 2177 1523 2212 91.

79 2241 253 2290 Suspicor
291 2239 383 2275 lianc
420 2239 604 2275 uictoriam
643 2246 727 2275 tunc
762 2240 906 2276 demum
949 2251 1015 2276 suo
1054 2238 1111 2274 die
1146 2239 1320 2274 celebrari
1355 2244 1520 2287 coeptan-

81 2303 235 2351 publice,
259 2313 338 2337 cnm
368 2302 400 2336 in
429 2300 581 2337 eundem
608 2300 702 2337 diem
725 2302 898 2338 memoria
918 2300 1162 2351 Hispaniensis
1184 2300 1354 2336 uictoriae
1380 2299 1499 2340 aliuus

80 2364 251 2401 translata
280 2370 385 2399 esset.
439 2362 612 2399 Claudius
638 2362 836 2411 imperator
859 2375 981 2399 sacras
1006 2361 1232 2398 celebritates
1258 2359 1523 2410 quasdattene-

81 2425 271 2468 tustiores,
309 2435 402 2474 qnae
427 2424 463 2459 in
491 2423 630 2460 natales
657 2431 845 2473 parentum
882 2425 956 2460 dies
983 2423 1203 2469 inciderent,
1238 2423 1306 2458 alio
1343 2421 1525 2458 transtulit

81 2494 173 2524 teste
197 2487 315 2522 Dione
341 2487 406 2531 fio,
428 2486 464 2521 5.
518 2485 674 2535 Propter
693 2486 850 2522 Drusum
877 2487 997 2534 igitur,
1026 2485 1083 2521 uel
1104 2484 1294 2520 Antoniam
1323 2489 1457 2529 natam,
1485 2488 1525 2518 ut

79 2548 174 2595 dixi,
210 2554 272 2584 aut
299 2547 548 2594 Liberalibus,
583 2553 645 2584 aut
674 2547 871 2594 Parilibus,
900 2546 1143 2598 Hispaniensis
1170 2546 1319 2582 uictoria
1347 2556 1417 2581 una
1442 2556 1524 2580 cnm

81 2609 231 2648 Pontica
265 2609 448 2647 celebrata
485 2609 635 2659 posthac
670 2621 749 2648 esse
785 2609 937 2647 uidetur.
1005 2607 1131 2645 Ludos
1166 2608 1291 2645 Martis
1325 2612 1523 2657 equestres,
