1685 2954
550 80 650 109 Lm.
683 80 932 114 QVARTVS
1393 65 1473 110 153

142 183 342 237 Auguror.
380 194 405 223 a
432 179 588 233 spumis
619 186 685 221 est
713 180 793 222 dea
821 179 931 221 dicta
958 182 1089 221 maris.

86 250 179 292 Nec
208 251 279 291 tibi
307 251 362 290 sit
387 248 526 289 mirum
554 261 708 302 gracco
737 260 820 288 rem
850 249 1009 288 nominc
1036 248 1132 289 dici:

141 319 243 358 Itala
268 330 361 358 nam
392 317 514 357 tellus
540 315 718 357 Graecia
745 316 870 355 maior
899 323 998 356 crat.

87 385 268 425 Venerat
294 383 485 425 Euander
510 385 630 437 plena
660 396 751 424 cum
782 384 918 423 classe
947 396 1122 435 suorum,
1417 387 1466 424 65

139 453 323 493 Venerat
347 452 529 505 Alcides,
556 451 709 492 Graius
737 458 910 504 uterquc
937 463 1082 504 genus.

84 520 250 571 Hospes
277 520 494 560 Auentinis
522 519 890 572 armentumvpauit
919 519 959 557 in
988 518 1126 558 herbis

139 586 343 640 Clauiger,
372 594 415 628 et
444 594 557 628 tanto
586 594 652 628 est
679 588 828 627 Albula
857 592 955 639 pota
987 585 1077 625 deo.

82 652 178 693 Dux
206 667 367 708 quoque
395 656 591 695 Neritius.
630 662 766 695 testes
792 656 1104 707 Laestrygones
1138 660 1290 706 extant,

139 722 194 761 Et
223 722 330 774 quod
360 723 495 764 adhuc
523 724 670 764 Circes
698 723 860 763 nomina
888 722 1001 762 littus
1030 722 1166 761 habet.
1416 724 1468 759 70

83 789 138 829 Et
167 789 246 829 iam
276 791 488 844 Telegoni,
516 789 596 832 iam
625 793 786 831 moenia
815 791 975 830 Tiburis
1003 789 1072 828 udi

140 857 334 911 Stabant,
360 858 580 912 Argolicae
610 859 717 912 qnod
744 871 920 912 posuere
948 869 1104 897 manus.

85 924 271 966 Venerat
297 925 468 966 Atridae
496 926 594 967 fatis
624 925 808 980 agitatus
837 925 1029 976 Halesus,

140 993 180 1032 A
213 1006 293 1046 quo
328 1005 376 1034 se
411 993 560 1034 dictam
597 999 702 1033 terra
729 991 897 1033 Falisca
924 997 1052 1044 putat.

83 1060 230 1102 Adiice
260 1061 459 1102 Troianae
488 1072 699 1101 suasorem
727 1060 938 1100 Antenora
964 1059 1094 1112 pacis,
1414 1061 1466 1098 75

138 1129 194 1168 Et
220 1140 415 1182 generum
444 1126 642 1179 Oeniden,
670 1128 832 1180 Appule
860 1128 1017 1179 Daune,
1045 1133 1170 1167 tuum.

85 1195 214 1237 Serus
241 1196 292 1236 ab
321 1193 457 1236 Iliacis
487 1201 530 1234 et
558 1200 654 1249 post
683 1195 894 1237 Antenora
923 1195 1094 1236 flammis

77 1336 140 1374 62.
169 1336 332 1384 Auguror
358 1342 396 1373 et
420 1348 539 1386 spum.
566 1334 657 1374 ΕΓ.
694 1337 788 1374 dicta
816 1348 929 1374 uenus
960 1337 1005 1374 0.
1108 1337 1169 1373 63.
1196 1334 1254 1372 Ν.
1270 1362 1301 1372 ..
1327 1334 1389 1372 tibi
1415 1338 1464 1372 D.

26 1386 87 1424 Ne
111 1387 174 1423 tibi
198 1385 306 1424 AA.
357 1387 483 1423 mirum
511 1400 586 1424 rem
614 1401 721 1438 graco
749 1391 836 1435 (sic,
861 1399 925 1437 per
950 1388 1090 1436 comp.)
1118 1399 1215 1423 nom.
1240 1384 1289 1423 Γ.
1338 1386 1466 1422 mirum

27 1449 238 1487 graecorum
257 1438 399 1474 nomine
415 1438 452 1474 A
467 1435 607 1476 451243.
647 1440 726 1476 mir.
746 1439 846 1488 graio
866 1451 941 1476 rem
960 1437 1009 1475 A
1020 1440 1062 1486 63
1088 1450 1124 1473 m
1137 1448 1298 1474 marmor.
1334 1449 1465 1486 graeco

26 1496 65 1525 te
90 1500 188 1525 nom.
211 1486 265 1526 A.
306 1499 437 1536 graeco
462 1500 629 1526 sermone
654 1496 816 1526 notatum
839 1491 882 1526 N
894 1501 977 1526 nar.
989 1501 1059 1525 scr.
1099 1488 1167 1523 dici
1191 1492 1304 1536 postr.
1326 1487 1407 1533 sylb.
1427 1489 1465 1523 in

27 1549 104 1575 ras.
127 1540 177 1574 D.
219 1538 289 1574 dixi
307 1541 366 1576 M.
468 1540 529 1576 64.
554 1539 658 1577 Italia
678 1568 687 1577 .
702 1567 711 1576 .
726 1568 735 1577 .
756 1540 861 1576 tellus
884 1542 1079 1577 Gma.sec.
1119 1538 1244 1574 Italida
1264 1538 1337 1574 tell.
1357 1550 1463 1574 tmus-

28 1586 122 1624 ltala
151 1595 238 1624 tunc
270 1589 344 1625 tell.
372 1586 595 1628 Anam-‚scin
646 1592 734 1627 Itala
766 1592 835 1626 iam
870 1591 943 1627 tell.
977 1589 1057 1626 duo.
1108 1590 1224 1638 gratia
1250 1591 1298 1624 D.
1400 1591 1462 1624 65.

29 1637 216 1674 euuander
241 1636 289 1674 Γ.
337 1650 395 1675 eu.
429 1652 509 1676 cum
544 1643 654 1690 plena
685 1641 738 1678 hs
763 1646 841 1678 octo
867 1646 901 1677 et
926 1640 1004 1677 edd.
1030 1652 1122 1676 saec.
1139 1651 1214 1676 xv.
1329 1641 1390 1675 66.
1425 1641 1465 1676 in

27 1700 146 1737 mcory.
171 1700 205 1725 r.
251 1687 407 1724 alchides
433 1687 480 1726 Γ.
527 1692 664 1739 graium
692 1700 743 1727 ut.
773 1695 821 1728 D.
873 1692 940 1727 alc.
968 1703 1117 1740 graecus
1146 1697 1196 1726 ut.
1225 1687 1287 1737 Γ9
1303 1702 1376 1725 ma.
1395 1701 1462 1726 sec.

30 1746 110 1775 uter
135 1751 247 1787 genus
275 1741 318 1775 Ε.
361 1746 513 1788 uterque
536 1742 606 1777 snit
632 1741 692 1777 Ph
719 1742 896 1778 tredecim.
1006 1743 1066 1776 67.
1105 1741 1294 1776 auentinus
1322 1742 1366 1775 B.
1406 1752 1463 1774 ar-

27 1796 164 1825 matum
191 1791 377 1837 Ema.pr.
424 1801 513 1828 arm.
539 1793 642 1839 ponit
668 1789 708 1826 A
726 1804 807 1828 aar.
825 1803 894 1827 scr.
935 1792 971 1826 in
999 1791 1092 1826 aruis
1117 1789 1165 1826 A.
1180 1788 1249 1826 4112
1259 1803 1282 1838 p
1299 1801 1364 1826 sex
1377 1789 1462 1826 ΛΜ.

27 1841 154 1889 prim-3
177 1851 376 1887 yumzscr.
479 1842 540 1876 68.
568 1842 639 1876 alb.
659 1849 765 1890 pacta
790 1853 897 1877 mens.
1000 1843 1060 1876 69.
1090 1842 1162 1884 Sic,
1192 1840 1348 1885 rieritius,
1381 1841 1463 1876 633

29 1894 121 1927 octo.
164 1891 303 1926 nercius
328 1890 377 1926 A.
419 1891 572 1927 nericius
598 1891 633 1927 h.
675 1892 825 1927 naricius
853 1888 1242 1928 DEGOEI‘MOE.
1289 1891 1464 1938 gnaricius

30 1939 93 1978 A.
133 1941 280 1976 naritius
301 1943 440 1977 caeteri.
479 1942 678 1990 listrigones
697 1944 743 1985 Ι).
784 1943 919 1992 lestrig.
938 1939 1095 1978 EGFr.
1198 1944 1260 1978 70.
1287 1942 1353 1977 Est
1369 1940 1465 1989 quod

30 1988 88 2029 Π.
128 1991 177 2027 Et
195 1990 280 2040 quid
298 1993 482 2039 Domnpr.
522 1993 605 2028 adh.
629 1993 743 2029 circae
763 1993 870 2028 A43.
910 1993 1021 2028 circes
1048 1993 1151 2028 litora
1178 2003 1306 2028 nomen
1333 1992 1467 2027 habent

29 2044 214 2090 Pma.pr.
263 2042 344 2077 litus
369 2041 462 2086 labri,
489 2047 529 2078 ‘ut
554 2043 706 2080 uidetur.
807 2045 868 2078 71.
901 2043 1081 2091 thelegoni
1112 2044 1157 2079 G.
1207 2043 1381 2089 telegonis
1413 2039 1463 2078 Ψ.

30 2092 167 2139 tyburis
186 2094 236 2128 D.
277 2092 398 2130 Gloss.
416 2093 459 2128 G:
486 2093 622 2129 catillus
650 2105 759 2129 corax
779 2100 815 2129 et
831 2094 927 2129 tibur
941 2093 1084 2129 fratres.
1187 2095 1249 2129 72.
1277 2093 1380 2128 stab.
1409 2104 1465 2128 as-

28 2154 178 2178 saracae
205 2154 311 2178 unus.
351 2144 462 2190 argol.
492 2156 585 2193 quae
611 2156 689 2193 pos.
716 2145 867 2181 BGFG
879 2141 1000 2180 (Dma.
1012 2156 1080 2180 sec.
1093 2139 1467 2180 ΓΛΝΟΡΠΨΔ

33 2191 304 2241 beyhprst
330 2195 479 2241 triyinta
503 2199 537 2230 et
561 2199 648 2231 vett.
675 2193 728 2230 etl.
832 2197 892 2230 73.
919 2194 1050 2230 atrides
1079 2197 1115 2230 D
1141 2194 1206 2231 sub
1231 2205 1310 2230 ras.
1342 2190 1464 2230 (Dma.

27 2246 165 2293 pr.P9
178 2243 495 2292 ma.pr.hprsub
512 2248 649 2282 ras.33
675 2257 812 2281 nouem..
860 2245 943 2281 fatis
975 2251 1127 2294 agnatus
1155 2245 1205 2281 A.
1262 2244 1396 2280 alessus
1427 2241 1467 2279 Φ

9 2305 185 2331 'mmsec-
229 2294 354 2330 elissus
385 2292 576 2344 (Drinum.
625 2296 741 2331 alesus
767 2293 890 2331 ΕΘΓ
894 2293 946 2332 Μ
954 2295 1010 2341 fr.
1112 2296 1173 2331 74.
1201 2295 1306 2330 Aleso
1334 2293 1465 2329 dictam

8 2359 10 2362 ·
35 2344 74 2381 G.
123 2344 155 2380 E
183 2356 254 2394 qno
281 2357 320 2380 se
345 2357 550 2394 mmmpr.;
581 2347 783 2382 Guar.scr.
830 2345 986 2395 phalisca
1010 2347 1054 2382 G.
1091 2345 1212 2383 Gloss.
1229 2347 1283 2380 1).-
1314 2345 1466 2380 Halesus

32 2392 124 2442 fugit
149 2395 277 2432 timens
302 2406 341 2431 se
366 2395 467 2431 luere
493 2403 679 2444 peccatum
705 2397 823 2432 fratris
849 2397 902 2432 sui
931 2397 1032 2445 egisti
1052 2397 1113 2444 qui
1140 2395 1269 2431 occidit
1285 2406 1465 2443 agamem-

35 2455 166 2481 nonem
193 2451 344 2494 propter
371 2446 659 2482 clitemnestram.
761 2448 823 2483 75.
850 2447 958 2492 Adice
983 2448 1053 2482 mei.
1077 2458 1208 2482 onmes.
1248 2444 1358 2481 Adice
1383 2457 1465 2481 sua·
1524 2452 1532 2464 ³

34 2504 151 2530 sorem
175 2496 315 2532 troiane
331 2503 415 2534 ant.
442 2493 539 2531 EF:
575 2504 764 2533 antentora
790 2499 975 2546 Emmpr.
1076 2498 1138 2533 76.
1171 2496 1221 2532 Et
1245 2507 1358 2544 genus
1384 2508 1465 2531 oen.

33 2544 127 2590 (em,
151 2547 251 2592 eon.)
269 2546 349 2582 AD
360 2544 545 2583 ΦΛΡΔ
557 2546 649 2595 Tt'y
660 2559 776 2584 mma.
785 2559 853 2584 sec.
871 2549 907 2584 in
921 2559 999 2584 raS.
1015 2549 1159 2596 prs46
1172 2550 1218 2583 13
1229 2550 1278 2582 22
1290 2549 1338 2582 33
1353 2545 1480 2582 unde-.

34 2594 179 2641 ιιὶρίσιιίς
207 2594 262 2632 Gb
277 2607 445 2634 uana-cr.
484 2597 636 2634 eoniden
656 2595 804 2635 ΕΦΟ.
847 2597 987 2634 enidem
1017 2599 1064 2634 G.
1102 2597 1229 2634 eniden
1261 2594 1343 2633 ΒΓ
1347 2608 1368 2633 r
1386 2595 1464 2632 alii.

34 2644 197 2681 Aeniden
222 2644 276 2682 ed.
295 2646 378 2683 Elz.
416 2648 525 2697 apule
551 2646 723 2695 EGfflf.
826 2650 889 2686 77.
916 2647 1062 2686 Tardus
1088 2648 1133 2684 ab
1159 2659 1273 2685 suar.
1283 2658 1354 2684 scr.
1391 2646 1466 2683 Ra-

34 2706 96 2731 rus
122 2694 169 2731 ab
194 2696 245 2732 N.
284 2703 473 2735 autentora
499 2701 545 2736 E.
