1685 2954
691 102 890 131 PVBLICIS
1393 102 1524 134 CLXIX

77 202 255 241 Muellero
271 203 412 240 Etrusc.
427 205 464 246 2,
485 214 525 252 p.
542 200 591 239 55
618 212 703 238 ann.
725 201 785 246 53,
813 213 881 251 pro
901 198 1114 255 Εἷλειθυῖζι
1133 201 1254 239 habita
1274 200 1395 240 fuerit.
1431 203 1524 241 Car-

34 301 37 304 .
76 272 200 302 menta
227 272 264 303 et
293 263 464 301 Hercules
490 276 576 300 num
609 274 653 299 eo
681 262 790 298 modo
816 265 995 299 coniuncti
1022 264 1157 300 suerint
1182 275 1303 311 sacro,
1336 277 1443 314 quem
1476 266 1524 303 ad

77 328 225 364 modum
251 325 374 363 sabula
398 315 616 374 copulantur
642 325 686 361 ab
715 323 848 361 Ouidio
877 328 912 371 l,
933 325 1006 361 583
1036 333 1072 361 et
1096 326 1268 375 Dionysio
1297 326 1377 363 Hal.
1406 330 1441 371 1,
1457 328 1521 375 40,

78 400 126 426 an
153 395 292 425 tantum
312 387 507 423 Carmenta
534 398 614 422 cum
637 386 812 422 Euandro
839 387 982 422 Graeca
1009 386 1217 435 traditione,
1244 387 1417 425 Euander
1441 401 1524 425 cum

77 450 235 487 Hercule
253 447 436 484 uicinitate
461 448 675 484 sacellorum
694 460 812 497 prope
831 455 973 497 portam
991 449 1252 498 Trigeminam,
1280 448 1354 485 uid.
1373 448 1524 498 Dionys.

77 514 116 559 1,
135 514 197 557 32,
223 522 262 559 p.
278 511 340 557 89,
359 511 383 545 9
410 515 447 545 et
473 522 505 546 c.
522 511 583 555 39,
610 522 649 558 p.
667 512 752 557 100,
771 512 829 554 14,
858 509 892 545 id
919 510 954 546 in
982 510 1100 546 medio
1128 512 1306 560 relinquo.

174 571 293 620 Pergo
320 570 367 607 ad
391 583 494 607 sacra
515 584 588 608 non
614 577 710 607 tecte
732 583 754 607 a
774 578 882 621 poeta
900 571 1071 620 indicata,
1098 573 1161 608 sed
1181 573 1266 609 data
1285 585 1397 622 opera
1418 585 1524 610 enar-

73 638 174 680 rata,
210 646 364 683 quorum
397 634 552 683 primum
585 639 662 669 esto
689 632 726 668 id
762 646 898 682 genus,
936 634 1033 683 quod
1067 634 1176 671 serias
1209 647 1280 670 non
1308 634 1435 670 habuit
1460 635 1526 672 ad-

73 694 236 742 iunctas,
270 707 423 746 eamque
457 696 502 732 ob
540 707 685 731 causam
721 696 756 731 in
791 695 892 732 fastis
926 695 1075 745 lapideis
1109 709 1180 732 non
1218 704 1416 746 comparet.
1468 697 1526 734 De

73 768 178 794 sacro
203 758 352 794 Helerni
381 761 419 803 2,
437 758 486 792 67
514 768 586 806 quo
625 768 738 806 usque
774 758 1009 794 coniectando
1045 757 1350 807 progrediendum
1382 759 1525 808 putaui,

73 817 112 855 id
138 818 208 855 feci
233 832 343 869 supra
371 831 409 868 p.
429 829 585 855 chlxt
611 819 804 855 audaciora
824 820 964 868 scripsit
986 820 1194 868 Hartungus
1213 822 1251 865 2,
1267 820 1331 866 58,
1359 820 1419 869 qui
1439 832 1526 856 cau-

73 891 151 917 sam
177 892 250 917 non
278 881 453 928 reddidit,
484 893 548 917 cur
575 881 732 917 Lucaria
757 893 838 916 cum
866 892 990 917 mense
1016 881 1104 917 lulio
1137 881 1235 917 clare
1262 881 1465 918 indicentur
1490 884 1526 919 in

73 940 250 979 fastorum
278 943 431 990 tabulis,
465 954 561 992 quae
587 948 746 989 restant,
784 942 986 979 Februario
1020 954 1143 979 mense
1174 944 1524 993 praetermittantur.

73 1002 132 1040 De
157 1003 260 1040 ferali
289 1012 454 1054 tempore
482 1004 610 1041 eodem
638 1016 761 1040 mense
782 1003 854 1040 dixi
875 1018 984 1054 supra
1005 1017 1041 1054 p.
1057 1018 1204 1041 xxxix
1224 1018 1279 1053 sq.
1323 1005 1409 1042 Non
1435 1019 1527 1056 poe-

74 1064 202 1101 nitebit
229 1065 274 1101 ad
309 1066 378 1102 loci
413 1067 488 1102 eius
515 1065 687 1102 Ouidiani
721 1066 943 1102 intellectum
979 1067 1158 1116 quaedam
1194 1067 1360 1105 adiicere.
1415 1068 1526 1112 Quod

73 1125 362 1164 demonstratum
386 1128 504 1175 ibam,
541 1127 617 1164 dies
649 1127 809 1164 nefastos
846 1128 940 1164 ultra
967 1128 1050 1164 Idus
1076 1129 1293 1165 Februarias
1320 1136 1358 1166 et
1382 1129 1526 1180 Luper-

71 1185 165 1224 calia
191 1189 421 1238 pertinuisse,
449 1189 484 1225 id
513 1189 655 1234 clarius,
684 1202 792 1239 quam
822 1202 912 1239 quos
939 1190 1101 1237 adhibui,
1129 1197 1285 1227 testatur
1309 1190 1525 1229 Plutarchus

70 1249 181 1286 Rom.
208 1253 279 1287 21:
321 1246 384 1286 Τὰ
412 1246 457 1287 δὲ
483 1246 780 1299 Λουπερκάλια
807 1251 864 1304 τῷ
888 1248 963 1298 μὲν
995 1246 1134 1303 χρόνῳ
1162 1246 1312 1296 δόξειεν
1347 1246 1399 1288 ἂν
1427 1246 1526 1290 εἶναι

71 1307 295 1361 καθάρσια.
343 1309 488 1360 δρᾶται
522 1309 600 1362 γὰρ
635 1312 674 1350 ἐν
703 1307 872 1362 ἡμέραις
899 1308 1111 1363 ἀποφράσι
1139 1314 1210 1350 τοῦ
1241 1311 1526 1364 Φεβρουαριόυ

69 1369 212 1424 μηνός.
270 1375 297 1411 li
331 1387 419 1411 uero
453 1375 530 1412 dies
564 1376 719 1425 religiosi
746 1388 768 1412 a
791 1375 969 1412 Kalendis
1005 1376 1241 1413 decurrentes
1275 1384 1368 1414 teste
1401 1379 1527 1415 tabula

70 1437 256 1474 Maffeana
283 1450 369 1473 num
397 1449 522 1474 omnes
548 1438 681 1474 ferales
703 1438 789 1474 dicti
813 1437 963 1485 fuerint,
990 1450 1037 1474 an
1064 1438 1109 1474 ab
1129 1438 1250 1475 Idibus
1277 1446 1417 1476 tantum
1445 1453 1527 1477 eam

72 1500 355 1550 appellationem
391 1499 620 1547 admiserint,
658 1500 765 1536 ualde
798 1500 840 1537 fit
872 1501 1021 1536 dubium
1048 1512 1092 1536 ex
1119 1501 1232 1537 Laur.
1261 1500 1354 1548 Lydi
1381 1503 1461 1538 loco
1489 1504 1526 1548 4,

72 1563 138 1609 24,
164 1575 201 1612 p.
223 1564 313 1599 176:
348 1558 488 1604 Εἰὸοΐς
519 1559 832 1612 Φεβρουαρίαις.
881 1556 960 1598 ἀπὸ
989 1556 1140 1610 ταύτης
1167 1562 1240 1609 τῆς
1266 1555 1420 1611 ημέρας
1446 1560 1527 1601 ἀπὸ

73 1618 183 1670 ὥρας
210 1619 326 1673 ἕκτης
351 1619 417 1660 διὰ
445 1619 520 1667 τὰς
552 1623 631 1660 τῶν
658 1618 956 1671 κατοιχομένων
979 1619 1083 1671 χοὰς
1118 1619 1168 1660 τὰ
1196 1619 1283 1673 ἱερὰ
1310 1637 1529 1676 κατησφα-

74 1682 240 1733 λίζοντο,
267 1683 332 1722 καὶ
358 1682 395 1721 οἳ
423 1681 615 1734 ἄρχοντες
643 1682 683 1721 ἓν
704 1681 883 1734 σχήματι
911 1683 1082 1722 ἰδιωτῶν
1105 1681 1308 1735 προῄεσαν
1335 1681 1429 1735 ἄχρι
1457 1687 1529 1736 τῆς

73 1742 152 1795 πρὸ
189 1742 293 1783 ὀκτώ
327 1744 526 1783 καλενδῶν
560 1745 776 1796 ΖΙίΙαρτίων.
837 1748 1026 1784 Postrema
1063 1749 1198 1794 uerba,
1226 1748 1356 1797 quibus
1383 1749 1528 1786 Feralia

72 1808 172 1845 innui
205 1821 250 1845 ex
276 1809 508 1858 sequentibus
543 1815 668 1858 patet,
705 1821 864 1845 errorem
898 1810 1037 1846 numeri
1065 1810 1261 1846 continent.
1315 1809 1471 1860 Reliqua
1496 1812 1528 1848 si

72 1870 181 1907 fidem
207 1879 403 1918 merentur,
431 1882 556 1906 uersus
577 1868 748 1906 Ouidiani
768 1871 842 1906 557
861 1883 941 1920 sqq.
970 1871 1152 1920 pertinent
1182 1870 1227 1906 ad
1257 1872 1434 1920 populare
1453 1872 1526 1909 Pa-

71 1933 264 1970 rentalium
302 1944 464 1980 sacrum,
498 1943 567 1968 nec
601 1931 808 1980 discrepant
842 1944 863 1968 a
891 1933 1075 1969 Ciceronis
1111 1931 1158 1967 ad
1184 1932 1258 1968 Att.
1286 1932 1379 1970 loco.
1439 1934 1527 1971 Dies

72 2000 195 2031 autem
227 1994 358 2031 nefasti
384 1993 560 2029 fastorum
588 1992 691 2029 Maff.
721 1992 941 2035 antecedunt
968 1992 1196 2040 Parentalia,
1234 2006 1341 2043 quem
1371 1993 1418 2030 ad
1444 2007 1528 2030 mo-

21 2077 29 2084 ι
71 2055 158 2092 dum
184 2055 392 2092 Parentalia
416 2055 560 2092 Feralia
593 2055 743 2104 proprie
776 2053 885 2090 dicta.
938 2054 1024 2090 Dies
1059 2055 1188 2104 quibus
1221 2056 1350 2092 ancilia
1375 2068 1527 2092 mouen-

71 2123 146 2166 tur,
174 2130 196 2155 a
218 2118 323 2154 Liuio
347 2119 410 2165 37,
429 2119 476 2152 33
505 2123 818 2163 commemoratos,
848 2116 963 2152 noluit
990 2115 1142 2152 Ouidius
1165 2120 1201 2162 3,
1225 2117 1297 2152 395
1325 2118 1528 2153 accuratius

70 2178 283 2228 designare:
310 2179 485 2215 infaustos
512 2179 646 2228 nuptiis
674 2190 752 2215 esse
778 2182 914 2215 monet.
973 2174 1340 2227 Τριακονθήμερον
1366 2178 1529 2214 nominat

69 2239 242 2289 Polybius
268 2247 430 2290 excerpt.
457 2241 567 2290 legat.
596 2253 628 2277 c.
650 2243 718 2276 23:
756 2239 791 2275 id
828 2246 944 2275 totum
979 2251 1139 2276 mensem
1166 2240 1338 2276 Martium
1376 2238 1528 2287 intelligi

69 2313 144 2339 non
171 2309 226 2339 est
250 2314 399 2339 necesse
426 2308 579 2352 propter
612 2301 818 2351 interpretis
848 2301 1039 2337 Horatiani
1072 2302 1191 2337 locum
1220 2302 1330 2351 paulo
1357 2301 1525 2350 superius

69 2364 252 2413 positum,
289 2377 361 2415 quo
387 2364 504 2401 Maius
530 2353 567 2400 et
593 2363 745 2400 Martius
771 2374 913 2399 menses
947 2363 1082 2412 nuptiis
1116 2363 1261 2399 infausti
1287 2362 1525 2399 dicebantur:

70 2423 205 2461 Martio
231 2425 325 2461 enim
353 2427 428 2462 eius
454 2426 635 2474 religionis
669 2427 861 2461 terminum
894 2424 1107 2461 uidebamur
1139 2424 1417 2475 deprehendere
1445 2425 1527 2459 Tu-

72 2484 288 2534 bilustrium,
313 2487 423 2524 ferias
442 2486 550 2533 fortis
566 2486 665 2531 deae,
688 2487 878 2523 Mineruae
898 2487 975 2522 siue
994 2486 1166 2531 Nerinae,
1193 2487 1293 2522 cuius
1312 2499 1393 2523 cum
1406 2486 1526 2522 Marte

74 2536 256 2586 certamen
280 2543 398 2597 ἤχοις
424 2544 560 2585 ὅπλων
587 2545 652 2584 καὶ
680 2542 887 2596 σάλπιγξι,
916 2554 956 2583 ut
982 2548 1032 2584 ait
1056 2547 1203 2596 Lydus,
1230 2545 1319 2585 Salii
1344 2545 1527 2597 prosecuti

74 2605 223 2645 fuerint.
271 2608 465 2659 Dionysius
491 2611 575 2647 Hal.
602 2614 639 2654 2,
658 2611 727 2646 70:
755 2603 875 2657 ἑορτή
904 2604 948 2645 δὲ
977 2603 1109 2646 αὐτῶν
1135 2606 1193 2653 ἒςι
1218 2605 1308 2658 περὶ
1335 2604 1385 2645 τὰ
1404 2604 1526 2643 Παν-

76 2663 272 2720 αθήναια,
299 2672 356 2724 τῷ
383 2668 618 2724 καλουμένῳ
644 2667 857 2722 Μαρτίῳ
883 2667 1022 2720 μηνὶ,
1057 2667 1282 2721 δημοτελὴς
1308 2667 1384 2707 ἐπὶ
1409 2666 1526 2706 πολ-
