1685 2954
125 78 321 126 cmxxxi?
627 79 684 109 DE
713 77 830 109 SACR·
859 77 1058 111 PVBLICIS

126 192 203 231 que
218 179 367 220 Vestam
392 177 569 226 colerent,
593 177 698 216 aliter
722 180 847 230 quaeri
872 193 945 218 non
971 185 1092 231 potest
1116 179 1182 218 nisi
1207 177 1419 218 addubitato
1441 179 1565 220 Ouidii

127 241 332 280 testimonio
364 239 412 277 de
439 239 516 277 eius
551 250 638 277 arae
661 242 931 279 consecratione
956 254 993 280 u.
1016 244 1104 291 398,
1131 241 1178 280 de
1204 253 1277 292 qua
1301 241 1363 278 adi
1389 234 1571 281 Niebuhr.

126 300 166 341 b.
190 302 239 340 R.
266 306 307 349 2,
332 313 372 351 p.
391 300 480 337 615.
531 301 660 338 Tertia
686 309 742 340 est
766 303 960 340 cerimonia
994 309 1240 340 matronarum
1273 315 1310 342 u.
1331 303 1418 341 391.
1467 306 1566 342 Pro·

126 364 320 400 cessionem
343 363 384 399 in
406 361 572 400 nuditate
594 362 724 414 pedum
749 364 839 401 dixit
862 365 1027 402 librarius
1053 365 1114 401 ille
1133 375 1244 414 supra
1270 376 1308 414 p.
1324 375 1433 413 Lvn,
1461 365 1569 402 nudi·

125 423 270 474 pedalia
295 423 479 460 ueteribus
505 424 665 462 tribuens
683 437 764 462 cum
783 426 1012 463 Tertulliano
1036 426 1181 476 apolog.
1203 438 1235 462 c.
1251 428 1301 462 40
1325 432 1362 463 et
1387 426 1435 464 de
1459 427 1568 464 ieiun-

125 483 211 522 adu.
234 485 423 534 psychicos
447 485 514 522 sub
540 485 663 524 finem.
703 487 917 524 Clausenius
943 500 980 537 p.
997 489 1072 523 628
1098 487 1217 536 ipsum
1234 487 1367 524 Vestae
1393 487 1569 537 templum
1637 467 1656 494 '⁴

125 545 178 582 ita
203 545 295 582 adiri
320 546 465 583 solitum
493 549 682 585 existimat.
736 548 912 591 Quaestio
947 555 1002 585 est
1036 548 1318 598 topographica:
1353 560 1425 585 non
1458 548 1571 586 credo

124 604 260 644 Vestae
284 607 411 645 aedem
437 607 548 645 fuisse
572 609 608 645 in
635 609 713 659 ipso
729 609 902 656 Velabro,
928 609 994 645 sed
1020 615 1203 646 matronas
1228 611 1391 648 sollemni
1416 621 1566 661 pompa,

125 667 432 717 quemadmodum
460 669 614 707 Ouidius
643 683 681 708 u.
695 671 770 706 399
795 676 832 707 et
858 669 983 718 Lydus
1009 669 1034 706 l.
1061 669 1145 710 ind.
1167 670 1341 719 indicant,
1368 672 1462 708 circa
1487 683 1569 709 aras

122 731 330 778 spatiantes
355 731 481 776 (Seru.
507 731 554 768 ad
579 734 670 768 Aen.
686 731 724 777 4,
739 730 807 775 62)
839 729 1029 767 deuenisse
1055 732 1090 766 in
1116 731 1289 767 sacellum
1315 732 1411 768 istud
1439 732 1488 778 ad
1512 733 1570 769 in-

123 788 247 827 fimam
282 804 416 829 nouam
451 792 568 840 uiam,
604 792 651 829 de
677 804 749 842 quo
782 791 853 827 dixi
879 803 918 841 p.
940 803 1039 828 cmx.
1092 791 1304 828 Matralibus
1330 793 1393 841 qui
1418 793 1507 830 ritus
1532 794 1570 830 in

124 851 273 900 publico
299 865 403 890 sacro
429 854 688 902 obtinuerunt,
724 864 848 890 omnes
875 865 919 890 ex
945 852 1100 889 Graecia
1126 853 1224 889 allati
1252 852 1432 891 uidentur.
1485 854 1570 904 Ipsa

121 911 197 950 liba
217 926 254 951 u.
270 915 357 959 470,
372 916 460 963 476,
474 916 564 963 525,
590 927 685 966 quae
705 914 894 962 testuacia,
922 920 961 949 ut
984 914 1041 950 alii
1063 920 1246 962 notarunt,
1273 915 1435 965 appellat
1451 915 1570 953 Varro

121 973 170 1011 de
196 975 221 1012 l.
248 975 273 1012 l.
298 975 336 1021 5,
367 978 462 1024 106,
495 977 640 1013 inuenio
667 976 842 1026 Epidauri
878 983 1051 1024 usurpata
1085 975 1196 1012 fuisse
1230 977 1328 1025 apud
1354 976 1571 1015 Pausaniam

121 1037 162 1082 3,
187 1038 260 1072 23:
294 1033 336 1080 ἐς
370 1037 490 1073 τοῦτο
526 1032 571 1074 τὸ
604 1033 715 1087 ὕδωρ
743 1033 784 1074 ἐν
811 1035 861 1087 τῇ
888 1029 1009 1087 ἑορτῇ
1044 1036 1117 1085 τῆς
1137 1031 1262 1081 Ἰνοῦς
1297 1033 1571 1086 ἐμβάλλουσιν

123 1089 306 1146 ἀλφίτων
331 1092 476 1146 μάζας.
526 1099 715 1146 Alterum,
751 1098 851 1149 quod
883 1097 1042 1135 famulae
1076 1105 1267 1144 areentur,
1300 1111 1339 1137 u.
1365 1101 1456 1149 475,
1481 1101 1570 1147 545,

121 1163 271 1206 praeter
306 1172 414 1197 unam
448 1162 705 1211 uapulantem,
742 1161 794 1197 uti
820 1159 929 1197 tradit
954 1159 1169 1197 Plutarchus
1196 1161 1338 1198 Camill.
1366 1173 1397 1200 c.
1425 1163 1449 1199 5
1474 1162 1571 1210 inin,

121 1226 264 1268 quaest.
289 1234 343 1258 ro.
372 1234 404 1259 c.
421 1224 488 1268 16,
526 1222 562 1259 id
597 1223 724 1260 eodem
752 1223 940 1272 posteriori
975 1221 1011 1259 in
1038 1222 1118 1258 loco
1147 1229 1304 1260 testante
1330 1222 1377 1260 ad
1405 1222 1568 1260 Chaero-

120 1282 287 1319 nensium
318 1283 616 1320 consuetudinem
652 1285 814 1335 proxime
846 1283 998 1321 accedit.
1052 1284 1219 1320 Tertium
1247 1284 1294 1320 de
1318 1284 1568 1333 priuiguorum

122 1354 212 1380 cura
238 1357 274 1381 u.
303 1345 377 1381 555
404 1357 557 1394 graecae
589 1345 736 1382 fabulae
762 1345 932 1382 conuenit
965 1351 1001 1381 et
1035 1343 1180 1380 uidetur
1212 1356 1233 1380 a
1259 1343 1454 1382 Plutarcho
1487 1345 1570 1382 loco

121 1404 236 1453 priori
271 1405 318 1442 ad
354 1419 523 1456 graecam
559 1407 790 1444 cerimoniam
827 1406 967 1443 referri.
1038 1404 1137 1442 Idem
1173 1405 1304 1443 ibidem
1341 1405 1465 1444 addit:
1499 1404 1569 1444 καὶ

122 1462 250 1514 δρῶσι
286 1465 374 1516 περὶ
409 1464 481 1517 τὴν
508 1466 659 1505 θυσίαν
693 1464 719 1505 ἃ
754 1469 843 1512 ταῖς
869 1462 1075 1504 Διονύσου
1102 1469 1271 1517 τροφοῖς
1297 1465 1363 1504 καὶ
1390 1469 1474 1511 τοῖς
1500 1463 1570 1504 διὰ

119 1522 195 1575 τὴν
229 1525 439 1578 παλλακὴν
475 1526 629 1568 πάθεσι
666 1530 739 1579 τῆς
770 1527 890 1573 Ἰνοῦς
927 1526 1178 1578 προσέοικεν,
1212 1529 1309 1566 unde
1342 1531 1571 1579 cognoscitur

120 1588 295 1628 Ouidium
323 1605 359 1628 u.
380 1593 599 1629 483—509
625 1605 697 1628 non
725 1591 885 1628 fabulam
913 1592 1162 1639 arcessiuisse,
1195 1591 1259 1628 sed
1285 1602 1426 1628 sacrum
1451 1592 1570 1628 inter-

119 1657 303 1700 pretatum
330 1665 432 1692 esse:
459 1654 526 1691 hac
552 1666 592 1690 re
618 1654 679 1689 illa
705 1653 883 1700 nituntur,
911 1665 1006 1701 quae
1032 1665 1142 1702 supra
1169 1665 1206 1701 p.
1229 1664 1413 1698 chvnl,
1435 1663 1570 1690 cmnx

119 1714 368 1753 coniicieham.
422 1717 600 1759 Quintum
625 1715 728 1751 simili
762 1715 970 1751 coniectura
996 1714 1264 1750 commendauit
1291 1713 1505 1751 Clausenius
1530 1727 1570 1764 p.

118 1776 213 1813 8762
252 1776 483 1814 coniunctum
510 1775 621 1812 fuisse
647 1775 806 1811 affirmat
831 1788 973 1812 sacrum
1000 1775 1188 1812 Fortunae
1215 1782 1251 1812 et
1276 1774 1462 1812 Matutae:
1500 1787 1570 1826 pro

117 1837 301 1873 sororibus
327 1836 482 1884 habitas,
509 1837 710 1873 Fortunam
733 1836 1004 1885 Primigeniam,
1032 1838 1211 1875 Matutam
1236 1836 1419 1875 fatidicam
1445 1836 1570 1876 fuisse.

118 1896 228 1941 Quae
263 1898 383 1935 omnia
418 1910 490 1934 non
529 1898 700 1934 laudabili
735 1910 869 1947 genere
905 1899 1226 1947 argumentationis
1262 1899 1446 1936 nituntura
1482 1898 1571 1936 nihil

117 1965 280 1996 meretur
306 1959 421 1996 refelli
449 1966 597 2009 praeter
625 1960 807 1997 ultimum:
835 1960 864 1998 si
885 1960 1049 1996 Albunea
1075 1961 1206 1997 Seruio
1235 1968 1327 1997 teste
1353 1962 1444 1997 Aen.
1466 1962 1505 2008 7,
1520 1963 1569 1997 83

119 2031 143 2056 a
178 2020 394 2069 quibusdam
428 2020 551 2057 habita
582 2034 650 2071 pro
676 2021 910 2070 Leucothea,
946 2022 1087 2058 Matuta
1121 2023 1336 2072 plerumque
1359 2022 1571 2067 Leucothea

117 2080 213 2117 dicta
241 2088 311 2130 est,
337 2082 445 2119 bilem
472 2095 622 2120 mouere
648 2083 784 2133 possit,
812 2084 873 2134 qui
900 2083 981 2120 ideo
1008 2086 1147 2121 mauult
1178 2086 1380 2122 Albuneam
1405 2085 1569 2121 Matutae

116 2144 266 2181 nomine
308 2144 516 2193 impertire,
554 2157 662 2194 quam
698 2145 747 2182 de
784 2158 893 2182 causa
928 2146 1027 2182 istius
1064 2147 1343 2196 comparationis
1378 2157 1566 2197 quaerere,

115 2216 212 2253 quae
246 2206 365 2255 posita
400 2212 455 2243 est
487 2206 642 2256 primum
677 2206 713 2242 in
750 2208 895 2244 nomine
921 2219 942 2244 a
970 2208 1091 2244 colore
1118 2208 1248 2256 ducto,
1278 2208 1409 2246 deinde
1432 2206 1567 2256 hydro-

116 2266 276 2314 mantia,
309 2279 419 2317 quam
445 2268 480 2304 in
510 2279 640 2316 graeco
670 2270 816 2305 numine
842 2269 1040 2306 Pausanias
1075 2270 1154 2306 loco
1189 2271 1298 2320 paulo
1323 2269 1486 2320 superius
1512 2268 1567 2304 in-

119 2326 240 2365 dicato
271 2328 443 2377 prodidit.
496 2328 588 2366 Illud
617 2335 738 2366 tamen
765 2331 924 2367 notabile
951 2337 1020 2379 est,
1046 2331 1143 2381 quod
1161 2331 1313 2369 Ouidius
1339 2344 1375 2368 u.
1394 2331 1480 2374 620,
1491 2332 1566 2367 621

115 2388 265 2433 indicat,
292 2396 475 2427 matronas
495 2396 532 2426 et
551 2391 767 2428 Seruianam
786 2391 986 2428 Fortunam
1010 2399 1047 2429 et
1066 2393 1335 2430 Praenestinam
1355 2391 1567 2439 excoluisse,

117 2448 191 2487 uid.
219 2451 297 2487 Cic.
325 2450 373 2487 de
399 2451 511 2488 diuiu.
539 2455 579 2500 2,
603 2454 666 2488 41.
719 2452 797 2489 Csr.
826 2454 996 2490 Clausen.
1023 2467 1061 2503 p.
1079 2456 1174 2499 767,
1211 2466 1295 2491 ann.
1324 2454 1458 2490 1416a.
1509 2453 1568 2490 De

117 2511 407 2561 Quinquatribus
435 2514 630 2550 minoribus
651 2513 704 2551 ld.
723 2514 802 2554 Iun.
826 2522 973 2565 praeter
998 2515 1096 2565 quod
1121 2526 1231 2565 supra
1257 2528 1294 2565 p.
1311 2526 1485 2552 Lxxxlv
1511 2515 1568 2551 in-

117 2572 236 2613 dicaui
262 2579 299 2610 et
325 2585 420 2622 quae
442 2574 608 2612 Heinsius
629 2575 760 2612 adiecit
786 2575 954 2614 facillima
980 2577 1146 2624 inuentu,
1171 2576 1257 2613 nihil
1280 2583 1350 2624 est,
1377 2575 1475 2627 quod
1500 2587 1568 2612 an-

119 2639 289 2682 notetur,
322 2634 389 2673 nisi
421 2633 466 2672 tle
496 2639 577 2689 toga
606 2649 641 2674 u.
663 2639 737 2675 648
765 2639 969 2679 testimonia
994 2638 1101 2677 Nonii
1128 2651 1168 2691 p.
1191 2638 1282 2687 540,
1309 2640 1356 2676 31
1386 2645 1423 2676 et
1448 2637 1567 2679 Seruii
