1685 2954
752 59 910 117 cna'rls
1479 84 1548 116 ccl

102 189 335 242 prouerbium
355 186 620 228 Varronianum
642 184 689 223 de
714 197 755 224 re
772 191 862 222 rust.
884 188 919 230 1,
939 188 977 233 2,
1003 188 1194 224 Romanos
1216 184 1369 224 sedendo
1393 187 1546 232 uincere,

100 252 201 303 quod
235 253 355 302 aliquo
387 248 496 287 modo
528 252 669 297 spectat
703 245 750 284 ad
782 257 920 283 morem
956 248 1120 284 sacrificii
1147 248 1310 294 Herculis
1340 246 1465 295 huius,
1499 248 1549 286 de

99 326 174 364 quo
205 313 369 350 Macrob.
395 317 464 348 sat.
499 312 538 357 3,
564 310 589 345 6
614 308 680 347 fin.
739 307 882 345 Eodem
919 308 1131 346 referendus
1166 316 1222 346 est
1254 322 1332 346 mos
1368 310 1546 347 decimam

100 375 218 412 eidem
245 375 314 412 deo
338 371 506 419 dicandi,
536 370 650 408 Macr.
678 376 746 406 sat.
776 372 814 417 3,
840 373 889 406 12
916 371 1010 418 init„
1045 371 1143 420 quod
1176 377 1231 408 est
1263 371 1361 419 eius,
1395 372 1456 421 qui
1481 382 1549 421 spe

99 438 221 487 aliqua
246 436 380 487 potitus
407 441 485 471 est:
521 433 606 469 nolo
633 432 680 469 ab
714 431 938 470 hev-ciscendo
975 432 1220 469 coniecturam
1255 434 1362 483 prisci
1396 434 1548 471 nominis

99 498 234 536 facere.
276 495 438 533 Alteram
466 495 720 544 appellationis
747 507 906 543 causam,
932 494 996 532 sed
1017 494 1127 544 priori
1149 494 1309 542 affinem,
1335 495 1453 533 Varro
1479 508 1548 545 po·

98 561 169 597 suit
192 570 303 609 supra
328 559 389 594 lib.
404 558 453 605 V,
479 557 525 593 fr.
546 558 584 593 6.
626 556 785 606 Propter
802 556 896 593 hanc
917 563 953 593 et
979 556 1141 592 fortassis
1162 556 1246 606 quia
1267 569 1403 606 pompa
1421 557 1547 593 trium·

97 620 214 670 phalis
240 631 308 669 per
339 619 458 656 sorum
486 619 650 655 boarium
683 618 767 655 duci
799 619 905 655 solita
933 618 1036 669 (uide
1062 631 1153 667 quos
1181 618 1308 656 laudat
1333 618 1547 656 Ambrosch.

96 681 129 717 F
131 678 250 717 orscli.
271 694 309 731 p.
324 682 392 727 78)
422 681 597 731 templum
624 680 777 717 alterum
798 681 962 718 Herculis
980 680 1134 716 Victoris
1155 680 1287 729 attigit,
1315 679 1411 716 unde
1436 680 1547 716 etiam

97 742 257 792 praedae
276 743 444 792 publicae
464 741 604 779 decima
624 742 790 779 dedicata
810 749 864 779 est
881 742 975 790 (uid.
994 743 1223 791 Hartungmn
1244 745 1282 788 2,
1305 753 1343 790 p.
1358 741 1442 787 25),
1469 747 1547 776 tum

98 805 186 854 quia
211 817 255 841 ex
282 805 444 841 instituto
466 805 579 841 ueteri
607 804 729 841 laurus
750 804 993 841 adhibebatur
1018 817 1123 841 sacro
1150 804 1197 840 ad
1223 814 1321 840 aram
1339 800 1549 846 Maximam,

100 866 207 903 Seru.
228 865 274 903 ad
294 868 384 903 Aen.
402 869 440 914 8,
456 869 545 914 276,
573 865 658 903 inde
682 866 819 902 sactum
848 865 1007 912 uidetur,
1034 872 1074 902 ut
1102 864 1274 902 Hercules
1291 863 1416 900 Victor
1441 863 1550 899 etiam

100 927 349 977 Triumphalis
376 928 573 975 diceretur,
600 927 698 977 quod
725 934 879 964 testatur
903 926 1041 963 Plinius
1069 933 1143 962 nat.
1164 926 1244 962 hist.
1264 926 1328 972 34,
1346 926 1405 962 16.
1446 925 1550 962 Haec

100 988 180 1038 ipsa
206 990 329 1026 laurus
356 1002 400 1028 ex
427 990 605 1026 Auentino
630 995 753 1026 monte
779 990 847 1026 rite
873 988 1045 1038 petenda,
1074 995 1204 1025 natura
1229 987 1313 1034 soli,
1339 993 1484 1023 antrum
1510 986 1547 1023 in

100 1062 145 1086 eo
171 1057 295 1087 monte
321 1051 422 1097 (uide
448 1051 618 1088 Clausen.
646 1063 730 1088 ann.
762 1052 952 1098 1419ab),
979 1050 1050 1087 fori
1077 1050 1191 1087 boarii
1218 1060 1364 1095 nomen,
1389 1048 1548 1085 sufficie-

100 1111 188 1147 bant
217 1111 264 1148 ad
290 1112 542 1148 attrahendam
569 1113 654 1149 illuc
673 1113 762 1150 Caci
783 1112 964 1149 fabulam:
998 1124 1098 1148 aram
1125 1111 1220 1148 Iouis
1247 1111 1449 1148 lnuentoris
1474 1123 1549 1147 non

100 1183 193 1220 opus
221 1178 277 1209 est
302 1185 386 1210 casu
415 1173 546 1210 ibidem
568 1175 746 1219 extitisse,
774 1173 847 1211 uid.
873 1185 985 1223 supra
1013 1186 1049 1223 p.
1070 1185 1197 1220 cxx13
1225 1172 1439 1209 crediderim
1465 1178 1550 1222 post

98 1232 262 1270 fabulam
289 1241 473 1285 receptam
501 1242 725 1284 extructam,
761 1236 812 1272 uti
839 1241 878 1272 et
903 1235 1058 1271 alterurn
1085 1235 1173 1271 illud
1201 1234 1367 1270 Herculis
1393 1233 1550 1271 Victoris

100 1296 301 1345 templum,
328 1296 374 1334 de
401 1310 474 1347 quo
500 1297 650 1334 Masurii
677 1297 804 1335 Sabini
831 1298 943 1334 uerba
970 1297 1135 1346 ascripsit
1160 1295 1324 1332 Macrob.
1348 1301 1417 1333 sat.
1446 1298 1486 1343 3,
1511 1297 1549 1333 6.

98 1356 197 1394 Fieri
223 1358 330 1394 etiam
357 1361 490 1409 potuit,
519 1367 558 1396 ut
583 1372 784 1409 cognomen
811 1359 930 1410 ipsum
956 1359 1078 1409 aliquo
1104 1357 1249 1395 demum
1272 1363 1357 1407 post
1384 1364 1551 1407 tempore

99 1418 285 1456 inderetur
303 1420 388 1470 de0‚
412 1421 509 1471 quod
537 1422 597 1458 ille
615 1422 764 1459 Masurii
790 1421 891 1458 locus
915 1421 1075 1458 indicare
1096 1414 1250 1457 uidetur.
1293 1418 1392 1468 Ergo
1418 1418 1454 1455 in
1481 1418 1551 1467 his,

100 1493 196 1530 quae
221 1481 368 1519 fabulae
395 1483 662 1520 adiunctionem
688 1484 927 1532 praecessisse
957 1488 1126 1533 oportet,
1164 1482 1201 1518 in
1235 1480 1381 1518 nomine
1406 1480 1485 1531 ipso
1511 1488 1550 1519 et

101 1544 195 1591 ritu,
230 1543 374 1581 inuenio
407 1544 567 1581 Sabinae
600 1545 745 1594 originis
778 1545 942 1594 uestigia.
1000 1544 1163 1580 Laurum
1198 1542 1296 1579 illam
1330 1554 1376 1579 ex
1405 1542 1549 1580 laureto

101 1605 271 1642 Auentini
296 1607 427 1643 montis
451 1607 601 1657 petitam
629 1619 709 1644 esse
734 1606 880 1643 demum
908 1614 991 1656 post
1017 1607 1063 1643 V.
1092 1606 1136 1642 C.
1163 1610 1288 1642 monet
1313 1616 1359 1641 ex
1384 1604 1552 1643 Varrone

103 1666 254 1703 Seruius
281 1666 304 1704 l.
333 1667 441 1704 modo
467 1668 556 1714 ind„
588 1669 666 1706 sine
690 1669 802 1706 dubio
829 1669 914 1719 quia
940 1668 987 1705 de
1019 1667 1160 1704 laureto
1192 1667 1229 1704 in
1256 1667 1292 1702 T
1296 1666 1356 1703 atii
1381 1666 1551 1716 sepulcro

104 1726 233 1764 eadem
260 1729 394 1778 scripta
418 1731 571 1778 inuenit,
597 1743 692 1780 quae
718 1736 844 1768 extant
869 1730 916 1767 de
942 1730 966 1767 1.
996 1729 1058 1767 lat.
1085 1730 1124 1777 5,
1154 1729 1241 1774 152,
1268 1728 1369 1780 Fest.
1398 1741 1436 1777 p.
1453 1728 1552 1776 360,

105 1791 154 1825 33
181 1788 293 1833 dext„
320 1791 532 1839 quibuscum
559 1793 769 1829 conseratur
795 1792 945 1828 Seruius
971 1791 1018 1827 ad
1046 1792 1136 1827 Aen.
1164 1792 1200 1834 7,
1219 1790 1312 1827 6572
1343 1792 1466 1827 Varro
1490 1794 1554 1826 ta-

104 1863 184 1887 men
210 1850 296 1889 dicit
329 1854 366 1889 ἐη
396 1857 499 1901 flente
523 1865 582 1902 po.
610 1856 659 1891 R.
688 1852 845 1890 Sabinos
872 1865 896 1889 a
922 1852 1078 1890 Romulo
1104 1856 1288 1900 susceptos
1313 1853 1423 1888 istum
1449 1863 1554 1889 acce-

103 1914 201 1962 pisse
225 1919 381 1951 montem
406 1922 498 1952 caet.
552 1915 696 1953 Deinde
722 1922 815 1952 teste
841 1914 970 1951 eodem
1003 1914 1049 1950 ad
1078 1917 1142 1960 12,
1168 1913 1242 1949 538
1275 1915 1421 1963 mcpenci
1444 1913 1554 1950 Sabi-

104 1986 235 2011 norum
262 1976 386 2025 lingua
411 1976 580 2014 dicuntur
605 1977 813 2014 sacerdotes
833 1983 870 2019 et
889 1976 1052 2012 Herculis
1078 1980 1163 2011 sunt
1187 1975 1409 2012 sacerdotes.
1453 1975 1553 2012 Tum

105 2035 320 2087 Propertius
345 2045 507 2076 extrema
532 2040 600 2080 ecl.
620 2041 656 2076 9.
685 2039 746 2076 lib.
767 2038 790 2075 5
819 2036 989 2089 quicquid
1016 2043 1208 2086 praeterea
1235 2036 1336 2084 dicit,
1362 2035 1460 2086 quod
1487 2036 1555 2073 ho-

105 2096 165 2134 die
197 2110 269 2134 non
297 2100 475 2148 expedio,
509 2099 596 2139 dicit
627 2106 726 2137 certe
757 2099 853 2136 hunc
882 2100 1076 2136 Herculem
1106 2098 1193 2135 Caci
1224 2099 1401 2135 uindicem
1429 2111 1556 2136 conse-⁴

105 2166 246 2196 eratum
274 2173 296 2197 a
314 2161 470 2199 Sabinis.
516 2162 723 2210 Postremo,
750 2161 848 2211 quod
876 2167 1029 2210 propter
1055 2161 1146 2196 haec
1167 2160 1275 2196 modo
1301 2161 1421 2210 posita
1447 2161 1557 2197 nolim

108 2223 308 2269 attrectari,
335 2223 453 2261 Varro
480 2224 527 2261 de
553 2225 578 2260 l.
598 2225 624 2261 l.
645 2225 683 2272 5,
700 2225 770 2261 74:
798 2223 918 2260 Paulo
945 2222 1051 2260 aliter
1077 2221 1122 2262 ab
1144 2221 1275 2258 eisdem
1298 2222 1477 2270 (Sabinis)
1497 2222 1556 2259 di-

108 2284 223 2321 nimus
243 2285 444 2323 Herculem.
497 2285 630 2335 Neque
651 2287 839 2322 Garanum
862 2285 1037 2322 Sabinum
1065 2295 1196 2320 numen
1222 2283 1334 2319 fuisse
1360 2289 1464 2333 put0,
1491 2294 1557 2320 ne-

108 2357 181 2394 que
208 2345 339 2391 habeo,
367 2347 550 2396 quomodo
578 2347 649 2383 huc
676 2354 816 2384 uertam
842 2346 942 2396 quod
968 2347 1132 2383 Macrob.
1160 2351 1228 2381 sat.
1259 2347 1297 2393 3,
1315 2348 1362 2380 12
1389 2357 1410 2381 a
1435 2345 1558 2394 ponti-

110 2405 236 2445 ficibus
256 2409 449 2446 Herculem
475 2409 684 2459 pro‘Marte
708 2409 834 2446 haberi
860 2409 961 2456 dicit,
987 2419 1107 2458 neque
1132 2406 1226 2445 hanc
1251 2407 1298 2446 ob
1325 2419 1402 2446 rem
1427 2407 1474 2445 ad
1501 2408 1556 2444 in-

112 2475 228 2506 certos
255 2470 343 2508 deos
371 2471 508 2508 referre
534 2471 682 2508 heroem
710 2471 819 2508 uolui.

211 2532 268 2569 De
296 2533 574 2570 Castoribus
601 2533 789 2582 praeclare
814 2532 1015 2582 disputauit
1034 2531 1248 2570 Clausenius
1273 2543 1312 2580 p.
1332 2531 1557 2570 664-670.

115 2589 159 2627 P.
182 2593 256 2629 664
280 2596 417 2643 ‹et-669
442 2594 714 2632 demonstratur
740 2600 803 2630 aut
828 2594 985 2632 Penates
1013 2594 1219 2630 umbratiles
1244 2593 1422 2642 quosdam
1447 2593 1559 2629 fuisse

116 2651 324 2705 Dioscuros‚
352 2663 415 2694 aut
435 2657 623 2695 Castorem
644 2663 681 2695 et
697 2657 884 2695 Pollucem
906 2657 1063 2695 illustres
1078 2655 1250 2695 Penates.
1292 2655 1368 2694 Sed
1390 2660 1428 2691 ut
1445 2655 1558 2703 Spar-
