1685 2954
718 78 917 110 metaris
1420 77 1537 109 CCKV

85 196 145 224 res
177 182 341 221 diuersas
368 181 560 221 admittere
590 180 710 217 solent
747 178 1079 227 interpretationes.
1131 177 1344 217 Clausenius
1377 182 1534 230 utraque

85 246 164 295 illa,
190 258 302 297 quam
323 242 476 284 Ouidius
501 240 626 289 tradit,
653 241 701 278 de
721 240 825 276 Anna
843 238 998 276 Numicii
1020 247 1135 290 nupta
1160 248 1197 279 et
1222 239 1269 294 de
1284 240 1389 278 Anna
1407 240 1534 278 Bouil-

83 309 185 356 lana,
213 307 365 354 inuenit,
392 303 576 354 quomodo
603 301 802 352 aquatilem
828 312 932 337 suam
959 301 1169 350 opinionem
1194 292 1384 340 astrueret.
1435 302 1533 340 Nam

82 373 226 408 Annam
253 371 397 406 Aeneae
423 365 616 416 hospitium
641 363 841 413 fugientem
866 362 984 399 eidem
1012 364 1172 412 Aeneae,
1198 364 1351 414 ludigeti
1375 363 1504 412 Ioui2‘
1494 375 1531 400 m

83 433 232 469 flumine
257 431 416 468 iunctam
445 434 483 466 et
509 440 592 464 cum
614 438 659 463 eo
678 424 820 462 Lauinii
847 424 982 461 cultam
1000 424 1177 463 existimat
1196 433 1232 463 et
1252 426 1425 474 Bouillis,
1444 425 1532 475 quia

81 494 119 531 id
144 491 319 544 oppidum
356 489 405 527 ad
439 501 573 540 aquam
599 488 779 524 Albanam
813 486 921 522 situm
954 485 1110 524 fortasse
1142 487 1274 536 suerit,
1311 488 1390 526 eius
1413 497 1532 537 aquae

81 554 280 605 nympham
307 552 450 588 Annam
475 556 725 589 consecratam
751 548 887 596 fuisse,
915 553 952 585 et
977 548 1063 597 quia
1088 548 1192 598 plebs
1218 561 1240 586 a
1267 549 1532 587 Bouillensibus

79 620 283 653 sustentata
308 614 433 661 suerit,
459 613 536 650 eius
561 613 613 649 rei
639 611 674 648 in
703 611 913 648 memoriam
939 609 1061 647 diuam
1088 611 1134 646 ab
1162 611 1215 648 liis
1237 610 1372 647 cultam
1389 610 1533 647 Romae

77 687 224 727 quoque
259 676 330 713 coli
357 681 526 725 coeptam
553 686 646 712 esse.
700 672 956 711 Cautissimum
981 677 1073 722 puto
1099 684 1145 710 ex
1169 672 1239 709 hac
1263 671 1389 708 sab‘ula
1414 670 1533 708 histo-

77 739 190 776 ricum
217 738 304 775 nihil
330 739 437 786 elici,
464 738 531 774 nisi
558 737 647 781 hoc,
676 736 788 786 paulo
815 734 1055 772 recentiorem
1081 735 1284 771 secessione
1307 732 1344 770 in
1370 738 1531 771 montem

75 812 218 838 sacrum
246 802 373 837 Annae
400 800 538 836 cultum
564 797 857 835 Romae'suisse.
910 796 990 832 Hoc
1015 803 1159 845 tempus
1183 796 1213 832 si
1248 794 1422 832 traditum
1447 795 1531 843 fuit,

76 873 124 899 ex
150 862 426 899 cerimoniarum
454 866 692 910 argumento,
732 870 824 908 quas
846 858 1041 907 plerasque
1067 857 1115 894 ad
1141 858 1260 895 uictus
1286 855 1530 895 commodita-

77 930 150 961 tem
184 930 222 961 et
255 924 485 961 saturitatem
512 928 682 972 spectare
708 920 803 965 dixi,
841 917 1098 955 animaduerso
1130 919 1208 957 sine
1234 920 1378 970 negotio
1404 918 1531 956 fabula

75 985 138 1022 illa
163 985 210 1022 de
235 986 366 1022 Annae
386 985 602 1021 Bouillauae
628 982 750 1019 officio
777 980 1007 1021 nascebatur.
1059 981 1212 1020 Tertiae
1237 982 1335 1033 apud
1355 980 1530 1019 Ouidium

74 1048 226 1084 fabulae
251 1046 299 1083 de
326 1048 454 1082 Annae
481 1044 682 1091 lenocinio,
708 1054 818 1092 quam
846 1042 930 1078 nihil
957 1043 1129 1093 interest,
1155 1045 1455 1094 grammaticam,
1480 1054 1528 1078 an

73 1108 290 1158 popularem
309 1107 449 1143 habere
475 1106 578 1152 uelis,
606 1106 732 1141 subest
758 1104 1000 1153 nequitiarum
1028 1107 1202 1151 cantatio,
1227 1106 1393 1143 fortassis
1418 1105 1528 1142 etiam

73 1169 246 1219 patratio.
300 1167 411 1212 Quod
438 1167 547 1216 igitur
573 1167 687 1204 tribus
716 1166 837 1202 uerbis
859 1166 1076 1204 Clausenius
1101 1168 1204 1215 dixit,
1230 1179 1309 1205 esse
1335 1167 1406 1204 hoe
1428 1176 1527 1203 sum*-

70 1236 176 1280 ptnm
207 1241 231 1266 a
255 1229 356 1266 cultu
382 1228 563 1266 Channae
588 1227 774 1274 Punicae,
806 1226 842 1264 id
874 1228 1062 1267 uerissime
1096 1229 1230 1267 dictum
1256 1229 1435 1266 existimo.
1485 1227 1528 1266 Si

71 1293 108 1330 iu
143 1292 288 1329 minutis
322 1292 431 1329 rebus
471 1301 737 1341 saepenumero
778 1289 814 1325 in
848 1289 1047 1328 Clausenio
1080 1290 1283 1328 notandam
1317 1289 1528 1341 putauimus

71 1353 259 1405 quandam
285 1354 494 1402 licentiam,
522 1365 596 1390 non
622 1351 707 1389 ideo
732 1350 947 1401 derogatum
973 1358 1055 1389 esto
1079 1353 1156 1390 eius
1182 1353 1304 1401 laudi,
1331 1365 1414 1389 cum
1439 1351 1527 1402 quid

71 1428 249 1467 generose
273 1423 312 1454 et
342 1416 522 1466 sagaciter
557 1415 780 1464 excogitauit
814 1414 851 1450 in
889 1427 930 1452 re
965 1414 1086 1463 adeo,
1122 1427 1218 1465 quae
1253 1415 1464 1453 testimoniis
1489 1419 1530 1454 et,

70 1478 360 1515 testimoniorum
387 1477 638 1515 aestimatione
663 1476 793 1513 confici
820 1488 892 1513 non
915 1482 1048 1525 potest.
1089 1476 1193 1513 Nihil
1218 1483 1274 1514 est
1297 1478 1528 1527 inexpugna-

71 1540 144 1577 bile
165 1541 411 1588 coniecturae,
437 1540 467 1576 si
486 1537 596 1574 modo
616 1538 697 1588 ipsa
717 1538 879 1587 legitima
899 1544 1053 1575 uenusta
1071 1539 1190 1576 uitalis
1212 1540 1384 1577 nascitur.
1419 1539 1526 1577 Deae

72 1601 234 1639 Caelesti
253 1601 605 1650 Carthaginiensium
631 1599 802 1636 adiuncta
829 1598 1000 1637 uidentur
1017 1613 1085 1650 pro
1111 1601 1248 1652 duplici
1272 1602 1352 1639 eius
1376 1602 1527 1639 numine

71 1662 146 1699 duo
170 1663 331 1710 numina,
358 1663 511 1699 alterum
528 1661 679 1699 Didonis
700 1661 949 1710 castissimum,
975 1663 1112 1713 templo
1131 1676 1201 1700 suo
1222 1663 1372 1708 cultum,
1397 1663 1527 1702 Iustin-

73 1727 138 1772 18,
156 1725 196 1772 6,
227 1724 374 1760 alterius
400 1723 577 1760 Charmae
600 1723 732 1759 indicia
757 1730 954 1774 supersunt
979 1737 1112 1761 nomen
1131 1724 1394 1773 Ebedclianna,
1422 1723 1526 1774 quod

70 1786 273 1836 significare
308 1784 438 1822 dicitur
464 1783 641 1821 Charmae
678 1784 958 1830 inseruientem,
992 1786 1116 1823 Claus.
1145 1799 1185 1836 p.
1205 1788 1302 1834 510,
1337 1794 1373 1823 et
1397 1786 1525 1824 fabula

71 1853 217 1885 uetusta
244 1859 266 1883 a
291 1847 458 1883 Varrone
483 1845 618 1882 tradita
644 1851 736 1881 teste
761 1844 892 1881 Seruio
910 1846 1005 1884 Aen.
1024 1847 1063 1890 4,
1082 1848 1177 1894 6823
1204 1847 1244 1893 5,
1258 1849 1297 1895 4,
1323 1848 1525 1886 secundum

71 1921 181 1961 quam
207 1909 348 1946 Aeneas
375 1919 452 1944 rem
480 1907 608 1943 habuit
632 1920 713 1945 cuin
740 1907 862 1955 Anna,
887 1919 962 1943 non
983 1907 1147 1945 Didone:
1174 1908 1323 1956 scilicet,
1350 1916 1390 1946 ut
1409 1910 1521 1947 Clau-

71 1971 192 2010 senius
220 1970 343 2018 docet,
369 1969 515 2016 Siculis,
543 1969 605 2018 qui
624 1970 783 2005 Aeneam
809 1981 876 2018 pro
904 1968 1082 2006 Sicharba
1107 1970 1421 2020 interposuerunt,
1444 1984 1521 2008 non

71 2033 289 2072 audentibus
315 2039 401 2068 ante
427 2031 609 2068 deuictam
635 2029 892 2080 Carthaginem
919 2030 1077 2068 Didonis?
1096 2031 1236 2069 samam>
1257 2032 1420 2071 laedere..
1463 2033 1520 2071 Ad

20 2134 27 2140 ,
71 2096 262 2133 Channam
283 2094 391 2143 igitur
410 2091 628 2130 referendus,
643 2098 698 2128 est
716 2089 833 2129 cultus
854 2093 1004 2131 Veneris
1023 2093 1343 2143 Carthaginiensis,
1371 2094 1418 2132 de
1445 2107 1520 2145 qua

71 2170 118 2195 ex
145 2157 264 2194 numis
290 2155 413 2193 docuit
440 2155 564 2192 Claus,
591 2165 680 2192 ann,
706 2156 802 2202 743,
829 2155 967 2193 Vestae
992 2154 1233 2203 Phoeniciae,
1258 2169 1372 2206 quam.
1393 2158 1519 2207 Augu-

69 2220 184 2256 stinus
210 2218 298 2255 dicit
324 2229 358 2255 c.
384 2215 423 2255 d,
448 2218 486 2263 4,
509 2219 573 2262 10,
595 2215 798 2265 puellarum
826 2217 1047 2266 prostitutiQ
1075 2215 1122 2253 de
1147 2230 1221 2268 qua
1247 2218 1370 2254 lustin.
1401 2220 1463 2265 18,
1477 2219 1515 2255 5.

69 2281 212 2320 Eodem
239 2291 327 2315 uero
356 2278 426 2315 ritu
454 2278 585 2316 colitur
611 2278 734 2314 Venus
762 2278 938 2327 Erycina,
965 2278 1088 2315 Strab.
1115 2279 1156 2325 6,
1184 2291 1222 2328 p.
1238 2279 1388 2317 272CD
1414 2279 1521 2328 Cas,

71 2354 166 2394 quae
192 2340 343 2378 nouenis
370 2341 562 2390 quotannis
583 2339 708 2376 diebus
726 2339 984 2388 Carthaginem
1000 2339 1253 2390 proficiscitur,
1280 2338 1419 2379 Aelian.
1435 2353 1518 2379 uar.

71 2403 153 2442 hist.
175 2407 214 2451 1,
229 2405 276 2442 15
296 2409 387 2438 extr.
441 2401 554 2439 Nihil-
567 2402 674 2450 igitur
700 2402 936 2451 probabilius,
962 2414 1073 2452 quam
1097 2402 1134 2439 in
1160 2402 1281 2440 Sicilia
1306 2415 1453 2454 quoque
1478 2411 1516 2441 et

73 2469 194 2503 notam
221 2470 258 2501 et
287 2463 424 2500 cultam
457 2462 567 2498 fuisse
594 2465 750 2501 Annam.
802 2465 904 2500 Haec
936 2464 1077 2513 plenius
1108 2464 1225 2502 multa
1247 2477 1328 2503 cum
1355 2465 1515 2502 oblecta-

74 2525 170 2562 tione
193 2526 292 2575 leges
318 2525 417 2576 apud
446 2524 681 2561 Clausenium
706 2538 744 2574 p.
764 2527 838 2561 487
858 2539 929 2575 sq„
956 2538 994 2575 p.
1011 2526 1087 2562 506
1102 2537 1186 2575 sqq..
1235 2525 1275 2562 Si
1301 2538 1389 2563 uero
1416 2526 1515 2563 culta

72 2591 129 2622 est
153 2597 175 2622 a
199 2587 333 2624 Siculis
357 2590 461 2623 Anna
487 2584 616 2622 eodem
652 2586 731 2624 sere
757 2599 801 2623 ac
826 2587 950 2624 Venus
975 2588 1067 2634 ritu,
1093 2586 1212 2623 licebit
1238 2587 1442 2625 coniectare
1467 2589 1515 2624 ab

74 2647 116 2684 iis
141 2646 295 2688 Romam
319 2639 488 2692 delatam,
517 2649 583 2698 qui
605 2649 639 2686 in
666 2648 819 2699 penuria
845 2655 929 2702 post
955 2649 1190 2687 secessionem
1214 2649 1346 2699 plebis,
1373 2649 1515 2696 Lime,
