1685 2954
562 138 663 168 mn.
692 135 927 172 ernrvs
1201 183 1205 186 Δ
1384 115 1468 158 223

142 246 229 289 Sed
257 253 454 300 generum
482 241 601 281 matri
627 237 804 293 repperit
831 235 897 276 illa
926 233 1056 275 deum.
1386 236 1467 272 200

87 315 175 357 Ver
203 319 302 366 erat,
332 310 532 352 errabam:
561 309 782 361 Zephyrus
809 304 1039 356 conspexit,
1065 300 1235 343 abibam.

144 379 386 434 Insequitur,
414 377 537 430 fugin.
575 376 713 416 fortior
739 374 806 414 ille
833 370 920 411 suit.

89 451 146 491 Et
174 448 342 489 dederat
368 444 478 485 fiatri
506 444 661 483 Boreas
688 443 752 482 ius
780 452 899 480 omne
927 436 1104 490 rapinae,

146 518 285 557 Ausus
311 511 546 553 Erechthea
575 511 754 563 praemia
782 509 887 548 ferre
916 507 1045 546 domo.

92 584 189 626 Vim
217 588 356 623 tamen
385 578 578 619 emendat
607 565 742 617 dando>
768 575 866 615 mihi
894 574 1054 615 nomina
1081 579 1244 626 nuptae,
1394 575 1473 612 205

147 652 275 703 Inque
300 660 391 688 meo
418 660 499 688 non
526 651 591 687 est
618 645 698 685 ulla
728 644 893 697 querela
921 649 1020 683 toro.

91 718 203 759 Vere
229 716 337 756 fruor
365 727 539 767 semper.
577 726 740 766 semper
767 711 1034 752 nitidissimus
1064 723 1207 761 annus,

150 784 281 825 Arbor
308 781 437 823 habet
465 781 648 834 frondes,
678 781 826 833 pabula
852 791 1016 832 semper
1042 779 1199 818 humus.

92 855 173 895 Est
200 851 298 892 mihi
327 849 528 891 fecundus
557 850 761 890 dotalibus
787 849 929 888 hortus
958 847 999 887 in
1028 847 1152 899 agris,

149 921 262 961 Aura
291 918 417 968 fouet,
446 918 623 971 liquidae
652 918 764 957 fonte
794 915 950 970 rigatur
977 926 1121 967 aquae.
1402 918 1482 952 210

96 990 218 1030 Hune
248 999 366 1028 meus
393 984 578 1038 impleuit
611 997 815 1039 generoso
851 983 950 1023 flore
985 981 1166 1034 maritus,

152 1057 294 1109 Atque
324 1054 396 1106 ait,
425 1054 628 1094 arbitrium
657 1059 714 1106 tu,
745 1053 836 1103 dea,
865 1051 975 1090 floris
1004 1050 1122 1090 habe.

99 1123 240 1175 Saepe
271 1135 353 1176 ego
382 1120 574 1176 digestos
602 1109 711 1161 uolui
739 1132 949 1160 numerare
979 1118 1151 1170 colores,

153 1192 248 1232 Nec
275 1190 402 1243 potui,
431 1201 598 1229 numero
627 1187 745 1241 copia
774 1189 900 1228 maior
927 1193 1026 1227 erat.

97 1256 282 1298 Roscida
312 1269 406 1298 cum
434 1257 604 1308 primum
634 1255 739 1296 foliis
771 1269 952 1297 excussa
981 1253 1123 1308 pruina
1152 1259 1229 1305 est,
1407 1256 1486 1292 215

153 1326 209 1365 Et
237 1323 374 1366 uariae
402 1323 525 1365 radiis
554 1322 768 1376 intepuere
798 1336 954 1375 comae,

95 1449 186 1484 200.
212 1447 287 1484 Sed
315 1459 465 1496 gernum
493 1450 683 1496 Emmpr.
734 1446 809 1484 Sed
837 1447 942 1482 matri
969 1458 1140 1495 generum
1166 1443 1227 1483 A.
1276 1446 1382 1483 matri
1407 1457 1490 1496 rep-

46 1500 141 1550 pulit
168 1510 273 1536 sma.
291 1510 349 1548 pr.
399 1498 458 1534 illa
492 1497 552 1533 diu
579 1500 638 1534 M.
761 1501 847 1534 201.
882 1497 1028 1533 erabam
1056 1495 1103 1534 Γ.
1158 1497 1327 1546 zephirus
1356 1499 1493 1534 DEG.

46 1549 156 1599 zeph.
182 1550 308 1598 aspicit
334 1548 392 1585 ab.
411 1552 446 1585 E
457 1561 529 1585 ma.
544 1560 601 1598 pr.
704 1551 791 1585 202.
818 1548 952 1585 forcior
965 1546 1056 1585 ΕΓ.
1160 1551 1247 1584 203.
1276 1549 1321 1583 At
1340 1548 1424 1584 ded.
1444 1561 1492 1585 m.

50 1611 158 1637 omne
183 1599 337 1635 nocendi
371 1611 478 1640 iliius.
590 1601 678 1637 204.
715 1599 872 1636 ericthea
899 1601 979 1636 DE
988 1599 1023 1636 h.
1074 1600 1207 1635 erictea
1238 1596 1316 1636 GP
1323 1597 1428 1635 MN
1432 1599 1457 1646 f
1461 1611 1494 1636 r.

50 1649 189 1688 erithea
214 1648 249 1684 b.
289 1650 477 1685 erecthaea
503 1653 564 1687 33.
607 1650 789 1687 erichthea
811 1649 897 1686 Ald.
916 1653 1021 1700 prim.
1037 1650 1191 1687 Mediol.
1293 1651 1381 1686 205.
1407 1649 1497 1686 mihi

50 1699 212 1751 praemia
241 1699 379 1744 0t1res;
404 1712 428 1748 p
444 1712 526 1736 παν.
542 1713 611 1738 scr.
650 1701 736 1737 mihi
763 1702 907 1737 numina
934 1703 983 1737 29
1009 1700 1092 1738 dno.
1131 1707 1267 1750 nuptae
1293 1702 1330 1737 in
1351 1713 1428 1738 ras.
1448 1713 1496 1737 m.

51 1763 154 1788 num.
181 1749 363 1798 nymphae
391 1751 465 1786 BG
474 1754 518 1785 12
530 1754 579 1785 20
605 1754 767 1799 quinque.
870 1754 957 1787 206.
985 1764 1056 1787 non
1085 1754 1350 1800 om.Enia.pr.
1390 1751 1498 1788 thoro

0 1840 2 1848 ‚
51 1803 133 1839 mei.
236 1802 322 1836 207.
349 1812 492 1849 semper
520 1813 604 1837 uere
630 1809 683 1837 est
711 1801 859 1837 nitidiss.
881 1803 932 1837 N.
973 1813 1117 1850 semper
1144 1813 1230 1837 uere
1255 1802 1404 1838 nitidiss.
1435 1803 1496 1839 14.

0 1870 1 1875 ’
52 1863 198 1901 semper
222 1863 289 1900 per
314 1863 372 1887 me
400 1851 625 1887 nitidissimus
652 1852 801 1898 (tepid.)
822 1849 859 1886 Σ
865 1849 903 1886 Ζ
914 1855 959 1887 23
979 1852 1093 1897 αῐὶιιες
1120 1855 1361 1900 Eymmnscr.
1403 1853 1499 1890 Gon-

53 1904 194 1940 iecor-im
218 1914 285 1951 per
309 1913 350 1937 se
378 1906 415 1937 ut
434 1906 579 1938 metam.
598 1905 634 1948 l,
651 1905 736 1938 102.
777 1914 921 1950 semper
948 1903 1031 1951 (per
1048 1903 1122 1947 me)
1146 1902 1386 1952 tepidissimus
1413 1916 1498 1940 ann.

57 1956 178 1990 Zma.
192 1964 248 2001 pr.
267 1964 302 1988 m
316 1954 422 1988 2228
443 1951 526 1989 duo.
635 1955 721 1988 208.
740 1954 888 2001 *papula
917 1950 965 1988 Γ.
1067 1955 1153 1989 209.
1189 1953 1265 1989 dot.
1293 1961 1392 1990 ortus
1420 1957 1503 1991 DE

56 2001 106 2041 s.
148 2003 225 2039 dot.
250 2003 359 2039 arbor
384 2003 419 2038 in
445 2002 552 2048 fma.
570 2015 626 2052 pr.
728 2006 813 2039 210.
844 2004 999 2052 liquidae
1026 2016 1094 2041 om.
1116 2006 1151 2039 D
1169 2016 1314 2053 mmm.
1353 2005 1431 2041 sou.
1457 2005 1500 2041 li-

56 2053 169 2103 quida
194 2060 324 2102 sponte
355 2054 492 2102 rigatur
519 2066 613 2102 aqua
641 2051 726 2089 ΡΠ
744 2059 827 2090 tres.
876 2054 1013 2103 liquida
1047 2062 1177 2103 sponte
1211 2055 1372 2103 rigantur·
1406 2067 1502 2105 aqua

56 2102 200 2142 Aduo.
242 2103 320 2140 sou.
348 2104 489 2153 liquidis
516 2111 646 2153 sponte
673 2105 836 2152 rigantur
862 2108 963 2153 aquis
982 2117 1088 2144 unus.
1127 2106 1272 2154 liquidis
1298 2112 1428 2154 sponte
1455 2107 1502 2142 ri-

57 2162 166 2204 gatur
191 2155 293 2204 aquis
320 2157 537 2191 Emunscr.
588 2155 664 2191 sou,
693 2156 827 2204 liquido
855 2154 956 2192 fonte
989 2157 1151 2205 rigantur
1179 2169 1238 2205 aq.
1266 2168 1372 2194 unus.
1421 2156 1500 2193 fou.

57 2205 184 2254 liquidi
215 2211 345 2254 sponte
377 2207 442 2253 rig.
470 2217 576 2242 unns.
624 2205 709 2256 liqu.
741 2212 872 2255 sponte
903 2208 1066 2256 rigantur
1091 2220 1150 2255 aq.
1182 2204 1508 2244 BGDEOEMN

62 2255 229 2304 Τήρην
246 2259 296 2291 33
307 2258 356 2291 40
367 2257 413 2291 41
440 2251 629 2292 sedecima*
652 2258 713 2306 liq.
741 2263 871 2305 sponte
898 2258 964 2306 rig.
992 2256 1024 2293 b.
1079 2258 1166 2306 liqu.
1193 2258 1315 2293 fronte
1343 2259 1505 2307 rigantur

61 2318 122 2356 aq.
151 2309 213 2342 14.
256 2306 343 2355 liqu.
372 2306 466 2342 sorte
494 2308 692 2355 rigrumts.
734 2308 836 2344 sonte
863 2309 1025 2356 rigantur
1052 2308 1292 2356 Ohsma.pr.
1322 2308 1504 2346 duodecim

61 2356 118 2394 ed.
141 2359 236 2402 Vic.;
264 2359 298 2392 D
315 2369 397 2394 nar.
414 2369 484 2393 scr.
526 2358 627 2394 fonte
653 2365 820 2394 rorantur
846 2371 903 2407 aq.
937 2356 987 2395 Ψ.
1029 2359 1150 2396 Gloss.
1177 2360 1319 2408 Sponte
1344 2361 1507 2408 rigantur

63 2419 132 2456 pro
158 2409 275 2456 rigant
300 2409 483 2456 passiuum
511 2420 579 2456 pro
606 2410 724 2445 actiuo
750 2415 790 2445 ut
818 2410 996 2445 bellantur
1023 2422 1214 2446 amazones
1241 2411 1346 2447 armis
1373 2413 1423 2447 D.

114 2460 202 2493 211.
236 2458 329 2494 Hinc
349 2460 409 2494 M.
459 2457 613 2507 inpleuit
640 2462 686 2494 D.
798 2463 887 2496 212.
926 2461 975 2496 ait
1002 2462 1182 2496 atti-ibium
1210 2459 1230 2496 b
1247 2473 1321 2497 vna.
1340 2472 1396 2510 pr.
1434 2460 1506 2497 dea

65 2517 208 2554 semper
230 2507 323 2545 habe
352 2511 395 2545 Τ.
472 2507 583 2545 ’213.
613 2509 785 2558 disgestos
806 2508 1081 2548 (mesalimus.
1124 2524 1191 2560 ego
1218 2511 1382 2549 disiectos
1413 2509 1505 2548 ΟΣ.

67 2556 167 2592 uolui
199 2569 345 2595 narrare
378 2564 547 2607 quatuor.
601 2561 699 2596 uolui
728 2561 858 2598 mirare
890 2561 971 2599 duo.
1099 2563 1187 2598 214.
1218 2561 1302 2598 Non
1339 2564 1441 2611 potui
1467 2565 1509 2599 N

66 2605 176 2643 PTh
199 2612 284 2644 uett.
311 2609 364 2645 ed.
426 2609 548 2646 nu'mo
583 2614 627 2647 E.
678 2612 782 2660 copia
819 2624 950 2661 magna
988 2619 1095 2649 nocet
1125 2610 1176 2649 (D.
1303 2615 1390 2650 215.
1424 2614 1507 2650 Ro-

66 2656 146 2692 sida
170 2669 208 2693 m
231 2657 287 2696 ed.
317 2661 393 2698 Vic.
438 2662 592 2710 primurn
619 2662 741 2711 spoliis
765 2674 871 2700 unus.
912 2669 967 2700 est
993 2663 1062 2701 abi.
1090 2661 1130 2700 Γ
1152 2668 1236 2702 tres.
1340 2667 1426 2703 216.
1452 2664 1507 2701 in-

67 2712 258 2757 tempnere
282 2711 328 2747 Ε.
