1685 2954
569 124 937 162 Lrn.ov1N’1·vs
1392 110 1473 154 221

97 229 200 271 Pars
226 228 435 269 Bacchum
461 225 643 268 nutrisse
670 231 829 280 putant,
858 236 954 279 pars
983 224 1153 268 credidit
1181 235 1278 268 esse

152 297 339 350 Tethyos
366 295 444 335 has
470 299 622 346 neptes
650 293 888 348 Oceanique
917 294 1041 335 senis.

97 365 288 406 Nondum
316 362 452 403 stabat
480 361 601 401 Atlas
628 361 818 402 humeros
846 367 1040 402 oneratus
1069 361 1256 416 Olympo,

151 433 258 473 Cum
286 435 404 471 satus
432 433 500 468 est
525 428 652 468 forma
676 428 991 481 conspiciendus
1019 430 1150 483 Hyas.
1399 433 1478 468 170

96 501 218 541 Hune
245 498 368 550 stirps
395 494 551 536 Oceani
578 496 747 537 maturis
774 496 937 536 nixibus
963 497 1121 537 Aethra

150 565 288 606 Edidit
317 569 361 604 et
389 562 603 617 nymphas.
647 562 725 603 sed
752 564 858 617 prior
886 570 998 605 ortus
1026 566 1155 618 Hyas.

94 635 200 675 Dum
228 643 335 672 noua
363 632 535 685 lanugo,
573 630 746 684 pauidos
781 630 991 672 formidine
1027 645 1174 673 ceruos

147 701 306 753 Terret,
337 705 381 740 et
410 705 477 740 est
505 697 561 738 illi
588 699 740 752 praeda
769 699 949 754 benigna
976 701 1108 754 lepus.

92 769 152 809 At
179 774 396 821 postquam
425 767 559 807 uirtus
588 768 704 807 annis
733 767 923 821 adoleuit,
953 768 994 808 in
1023 779 1144 822 apros
1401 769 1478 806 175

149 835 289 876 Audet
318 841 362 875 et
388 835 568 876 hirsutas
597 836 782 877 cominus
809 836 867 875 ire
895 836 1016 876 feras.

93 904 281 957 Dumque
308 903 413 956 petit
441 903 620 943 latebras
648 902 759 943 fetae
788 903 1030 957 catulosque
1056 903 1242 954 leaenae,

150 973 246 1024 Ipse
275 971 352 1011 fuit
378 971 562 1025 Libycae
590 969 742 1023 praeda
771 976 942 1011 cruenta
970 970 1095 1010 ferae.

92 1040 229 1080 Mater
256 1040 392 1093 Hyan,
422 1044 466 1079 et
493 1040 617 1093 Hyan
646 1043 834 1078 maestae
863 1037 1016 1078 fleuere
1046 1048 1222 1089 sorores,

147 1105 447 1159 Ceruicemque
475 1107 569 1159 polo
600 1106 884 1157 suppositurus
913 1105 1046 1145 Atlas.
1402 1109 1482 1144 180

15 1182 17 1184 ·
93 1173 243 1215 Victus
264 1176 443 1227 'uterque
470 1185 620 1226 parens
648 1178 785 1213 tamen
814 1178 882 1212 est
909 1172 1066 1225 pietate
1096 1184 1289 1214 sororum.

145 1241 219 1281 Illa
247 1240 361 1281 dedit
390 1240 562 1293 caelum,
593 1238 755 1279 nomina
785 1240 885 1280 fecit
912 1240 1043 1292 Hyas.

92 1309 241 1362 Mater,
270 1308 385 1360 ades,
415 1308 570 1360 florum,
597 1307 703 1347 ludis
732 1305 976 1348 celebranda
1004 1305 1176 1348 iocosis:

88 1434 174 1469 167.
203 1431 355 1469 bachum
382 1432 461 1468 mei.
509 1434 583 1476 Ita,
610 1438 753 1481 putant,
780 1428 924 1469 DAN
936 1427 1088 1468 OPTr
1112 1435 1257 1481 septem.
1304 1437 1398 1468 nutr.
1427 1430 1482 1467 fe-

38 1490 124 1520 runt
150 1480 212 1520 Σ.
246 1482 352 1532 putat
375 1483 519 1519 caeteri.
568 1482 658 1518 didit
685 1495 764 1519 esse
788 1485 827 1519 in
850 1494 928 1519 ras.
955 1494 1004 1518 m.
1115 1484 1199 1518 168.
1234 1482 1411 1519 'rethidos
1443 1483 1481 1519 G.

37 1534 220 1570 Thethios
248 1536 283 1569 D
298 1534 345 1570 G.
393 1532 542 1569 Thicios
568 1536 687 1570 Ema.
704 1546 760 1582 pr.
809 1533 844 1568 T
847 1533 967 1569 hecios
992 1529 1074 1568 ΓΕ
1085 1544 1160 1570 ma.
1175 1545 1242 1569 sec.
1291 1533 1424 1569 'l‘ecios
1448 1545 1482 1570 r.

38 1596 186 1620 occean.
214 1585 352 1620 DEG.
456 1585 541 1620 169.
568 1583 653 1620 Non
680 1584 767 1620 dum
798 1585 844 1621 G.
883 1583 1058 1619 Nundum
1085 1581 1133 1620 Γ.
1179 1583 1266 1619 athl.
1296 1581 1481 1620 DEGF.

38 1635 155 1671 atlans
182 1636 242 1669 33.
290 1633 428 1669 humer.
455 1640 603 1670 ornatus
634 1646 656 1682 9
681 1639 766 1671 tres.
820 1633 1017 1670 honeratus
1045 1636 1090 1670 E.
1141 1631 1274 1683 olimpo
1300 1636 1380 1671 mei.

89 1686 174 1720 170.
211 1683 287 1719 hias
321 1680 415 1719 DF.
527 1686 611 1720 171.
650 1687 750 1721 Vers.
778 1697 856 1721 cum
887 1696 961 1733 seq.
988 1696 1058 1721 om.
1085 1686 1124 1720 in
1155 1684 1296 1729 ordine,
1332 1684 1416 1721 add.
1444 1686 1483 1721 in

37 1746 181 1772 summa
210 1735 347 1782 pagina
375 1730 428 1768 Φ.
467 1733 572 1769 Hunc
598 1735 745 1783 stirpem
773 1747 829 1771 oc.
856 1747 982 1770 mma.
998 1746 1055 1783 pr.
1103 1740 1217 1783 strrps
1244 1733 1293 1771 Γ.
1333 1735 1481 1771 occeani

0 1791 2 1820 ἰ
39 1786 181 1822 DEG.
231 1797 287 1820 oc.
314 1784 482 1819 maternis
506 1796 541 1819 n.
572 1786 615 1822 0.
663 1796 718 1820 oc.
748 1785 877 1820 maturi
902 1796 949 1819 m.
997 1790 1082 1819 mat.
1111 1785 1260 1821 nexibus
1291 1782 1484 1822 BGOEM

0 1829 2 1844 '
38 1835 60 1871 b
75 1847 148 1871 ma.
167 1847 236 1873 sec.
254 1846 274 1871 r
292 1846 365 1870 ma.
381 1845 438 1882 pr.
479 1840 564 1870 mat.
591 1835 725 1870 nisibus
751 1837 786 1870 Ε
794 1837 827 1870 F
835 1831 923 1871 ΟΠ
935 1831 1021 1870 ‘fa
1029 1831 1067 1869 Σ
1075 1833 1094 1870 b
1109 1846 1182 1871 ma.
1192 1847 1254 1883 pr.
1264 1835 1289 1881 f
1296 1847 1316 1872 r
1328 1848 1482 1873 ma.sec.

37 1888 152 1922 2022
172 1886 222 1921 44
246 1890 330 1921 tres.
381 1891 467 1921 mat.
504 1885 684 1920 mensibus
716 1897 740 1934 p
765 1889 909 1934 septem.
1040 1886 1125 1921 172.
1161 1886 1295 1935 nirnph.
1324 1888 1360 1922 D
1383 1888 1416 1923 G
1433 1884 1480 1923 Γ.

37 1935 189 1985 nymph.
217 1935 375 1983 praefuit
409 1942 477 1971 ort.
511 1936 634 1972 Guar.
651 1946 720 1971 scr.
770 1935 834 1971 sed
870 1936 966 1984 prius
992 1932 1090 1971 DH
1109 1946 1186 1971 sex.
1239 1943 1307 1973 ort.
1335 1936 1425 1974 hilas
1451 1936 1484 1983 f.

38 1985 117 2023 hias
145 1983 271 2022 DFrr.
382 1988 466 2022 173.
502 1985 635 2034 lanugo
663 1992 717 2021 est
738 1987 830 2034 pau.
858 1983 1482 2024 BGDNOPWAbmrmasec.

38 2041 74 2073 et
100 2036 171 2073 duo
196 2036 383 2083 fortassis,
425 2035 604 2072 fortudine
630 2032 676 2074 Ε.
780 2038 865 2072 174.
892 2044 946 2072 est
973 2049 1042 2073 om.
1070 2034 1110 2072 Γ
1109 2064 1118 2073 .
1166 2037 1248 2074 hen.
1270 2037 1376 2087 lupus
1407 2041 1483 2074 Tm

38 2099 186 2135 mmpr.
296 2087 381 2123 175.
418 2087 501 2122 uirt.
529 2086 653 2122 animis
681 2084 1481 2136 DEGOEFMNOPWATymma.sec.

35 2149 88 2174 rs
109 2139 239 2185 uiginti
259 2141 349 2182 trem
381 2137 502 2174 Guar.
519 2148 589 2173 scr.
630 2137 711 2173 uirt.
738 2138 875 2174 animos
901 2135 938 2173 Σ
948 2141 1015 2186 103
1043 2140 1174 2174 Euar.
1192 2150 1261 2175 sor.
1306 2139 1388 2175 uirt.
1416 2150 1483 2175 an-

37 2199 105 2224 nos
131 2187 214 2225 duo.
327 2189 412 2224 176.
449 2187 541 2223 Aud.
569 2188 604 2223 in
632 2187 720 2223 hirs.
750 2185 790 2223 (D
808 2200 887 2224 nar.
904 2200 973 2224 sor.
1021 2188 1151 2224 irsutas
1177 2191 1223 2225 E.
1267 2191 1342 2233 Ita,
1369 2189 1482 2236 feras,

37 2235 132 2275 DA
145 2236 201 2274 M
207 2235 256 2273 H
263 2237 282 2273 b
302 2237 324 2274 h
339 2250 363 2286 p
379 2239 425 2273 41
456 2237 714 2285 duodeuiyinvi3
752 2239 780 2275 G
793 2236 879 2275 ΨΑ
889 2250 912 2286 9
926 2251 1008 2276 nar.
1026 2250 1095 2276 scr.
1141 2239 1234 2275 leras
1260 2239 1346 2276 ΑΜ.
1374 2241 1482 2288 prim.

37 2287 113 2324 leas
137 2288 279 2337 reliqui.
390 2290 474 2324 177.
506 2288 662 2337 Duxque
690 2290 737 2328 B.
786 2289 850 2325 lat.
877 2290 978 2326 ferae
1006 2287 1054 2326 Γ.
1161 2292 1243 2326 178.
1280 2290 1342 2326 llle
1367 2290 1436 2326 fuit
1457 2302 1482 2337 9

38 2337 121 2375 duo.
161 2339 290 2375 libicae
316 2336 479 2377 DEFr.
517 2339 624 2375 libiae
653 2340 700 2378 G.
743 2346 891 2376 cruenta
911 2339 997 2385 leae
1024 2337 1485 2377 DEFGOEFMNOP
1562 2353 1578 2378 ·.

39 2384 90 2423 Π
97 2385 189 2424 ΨΔ
190 2385 230 2425 Σ
234 2385 300 2425 Tb
311 2388 365 2437 fg
379 2389 402 2426 h
414 2401 438 2438 p
452 2400 472 2426 r
486 2400 506 2425 s
529 2391 669 2438 passim
693 2389 816 2426 collati
840 2392 997 2439 exceptis
1018 2393 1052 2427 Z
1066 2394 1112 2426 12
1128 2393 1178 2426 28
1203 2395 1360 2439 quatuor
1383 2390 1482 2436 aliis,

39 2441 127 2474 «ott.
145 2438 247 2485 εᾶἰιὶς
276 2440 396 2477 Guar.
411 2451 483 2476 scr.
594 2441 677 2476 179.
712 2440 832 2476 Mater
856 2443 895 2477 in
919 2452 996 2478 ras.
1022 2454 1073 2478 m.
1120 2441 1204 2477 hian
1229 2445 1378 2490 utroque
1403 2441 1482 2479 loco

42 2484 138 2535 ΒΓ,
171 2491 287 2537 primo
317 2489 393 2527 loco
419 2493 490 2527 Er.
532 2488 640 2538 hyam
665 2495 815 2539 utroque
836 2492 874 2535 0,
900 2493 1017 2541 primo
1036 2504 1072 2540 p.
1178 2494 1264 2529 180.
1291 2504 1363 2541 que
1388 2493 1481 2541 polis

40 2539 103 2572 20.
142 2539 388 2588 subpositurus
416 2543 464 2576 D.
503 2540 618 2576 athlas
643 2543 723 2577 mei.
828 2544 914 2578 182.
941 2542 1298 2592 nomine-mmmm·-
1339 2542 1415 2579 hias
1444 2545 1493 2579 D.

39 2584 90 2623 Γ.
129 2590 227 2625 Inter
243 2589 336 2627 hunc
361 2595 396 2627 et
418 2603 488 2640 seq.
503 2602 596 2628 πονε.
612 2603 632 2627 r
656 2592 810 2628 insertos
829 2591 934 2628 habet
950 2593 1024 2628 295
1039 2591 1089 2628 ad
1107 2594 1192 2628 304.
1295 2595 1380 2631 183.
1414 2593 1480 2629 ad-

40 2643 97 2673 est
121 2636 201 2674 flor.
225 2639 355 2677 Abm.
396 2641 472 2677 lud.
497 2641 678 2678 celebrata
709 2639 1480 2693 GDEFOEFAMOPHWAbeyh
1553 2657 1571 2667 0*

39 2699 302 2739 mma-sw-pr
325 2691 475 2739 triginta
500 2703 594 2729 unus
619 2696 653 2728 et
678 2696 764 2729 uett.
793 2692 848 2730 ed.
