1685 2954
141 55 224 100 152
646 44 1005 96 ”ιῑ·ΑεΤοκνΜ
1640 57 1649 89 ³.

240 169 298 211 Et
328 174 425 210 tuus
453 175 520 209 est
548 167 676 222 idem,
706 168 901 221 Calpete,
930 168 1067 208 factus
1096 178 1210 208 auus.

190 237 378 289 Cumque
404 236 532 290 patris
559 248 730 290 regnum
758 242 854 288 post
878 236 987 277 hunc
1015 234 1230 276 Tiberinus
1258 234 1438 288 haberet,

240 305 399 344 Dicitur
425 304 467 343 in
496 304 658 344 Tuscae
688 303 852 358 gurgite
880 316 1041 344 mersus
1070 315 1213 357 aquae.

183 373 267 413 Iam
298 377 437 411 tamen
462 372 675 425 Agrippan
703 378 841 412 natum
870 372 1165 424 Remulumque
1192 376 1385 423 nepotem

241 438 428 479 Viderat.
463 438 503 478 in
530 438 745 479 Remulum
775 440 939 479 fulmina
966 438 1094 479 missa
1121 438 1265 478 ferunt.
1517 440 1569 477 50
1640 443 1642 445 ’

185 506 314 547 Venit
342 505 576 547 Auentinus
604 514 700 560 post
727 508 816 559 hos,
848 508 963 547 locus
991 506 1098 546 unde
1127 512 1309 558 uocatur,

242 575 366 614 Mons
396 587 569 626 quoque.
608 581 704 627 post
732 573 841 614 illum
869 574 1019 613 tradita
1047 587 1175 627 regna
1193 575 1368 623 Procae.

186 640 318 693 Quem
347 640 532 694 sequitur
561 642 648 682 duri
675 642 863 681 Numitor
892 652 1113 694 germanus
1138 641 1291 682 Amuli:

241 710 313 749 llia
343 721 435 748 cum
464 709 602 748 Lauso
632 707 684 746 de
712 708 927 746 Numitore
957 708 1050 747 sati.

185 776 300 818 Ense
331 774 441 817 cadit
468 782 611 827 patruo
640 775 819 814 Lausus.
859 775 997 826 placet
1023 775 1096 814 Ilia
1124 774 1260 828 Marti,
1521 778 1572 814 55

246 846 390 897 Teque
424 844 548 895 parit,
586 842 750 896 gemino
786 840 927 881 iuncte
956 840 1123 892 Quirine
1151 843 1296 883 Remo.

187 911 260 950 Ille
289 923 390 950 suos
419 922 582 962 semper
611 909 820 949 Venerem
848 910 1106 962 Martemque
1133 915 1326 963 parentes

246 978 372 1029 Dixit,
403 982 447 1017 et
474 975 648 1017 emeruit
675 977 794 1018 uocis
821 976 974 1017 habere
999 977 1135 1017 fidem.

189 1044 312 1086 Neue
341 1042 523 1084 secuturi
548 1050 723 1097 possent
749 1045 910 1085 nescire
935 1050 1122 1097 nepotes,

246 1112 449 1164 Tempora
478 1109 542 1152 dis
570 1113 738 1165 generis
767 1112 1002 1153 continuata
1027 1111 1150 1153 dedit.
1526 1117 1577 1153 60
1635 1166 1637 1169 ⁴

191 1177 280 1221 Sed
307 1179 486 1220 Veneris
514 1191 698 1221 mensem
725 1180 841 1234 graio
866 1192 1054 1221 sermone
1079 1185 1262 1220 notatum

188 1318 250 1355 46.
278 1324 362 1355 tuus
386 1318 481 1356 idem
505 1322 553 1356 D.
594 1318 690 1356 idem
718 1326 848 1369 capete
869 1322 902 1356 B
911 1322 945 1357 F
954 1317 1086 1356 ΦΡΔ
1093 1319 1176 1368 fhp
1195 1318 1274 1356 edd.
1292 1331 1389 1357 saec.
1402 1330 1478 1356 xv.
1517 1331 1579 1356 ω-

137 1374 224 1419 peta
253 1370 292 1406 G.
338 1377 486 1420 carpete
512 1366 568 1406 Π.
617 1370 749 1420 calpite
779 1368 824 1408 Γ.
874 1371 1012 1420 talpate
1041 1374 1084 1407 T.
1122 1371 1239 1420 capite
1269 1369 1341 1407 Gb.
1381 1371 1478 1418 calp.
1504 1369 1579 1406 fra-

139 1425 218 1456 ctus
244 1422 305 1456 M.
406 1422 467 1457 47.
494 1427 577 1470 post
604 1420 696 1457 hanc
720 1421 892 1457 tiberinus
920 1423 965 1456 ab
991 1421 1051 1457 illo
1069 1421 1178 1458 A43.
1218 1421 1400 1468 tyberinus
1425 1422 1473 1455 D.
1511 1421 1581 1454 Ac-

139 1470 275 1518 cipiens
308 1481 459 1517 regnum
497 1478 579 1519 post
611 1470 704 1507 hunc
740 1472 911 1508 tiberinus
944 1472 990 1509 ab
1024 1471 1084 1508 illo
1118 1466 1586 1507 EFGOEI'MPHET

140 1518 334 1568 bfyhrst
346 1522 508 1556 304041
536 1523 687 1567 triyinta
711 1521 797 1559 AM.
825 1524 930 1571 prim.
986 1522 1168 1571 Accipiens
1201 1527 1284 1570 post
1311 1520 1406 1556 hunc
1430 1531 1581 1568 regnum

141 1570 316 1606 tiberinus
349 1571 395 1606 ab
428 1571 487 1606 illo
514 1569 559 1606 N
569 1569 602 1607 Ο
618 1569 669 1608 Ψ.
724 1573 890 1621 Cumque
925 1572 1020 1622 capit
1052 1584 1200 1621 regnum
1236 1577 1318 1620 post
1348 1570 1444 1605 hunc
1474 1570 1583 1617 tybe—

141 1620 241 1656 rinus
276 1621 322 1657 ab
358 1621 419 1657 illo
452 1633 558 1658 unus.
605 1623 634 1658 A
669 1629 797 1672 capeto
828 1634 977 1670 regnum
1013 1629 1094 1671 post
1127 1622 1221 1657 hunc
1254 1621 1425 1657 tiberinus
1451 1621 1496 1656 ab
1523 1619 1584 1656 illo

141 1681 250 1707 unus.
359 1673 422 1709 48.
455 1671 595 1707 Dicitur
620 1678 782 1708 etruscae
809 1673 950 1721 gurgite
974 1684 1080 1708 unus.
1190 1672 1252 1708 49.
1289 1674 1364 1714 Ita,
1391 1671 1582 1719 agrippan,

141 1720 193 1757 A.
233 1721 408 1770 agrippae
447 1724 495 1757 D.
556 1723 715 1771 agripam
755 1720 806 1758 Φ.
854 1724 1041 1771 agrippam
1076 1723 1214 1758 caeteri.
1261 1733 1337 1769 agr.
1366 1723 1524 1770 genitum
1550 1723 1584 1757 Ζ
1636 1738 1650 1762 ;·

143 1774 263 1807 1220.
302 1771 489 1820 agrippam
518 1784 655 1807 remum
687 1774 936 1822 remulumque
961 1772 1009 1809 F.
1045 1780 1118 1808 nat.
1150 1772 1397 1820 romulumque
1427 1773 1471 1808 G.
1519 1782 1584 1806 ne-

142 1827 249 1870 potes
266 1819 450 1858 AFOEA
462 1819 565 1858 ΜΝ
578 1820 691 1858 ΨΤΙ)
701 1822 750 1871 fg]
761 1835 830 1859 ma.
843 1835 898 1872 pr.
911 1836 945 1859 m
958 1836 1030 1859 ma.
1043 1835 1110 1859 sec.
1125 1834 1177 1870 pr
1190 1825 1237 1858 43
1249 1824 1298 1857 44
1323 1821 1488 1866 ειειῖοοίηις
1517 1822 1586 1858 GP

143 1883 311 1908 nanscr.
413 1873 474 1908 50.
505 1872 656 1908 Viderat
682 1881 718 1909 et
744 1874 778 1909 in
795 1871 841 1909 Γ.
883 1873 981 1909 Vidit
1006 1881 1042 1909 et
1069 1874 1102 1908 in
1122 1872 1153 1908 b.
1195 1873 1372 1908 romulum
1394 1874 1439 1908 G.
1479 1872 1584 1908 sulm.

145 1934 247 1957 musa
274 1921 306 1958 b.
429 1924 492 1958 51.
527 1924 697 1959 auentino
727 1931 808 1972 post
835 1924 902 1959 hoc
928 1925 995 1959 loc.
1027 1935 1213 1972 mmmpr.
1264 1931 1344 1971 post
1372 1923 1466 1958 hunc
1491 1919 1584 1958 ΕΓ.

147 1971 213 2008 hos
238 1972 338 2008 lacus
355 1970 676 2022 FOENPma.pr.
691 1986 710 2009 s
728 1979 894 2022 (μιαῒιιον.
937 1975 1004 2010 loc.
1031 1975 1138 2018 (lac.)
1163 1974 1245 2009 inde
1266 1968 1403 2010 GEbs
1422 1974 1586 2021 quinque.

148 2029 299 2058 uocatus
326 2025 406 2059 ΡΤ
429 2028 597 2071 quatuor.
713 2026 775 2060 52.
811 2025 897 2060 Mox
924 2037 985 2073 qu.
1011 2029 1262 2072 9ma.scc.rt.
1313 2036 1423 2072 regua
1450 2023 1587 2072 phocae

152 2070 705 2123 BGmMNOHbyma.p2-.
716 2087 763 2111 rs
788 2075 1020 2122 undeuiginti.
1067 2076 1170 2110 focae
1201 2076 1283 2121 G(t.
1307 2070 1587 2118 Gron.)EFA

157 2119 247 2158 ΨΔ
261 2122 359 2169 Tft.
473 2125 534 2161 53.
573 2137 648 2172 seq.
678 2126 743 2160 diri
768 2124 1005 2172 Ayma.sec.
1034 2124 1199 2173 qtmtuor.
1245 2126 1407 2174 sequitur
1433 2124 1586 2160 numitor

149 2173 332 2221 quondam
361 2186 552 2223 germanus
580 2172 700 2211 Π4ἰ.
742 2177 865 2211 amulii
896 2174 1028 2213 ΒΕΓ.
1075 2176 1196 2211 arnulli
1221 2175 1280 2222 fr.
1381 2177 1441 2212 54.
1474 2171 1585 2210 n.-de

148 2223 250 2260 lanso
278 2226 417 2269 (clauso
444 2229 523 2261 test.
545 2227 679 2272 Gron.)
706 2238 785 2261 cum
820 2228 946 2263 numit.
973 2227 1078 2262 A43.
1124 2239 1203 2262 cum
1234 2227 1335 2275 lapso
1360 2228 1419 2262 M.
1465 2222 1584 2259 muni-

146 2278 227 2309 tore
252 2276 297 2310 E.
339 2275 463 2311 numit.
490 2282 567 2311 sata
589 2274 640 2312 (D.
684 2278 807 2312 uumit.
835 2283 913 2313 sata
940 2284 994 2313 est
1015 2274 1061 2314 Σ.
1164 2277 1226 2312 55.
1255 2279 1327 2320 δῖε,
1355 2281 1496 2325 patruo,
1523 2271 1583 2310 A.

145 2324 265 2372 patrio
296 2325 347 2361 A.
408 2326 517 2375 patrii
549 2338 654 2363 nnus.
706 2328 826 2376 patrui
860 2329 1002 2364 caeleri.
1122 2328 1185 2364 56.
1218 2328 1277 2363 Te
1311 2327 1404 2374 parit
1436 2326 1481 2360 Ε.
1610 2318 1643 2361 Ὺ·

199 2373 262 2409 57.
290 2387 373 2411 suos
400 2388 569 2412 uenerem
597 2388 740 2426 semper
765 2383 953 2425 martemq.
987 2377 1220 2415 Ghuetmd.
1260 2375 1418 2425 parentis
1442 2374 1490 2411 A.

199 2424 260 2459 58.
288 2424 384 2461 Dixit
403 2431 515 2473 post-r.
531 2427 663 2472 syll.in
678 2440 751 2464 ras.
768 2430 812 2464 E.
916 2430 978 2464 59.
1006 2429 1143 2477 possint
1167 2427 1338 2474 funenpr.
1365 2423 1447 2461 duo.
1489 2435 1585 2461 nese.

147 2480 316 2521 parentes
347 2477 434 2512 GN
440 2475 492 2515 A.
532 2489 629 2513 nese.
658 2479 812 2514 minores
839 2480 882 2514 N
890 2491 972 2515 aar.
984 2490 1052 2515 scr.
1154 2479 1214 2512 60.
1250 2477 1383 2523 Temp.
1412 2476 1461 2510 sic
1487 2475 1586 2524 genti

149 2529 248 2560 cont.
280 2536 304 2572 9
323 2536 406 2561 uar.
427 2538 497 2562 scr.
553 2528 588 2563 T
592 2540 690 2577 emp.
725 2529 776 2564 sic
809 2530 949 2577 generis
987 2534 1070 2566 tres.
1117 2527 1181 2562 diis
1208 2527 1287 2562 EG
1313 2536 1358 2561 ex
1385 2527 1484 2561 meis.

200 2574 262 2610 61.
290 2574 330 2611 Si
357 2587 440 2611 nen.
469 2575 501 2612 b.
543 2590 702 2614 mensem
730 2585 832 2627 grato
857 2579 904 2616 A.
947 2590 1103 2615 inensem
1129 2587 1259 2624 graeco
1286 2571 1590 2613 EFOETNOP

155 2620 306 2662 ΨΤὲὃ
333 2636 459 2663 utonem
484 2630 518 2662 et
543 2633 629 2665 eren.
656 2628 710 2666 ed.
754 2639 862 2668 serm.
888 2636 1054 2666 uocatum
1079 2625 1147 2675 A3
1173 2628 1383 2664 Pam-‚scm
