1685 2954
103 53 157 99 10
644 67 985 101 masa-orum

155 167 302 211 Omnia
327 174 427 210 tunc
451 166 608 210 florent.
640 172 740 210 tunc
767 174 835 210 est
862 182 969 211 noua
996 170 1192 224 temporis
1220 175 1353 224 actas,

211 237 268 278 Et
294 249 401 277 noua
428 235 482 276 de
508 234 678 290 grauido
705 237 872 290 palmite
898 249 1062 290 gemma
1089 243 1234 281 tumet:

156 304 213 346 Et
240 303 360 344 modo
389 304 570 345 formatis
597 304 775 357 operitur
800 304 1008 349 frondibus
1033 305 1168 358 arbos,

211 370 353 412 Prodit
379 376 423 411 et
450 371 491 410 in
518 383 717 413 summum
744 372 912 414 seminis
940 372 1065 413 herba
1091 373 1242 413 solum:

155 440 211 479 Et
238 438 421 492 tepidum
449 439 639 481 uolucres
666 441 936 482 concentibus
963 442 1061 481 aera
1085 442 1278 494 mulcent,
1461 444 1538 481 155

209 505 334 547 Ludit
362 511 407 546 et
433 505 473 546 in
501 507 628 559 pratis
655 508 909 561 luxuriatque
937 521 1081 560 pecus.

154 574 262 614 Tum
289 573 425 615 blandi
452 574 576 615 soles.
621 574 846 629 ignotaque
872 575 1005 626 prodit
1031 575 1201 617 hirundo

209 642 266 683 Et
290 642 444 682 luteum
472 641 587 682 celsa
615 641 692 682 sub
723 641 839 682 trabe
866 640 959 694 figit
984 654 1110 695 opusz
1140 660 1146 664 “

155 709 261 751 Tum
288 710 438 763 patitur
464 709 601 750 cultus
627 720 729 761 ager
756 713 802 747 et
828 713 1046 749 renouatur
1072 713 1224 750 aratro:

210 777 330 819 Haec
357 776 452 818 anni
481 776 644 816 nouitas
672 775 758 816 iure
784 774 972 816 uocanda
999 775 1087 815 fuit.
1465 780 1543 815 160

153 843 424 897 Quaesieram
451 842 604 885 multis.
638 856 719 884 non
746 841 885 884 multis
911 842 979 882 ille
1007 846 1190 883 moratus

210 911 394 953 Contulit
420 912 460 952 in
489 923 637 953 uersus
665 906 738 952 sic*
755 921 832 951 sua
860 909 985 950 uerba
1014 909 1137 951 duos:

152 979 300 1021 Bruma
327 977 423 1019 noui
447 979 576 1032 prima
603 983 684 1031 est,
711 977 949 1031 ueterisque
976 977 1202 1019 nouissima
1229 975 1349 1020 solis:

208 1045 453 1099 Principium
481 1046 648 1100 capiunt
675 1045 871 1086 Phoebus
898 1050 943 1086 et
970 1057 1100 1086 annus
1127 1045 1247 1086 idem.

155 1114 314 1156 Postea
341 1114 523 1167 mirabar,
552 1125 625 1155 cur
651 1125 733 1154 non
760 1113 850 1154 sine
877 1112 1016 1154 litibus
1044 1118 1162 1154 esset
1464 1114 1542 1152 165

207 1181 344 1223 Prima
370 1180 473 1222 dies.
515 1192 684 1222 causam
706 1181 887 1234 percipe,
915 1181 1039 1221 Ianus
1061 1180 1132 1221 ait.

153 1250 357 1302 Tempora
384 1247 569 1290 commisi
595 1248 809 1290 nascentia
835 1248 959 1289 rebus
986 1247 1177 1301 agendis,

209 1319 343 1359 Totus
369 1317 422 1358 ab
443 1314 627 1370 auspicio
649 1328 702 1357 ne
730 1315 836 1357 foret
859 1326 990 1356 annus
1017 1315 1138 1356 iners.

154 1383 340 1439 Quisque
367 1397 469 1427 suas
495 1390 607 1426 artes
635 1383 687 1424 ob
715 1382 823 1424 idem
851 1381 1004 1424 delibat
1031 1381 1196 1436 agendo

155 1518 242 1556 151.
268 1518 401 1555 florent
421 1529 516 1554 nunc
535 1524 589 1554 est
609 1519 670 1554 33.
710 1517 844 1553 florent
868 1522 907 1553 et
931 1523 1018 1553 tunc
1035 1527 1131 1553 noua
1153 1518 1200 1555 G.
1236 1517 1408 1566 temporis
1428 1521 1547 1553 aestas

105 1570 136 1606 G
157 1581 232 1606 ma.
258 1581 316 1618 pr.
343 1567 392 1605 Γ.
502 1569 588 1606 152.
625 1567 825 1618 degrauido
851 1570 898 1605 Ε.
953 1567 1000 1604 de
1032 1567 1145 1604 nitido
1180 1567 1313 1603 cortice
1345 1578 1488 1615 gemma
1512 1566 1546 1603 b.

101 1632 245 1669 gemma
271 1619 367 1656 cadit
392 1631 428 1656 m
447 1631 522 1656 ma.
538 1630 595 1668 pr.
699 1618 786 1655 153.
813 1617 921 1655 modo
944 1617 1109 1654 formosis
1136 1616 1206 1663 Τί.
1247 1616 1357 1653 modo
1382 1616 1547 1653 sarmati-

101 1671 153 1706 cis
178 1671 341 1720 aperitur
368 1668 387 1706 b
409 1682 484 1707 ma.
502 1681 559 1718 pr.
598 1668 707 1706 form.
734 1669 898 1705 amicitur
925 1668 1056 1704 uitibus
1082 1668 1160 1704 arb.
1193 1667 1265 1704 Gm
1284 1669 1309 1703 8
1326 1671 1418 1704 octo.
1457 1667 1547 1704 ami-

102 1721 197 1757 citur
220 1720 409 1757 frondibus
428 1724 596 1768 quatuor.
638 1719 801 1768 operitur
827 1719 958 1755 uitibus
981 1715 1068 1763 (Df3
1096 1719 1131 1754 P
1147 1729 1230 1755 aar.
1247 1729 1319 1754 scr.
1357 1717 1548 1755 frondibus

102 1782 220 1808 annus
239 1771 361 1815 (antro
383 1771 529 1816 Heius.)
552 1772 600 1818 G,
626 1769 689 1806 sed
705 1781 780 1805 πια.
795 1781 851 1818 pr.
878 1780 971 1805 corr.
997 1771 1076 1816 Ita,
1102 1769 1225 1815 arbos,
1249 1767 1402 1805 BFGh
1420 1771 1444 1805 8
1462 1767 1547 1805 duo.

102 1822 214 1858 arbor
235 1820 375 1870 reliqui.
494 1821 580 1857 154.
616 1820 703 1856 Exit
726 1826 763 1856 et
801 1821 836 1857 G
861 1831 945 1856 aar.
971 1830 1043 1856 scr.
1071 1831 1128 1868 pr.
1154 1831 1229 1855 ma.
1276 1824 1314 1855 et
1347 1819 1548 1855 inmensum

100 1884 192 1909 sem.
224 1871 255 1917 f.
295 1871 464 1921 graminis
491 1870 603 1907 herba
621 1869 684 1908 A.
787 1870 872 1906 155.
900 1881 985 1906 aera
1011 1869 1193 1918 complent
1211 1867 1282 1916 A;
1312 1870 1344 1907 0
1367 1880 1452 1906 ναν.
1476 1879 1548 1905 scr.

105 1934 194 1959 aera
219 1921 371 1959 miscent
395 1933 502 1958 tritus.
606 1923 691 1958 156.
717 1920 866 1970 inpratis
892 1922 939 1958 Ε.
1051 1921 1136 1955 157.
1164 1922 1240 1963 Ita,
1267 1920 1382 1967 Tum,
1405 1919 1443 1956 A
1458 1922 1492 1956 D
1509 1916 1550 1955 Φ

102 1970 146 2011 K
155 1970 192 2009 Ρ
202 1971 329 2021 Tfpr
364 1974 495 2020 uifflnti.
527 1973 691 2022 quinque.
752 1972 860 2008 Tunc
893 1970 1021 2020 ‘reliqui
1045 1974 1079 2007 et
1103 1974 1189 2006 nott.
1217 1968 1296 2006 edd.
1341 1969 1471 2022 irundo
1496 1966 1547 2006 Γ.

105 2022 230 2060 Gloss.
258 2024 404 2071 ignota,
431 2023 501 2059 iam
529 2023 589 2059 diu
618 2025 668 2059 D.
771 2023 857 2059 158.
892 2021 941 2058 Et
968 2022 1120 2057 uitreuin
1147 2022 1209 2056 44.
1255 2020 1360 2057 trabe
1385 2020 1489 2068 fingit
1512 2019 1548 2056 A

101 2073 152 2112 A
167 2070 301 2122 Ψρρε
326 2076 377 2109 40
408 2077 486 2110 octo
496 2087 507 2118 ;
543 2074 575 2111 0
600 2084 683 2110 uar.
710 2084 781 2109 scr.
826 2072 930 2108 trabe
965 2072 1076 2108 nectit
1102 2068 1140 2107 E
1148 2069 1187 2107 Γ
1192 2069 1238 2107 Ν
1244 2067 1293 2107 Π
1313 2072 1359 2106 41
1395 2074 1548 2119 septenu

104 2125 161 2162 Gs
185 2135 270 2162 παν.
296 2135 365 2161 scr.
405 2125 508 2160 trabe
535 2123 633 2160 cudit
660 2124 692 2160 0
716 2135 801 2159 aar.
827 2134 898 2160 scr.
1004 2123 1090 2158 159.
1119 2125 1194 2166 Ila,
1222 2122 1336 2169 Tum,
1361 2121 1443 2157 AD
1456 2116 1550 2156 ΦΚ

104 2171 250 2224 OPpr
276 2174 354 2222 alii,
379 2178 420 2210 ut
444 2178 544 2224 puto.
598 2174 708 2210 Tunc
733 2175 875 2210 caeteri.
916 2173 1026 2210 Tunc
1051 2173 1188 2222 pariter
1213 2171 1299 2209 cult.
1324 2182 1431 2209 unus.
1468 2174 1545 2219 pat.

106 2225 312 2261 combustus
338 2237 425 2272 ager
457 2237 563 2262 uitiis.
615 2236 742 2260 renou.
770 2225 907 2260 arando
932 2222 1023 2262 As.
1135 2224 1220 2259 160.
1257 2223 1336 2258 Hoc
1361 2220 1395 2258 b.
1446 2219 1548 2256 Haec

102 2287 198 2311 anno
237 2288 322 2313 nou.
352 2276 433 2313 AF
455 2288 530 2312 nia.
557 2287 613 2323 pr.
644 2271 730 2312 GA
754 2287 829 2311 ma.
858 2287 914 2323 pr.
943 2278 1117 2323 (piamon
1162 2275 1192 2311 G
1215 2284 1298 2310 aar.
1324 2283 1394 2309 scr.
1445 2269 1548 2306 llaec

102 2326 247 2363 nouitas
273 2327 359 2363 anni
386 2325 434 2375 sy
461 2328 626 2375 qztinque.
665 2326 741 2361 iure
768 2325 927 2361 notanda
954 2327 989 2362 E
1007 2337 1082 2361 ηια.
1103 2335 1159 2372 pr.
1200 2320 1366 2360 nouanda
1391 2322 1442 2358 M
1461 2331 1546 2357 uar-

103 2387 176 2413 εον.
280 2378 365 2413 161.
392 2378 495 2414 mult.
515 2388 582 2413 nec
603 2376 723 2413 multis
749 2387 769 2411 s
788 2375 869 2412 duo.
908 2376 968 2412 ille
986 2381 1147 2411 moratur
1165 2373 1236 2411 Fb.
1338 2370 1424 2407 162.
1452 2371 1546 2407 Cum

108 2426 192 2462 tulit
217 2425 252 2461 in
280 2425 312 2463 b.
411 2430 502 2465 163.
530 2428 715 2476 ueterique
741 2426 772 2474 f.
876 2428 962 2462 164.
991 2425 1129 2475 phebus
1152 2426 1242 2461 DE.
1346 2421 1431 2458 165.
1457 2420 1546 2457 Post

106 2488 151 2513 ea
178 2475 198 2513 b
224 2489 298 2513 ma.
322 2489 391 2514 sec.
420 2491 468 2515 m.
571 2479 656 2514 166.
685 2489 846 2513 caussam
874 2474 902 2512 I
905 2475 987 2514 ’Φῖ
1088 2477 1173 2511 167.
1201 2472 1299 2509 omisi
1328 2474 1378 2508 D.
1429 2471 1546 2507 omissi

106 2529 152 2565 Ε.
203 2526 363 2576 disposui
385 2527 496 2575 gloss.
528 2530 574 2567 G.
627 2528 815 2565 nascencia
841 2525 889 2564 Γ.
1019 2527 1102 2562 168.
1142 2525 1260 2560 'sotus
1296 2529 1333 2559 at
1361 2534 1465 2571 ausp.
1494 2521 1543 2557 A.

103 2578 224 2615 Totus
250 2584 290 2613 ut
314 2589 418 2627 ausp.
447 2578 466 2614 b
492 2580 554 2616 43.
606 2578 762 2627 auspitio
790 2581 838 2615 D.
890 2577 1012 2624 inhers
1036 2578 1081 2613 E.
1216 2575 1302 2610 169.
1337 2573 1484 2622 Quique
1515 2571 1546 2609 G

104 2629 210 2675 (teste
239 2629 372 2676 Gran.)
398 2642 481 2666 suus
507 2636 629 2679 partes
656 2631 706 2666 Κ.
761 2636 855 2666 artes
881 2628 1012 2666 ibidem
1037 2625 1109 2663 dcl.
1137 2625 1264 2663 ABE
1287 2636 1362 2662 mu.
1385 2635 1442 2674 pr.
1472 2623 1547 2661 FP
