1685 2954
93 81 209 112 cxml
596 80 652 110 DE
681 81 864 112 AEvas
893 83 1036 113 SACRIS

93 181 233 220 etiamsi
256 179 424 230 exempla
449 186 650 230 suppetunt
673 193 856 221 sacrarum
882 182 1048 233 aedium,
1082 193 1179 235 quae
1210 189 1402 235 postquam
1427 197 1536 224 reno·

92 248 203 281 natae
227 248 325 289 sunt,
351 241 422 278 alio
449 248 561 292 atque
586 243 672 281 olim
697 243 756 281 die
780 251 866 282 suut
890 244 1098 295 dedicatae,
1124 253 1245 283 tamen
1272 246 1357 296 quia
1382 246 1536 285 Maffea-

92 317 179 342 num
206 315 363 340 marmor
380 303 464 340 Xlll
484 304 546 341 Kl’
567 305 634 341 Iul.
661 311 782 343 notam
807 306 875 344 NP
902 308 1034 345 omittit
1060 314 1097 345 et
1121 307 1320 345 secundum
1345 308 1424 358 ipsa
1443 309 1536 346 Ver-

93 365 135 402 rii
162 365 273 401 uerba
302 370 458 415 utroque
486 366 566 403 loco
593 366 640 403 de
662 366 963 418 Quinquatribus,
990 381 1086 406 noua
1112 369 1305 417 dedicatio,
1331 369 1430 419 quod
1446 368 1539 406 Oui-

92 426 154 463 dio
173 424 402 473 aduersatur,
429 426 577 464 caderet
603 427 639 464 in
665 440 824 467 mensem
844 429 999 468 Iunium.
1045 431 1173 475 Quare
1198 439 1302 468 uetus
1328 429 1417 467 iliud
1444 436 1538 467 tem-

91 487 193 538 plum
221 492 305 524 ante
331 486 453 524 Ouidii
488 494 644 526 aetatem
677 501 751 527 non
777 491 1007 539 restitutum,
1043 490 1277 529 dedicationis
1313 498 1433 529 autem
1460 491 1539 529 eius

92 548 170 586 dies
196 548 362 597 ambigua
387 548 460 586 fide
486 550 638 587 traditus
665 562 744 588 esse
773 550 943 588 uidetur:
985 551 1138 589 Ouidius
1164 565 1226 590 eos
1251 554 1438 604 sequitur,
1476 551 1538 602 qui

93 622 219 648 mense
244 610 377 647 Martio
400 610 602 648 Mineruam
631 612 802 662 Captam,
827 612 929 649 Iunio
954 613 1169 650 Auentinam
1196 622 1441 652 consecratam
1469 626 1540 664 pu-

88 677 239 717 tarnat,
274 683 432 709 marmor
466 672 570 710 Maff.
609 673 799 710 obscuram
835 674 1045 711 memoriam
1082 675 1254 724 neglexit.
1314 674 1540 712 Posteriores

88 733 267 772 fastorum
294 732 432 783 lapides
459 745 544 771 num
570 734 653 771 ideo
678 739 892 770 annotatum
920 733 1102 784 habeant,
1127 737 1213 786 quia
1239 742 1322 786 post
1347 735 1541 773 Tiberium

91 808 138 834 eo
173 795 232 832 die
264 794 372 832 aedes
409 795 477 831 ista
504 795 754 833 Auentinensis
786 796 955 833 restituta
984 795 1116 845 suerit,
1153 797 1296 834 nescio:
1331 801 1542 834 recensetur

90 863 212 896 tamen
238 858 298 894 illa
324 857 359 893 in
387 856 513 894 notitia
539 857 660 894 Vrbis.

190 919 430 956 Summani
456 920 631 969 templum
659 918 806 969 quando
832 917 1039 955 dedicatum
1065 919 1134 967 sit,
1170 920 1395 967 accuratius,
1430 930 1540 969 quam

89 980 190 1031 apud
218 980 413 1027 Ouidium,
446 993 623 1031 nusquam
651 981 818 1018 traditur.
871 981 900 1015 A
927 979 1045 1017 Plinio
1072 988 1147 1018 nat.
1175 980 1257 1018 hist.
1285 982 1349 1029 29,
1376 981 1401 1016 4
1425 991 1543 1031 prope

90 1042 292 1078 quentutis
327 1041 454 1078 aedem
489 1041 600 1078 fuisse
633 1048 949 1079 commemoratur.
1010 1042 1211 1079 quentutis
1245 1050 1366 1080 autem
1405 1042 1543 1092 templa

90 1115 173 1141 cum
199 1103 273 1140 duo
298 1102 459 1151 suerint,
498 1103 652 1140 alterum
687 1104 723 1140 in
750 1104 954 1153 Capitolio,
991 1103 1145 1140 alterum
1171 1104 1207 1140 in
1235 1105 1343 1141 Circo
1369 1103 1542 1148 Maximo,

89 1164 295 1202 dedicatum
322 1177 420 1201 anno
447 1166 536 1213 561,
563 1165 644 1201 Liu.
673 1167 736 1212 36,
766 1168 829 1213 36,
858 1165 1028 1203 Sachsius
1057 1169 1094 1214 1,
1122 1178 1159 1216 p.
1179 1167 1256 1202 460
1281 1166 1412 1203 erroris
1437 1176 1542 1202 coar-

89 1227 212 1277 guitur
239 1238 261 1262 a
286 1225 387 1262 fastis
408 1227 654 1274 Amiterninis,
679 1227 885 1276 Esquilffis,
912 1227 1119 1274 Venusinis,
1147 1228 1208 1276 qui
1229 1229 1469 1264 Summanum
1494 1225 1544 1263 ad

93 1289 237 1326 Gircum
262 1290 377 1327 Max.
403 1287 471 1324 ΧΠ
496 1287 556 1324 Kl’
585 1288 651 1325 lul.
681 1288 875 1338 ascriptum
903 1288 1050 1325 habent.
1115 1288 1252 1325 Plinius
1279 1289 1377 1338 quod
1403 1293 1542 1337 narrat,

92 1349 189 1386 circa
215 1349 399 1399 Lupercal
425 1349 563 1385 factum
593 1361 671 1386 esse
698 1349 841 1386 uidetur
866 1356 959 1386 teste
985 1349 1181 1387 Plutarcho
1207 1350 1316 1387 Rom.
1344 1362 1376 1387 c.
1393 1353 1456 1387 21.

192 1411 249 1448 De
276 1411 368 1448 aede
393 1411 552 1447 Fortis
580 1410 828 1448 Fortunae
856 1412 938 1448 Vlll
958 1411 1018 1448 ΚΓ
1038 1411 1104 1448 lul.
1133 1423 1155 1448 a
1180 1412 1311 1449 Seruio
1333 1412 1456 1448 Tullio
1477 1410 1544 1449 de·

90 1472 210 1510 dicata
236 1473 414 1510 consentit
437 1471 590 1509 Ouidius
618 1485 698 1509 cum
719 1473 886 1509 Varrone
911 1473 958 1510 de
985 1474 1009 1510 1.
1031 1474 1056 1510 l.
1076 1476 1114 1522 6,
1136 1476 1196 1510 17.
1249 1473 1350 1510 Idem
1374 1472 1433 1509 hic
1453 1473 1542 1523 quin

89 1535 127 1572 in
151 1535 249 1571 libris
275 1546 395 1571 rerum
422 1534 627 1571 diuinarum
647 1535 754 1584 plura
774 1535 938 1572 subtilius
960 1535 1204 1582 annotauerit,
1231 1535 1331 1571 uelut
1351 1547 1448 1572 anno
1467 1535 1544 1572 459

89 1596 294 1633 restitutam
321 1608 401 1633 esse
427 1596 554 1633 aedem
582 1608 655 1633 non
681 1596 760 1646 ipso
790 1604 915 1634 uetere
943 1598 1048 1645 loco,
1075 1596 1158 1633 Liu.
1188 1599 1250 1644 10,
1277 1598 1342 1644 46,
1368 1608 1442 1635 non
1468 1596 1544 1633 du—

89 1657 182 1694 bito.
235 1657 356 1694 Trans
378 1658 542 1695 Tiberim
570 1670 651 1695 eam
677 1658 787 1695 fuisse
813 1670 857 1695 ex
885 1657 1006 1695 Ouidii
1034 1670 1147 1695 uerss.
1169 1659 1258 1705 777,
1276 1660 1365 1703 779,
1383 1660 1460 1695 780
1486 1659 1545 1695 ὶιι-

89 1719 228 1756 tellexit
253 1720 361 1756 etiam
386 1720 499 1757 falsus
525 1721 586 1757 ille
606 1721 746 1767 Victor,
773 1720 834 1769 qui
860 1725 981 1756 tamen
1009 1732 1091 1755 cum
1119 1720 1154 1756 in
1182 1719 1338 1757 aduersa
1362 1720 1442 1769 ripa
1463 1731 1542 1770 reg.

89 1779 174 1817 th
200 1787 354 1829 propter
379 1794 526 1819 uersum
545 1783 620 1819 784
645 1782 821 1831 templum
847 1782 1033 1817 Fortunae
1054 1780 1197 1818 Dubiae
1222 1787 1446 1819 commentus
1472 1786 1544 1830 est,

89 1841 240 1878 ridicule
266 1840 378 1889 fecit,
411 1842 477 1878 sed
513 1841 679 1879 credulos
716 1841 843 1879 habuit
867 1842 1071 1879 Nardinum
1099 1846 1134 1887 3,
1164 1855 1204 1892 p.
1226 1842 1300 1880 335
1326 1848 1364 1880 et
1388 1842 1544 1893 Foggiu.

87 1914 129 1952 p.
151 1905 223 1938 122
251 1909 288 1939 et
314 1902 503 1940 Sachsium
532 1908 568 1951 1,
596 1917 634 1953 p.
654 1905 743 1940 240.
796 1904 914 1941 Multo
950 1905 1106 1948 rectius,
1140 1911 1181 1940 ut
1214 1905 1365 1955 opinor,
1400 1910 1546 1942 utemur

89 1975 137 2001 eo
165 1962 288 2001 Ouidii
322 1976 428 2001 uersu
463 1964 510 2001 ad
544 1965 818 2003 discernendam
853 1972 1015 2003 ueterem
1050 1965 1171 2003 Seruii
1203 1966 1331 2004 aedem
1358 1966 1545 2004 Fortunae

90 2026 138 2063 ab
164 2037 223 2074 ea,
250 2038 345 2075 quae
371 2037 467 2063 anno
492 2026 536 2063 V.
558 2026 602 2063 C.
626 2029 701 2064 769
729 2028 766 2065 in
795 2028 961 2065 Caesaris
986 2027 1100 2064 hortis
1125 2027 1244 2064 dicata
1270 2034 1324 2065 est
1350 2034 1443 2076 teste
1465 2029 1545 2066 Ta-

90 2086 162 2124 cito
186 2099 271 2124 ann.
300 2091 336 2132 2,
357 2088 419 2132 41,
445 2099 554 2137 quam
581 2087 733 2127 Ouidius
761 2091 863 2128 nouit
887 2090 1065 2137 sortasse,
1089 2088 1155 2126 sed
1182 2102 1254 2126 non
1281 2101 1543 2127 commemora-

92 2149 156 2185 uit.
208 2149 249 2185 In
273 2148 374 2186 fastis
401 2150 496 2187 enim
518 2151 748 2189 Amiterninis
774 2165 856 2189 cum
882 2152 932 2188 ita
959 2150 1089 2188 eodem
1112 2150 1172 2187 die
1199 2157 1413 2188 annotetur:
1441 2152 1543 2189 Furti

91 2212 273 2248 Fortunae
303 2211 531 2251 Transtiber.
552 2211 603 2250 ad
626 2212 777 2252 milliar.
797 2216 902 2264 prim.
930 2217 964 2250 et
989 2217 1098 2257 sext„
1125 2212 1232 2250 facile
1258 2213 1469 2262 intelligitur
1494 2211 1543 2249 ad

90 2278 213 2309 utrum
240 2273 321 2310 uiae
339 2273 549 2311 Portuensis
575 2274 764 2312 miliarium
785 2276 907 2313 Ouidii
933 2275 1046 2311 uerba
1073 2274 1144 2311 sint
1172 2274 1480 2312 accommodanda
1506 2281 1544 2312 et

93 2340 233 2385 quanta
260 2335 426 2373 Caesaris
452 2335 640 2373 hortorum
666 2336 906 2387 longinquitas
933 2335 1111 2373 indicetur
1136 2337 1235 2387 apud
1260 2337 1447 2374 Horatium
1472 2342 1543 2374 sat.

93 2399 131 2445 1,
158 2400 196 2444 9,
225 2398 283 2432 18.

194 2458 322 2494 louis
350 2458 570 2496 Statoris
603 2472 755 2510 quoque
782 2460 907 2510 templi
936 2460 971 2497 V
996 2460 1059 2497 Kl'
1087 2461 1153 2500 lul.
1180 2461 1298 2497 locum
1325 2460 1543 2508 accuratius,

92 2532 200 2570 quam
230 2519 411 2556 historiam
439 2520 548 2557 tradit
579 2528 703 2570 poeta.
756 2521 867 2565 Quod
894 2534 916 2558 a
941 2522 1100 2559 Romulo
1128 2522 1310 2559 conditum
1337 2521 1425 2558 dixit
1451 2533 1544 2558 con-

92 2582 194 2619 uenit
219 2594 300 2618 cum
327 2581 489 2629 Dionysii
518 2582 600 2618 Hal.
628 2583 748 2620 uerbis
773 2586 813 2631 2,
834 2584 908 2631 50,
946 2583 1011 2621 sed
1043 2583 1272 2621 iudicandum
1298 2590 1352 2621 est
1377 2595 1423 2621 ex
1448 2582 1546 2620 Liuii

93 2643 295 2682 testimonio
322 2645 386 2691 10,
405 2644 466 2679 37.
518 2642 657 2680 Locum
682 2655 771 2682 uero
798 2644 964 2694 designat
989 2646 1056 2683 sub
1082 2645 1249 2683 Palatino
1276 2652 1400 2683 monte
1426 2655 1546 2695 prope
