1685 2954
663 55 773 84 cvnA
803 53 936 86 Pium
1379 56 1403 87 C
1408 56 1523 89 cnvn

78 155 287 207 longissime
311 153 544 208 praeconium
572 152 620 191 de
645 159 732 204 toga
758 155 849 191 uirili
876 153 1013 192 Tiberii
1032 152 1117 193 vm
1129 152 1193 193 ΚΡ
1211 153 1300 194 Mai.
1324 160 1364 194 et
1387 155 1435 195 de
1455 156 1525 197 ad-

78 218 228 268 optione
262 218 340 255 eius
374 216 429 256 Vl
451 215 512 252 ΚΓ
538 215 635 263 lun.,
669 227 766 266 quae
797 221 918 252 tamen
951 223 1173 255 annotantur
1200 216 1240 254 in
1274 216 1378 255 fastis
1407 218 1524 258 Prae·

76 279 224 316 nestinis
259 285 297 317 et
320 276 562 323 Amiterninis.
622 277 680 314 De
707 276 934 314 Concordiae
965 277 1001 314 in
1036 290 1121 315 arce
1153 278 1267 327 aede,
1304 278 1386 318 uide
1410 292 1523 331 supra

77 353 118 391 p.
134 352 225 389 nx1,
251 339 298 378 de
324 338 470 376 Athenis
497 337 611 388 captis
636 338 698 374 ΚΡ
724 338 836 375 Mart.
864 350 887 375 a
913 338 1032 387 Sulla,
1058 339 1131 377 uid.
1156 340 1252 378 Plut.
1272 340 1364 379 Sull.
1386 342 1450 390 14,
1475 341 1524 381 de

76 401 211 440 Statilii
237 401 354 438 Tauri
380 399 562 450 triumpho
592 398 762 435 Africano
789 399 883 450 prid.
908 399 969 436 ΚΡ
990 399 1073 447 Iul„
1101 398 1216 438 Orell.
1243 403 1352 440 inscr.
1378 415 1415 440 n.
1431 404 1523 453 619,

77 463 145 502 cfr.
172 464 241 501 Dio
263 463 366 505 Cass.
386 462 448 508 54,
467 463 531 509 24,
559 460 746 497 fatendum
775 469 829 498 est
856 462 1041 498 arbitrium
1067 460 1193 499 fuisse.
1243 463 1300 500 De
1326 463 1419 501 ludis
1443 465 1524 502 Ho-

77 527 174 563 noris
210 531 248 562 et
272 524 422 560 Virtutis
454 535 565 573 supra
601 522 674 559 dixi
700 535 738 572 p.
761 535 860 571 xrx,
894 522 941 560 de
968 522 1111 560 Hilariis
1136 535 1175 574 p.
1199 536 1414 563 chxvnr.
1464 528 1525 566 De

77 586 339 636 Compitalibus
359 585 479 622 uernis
507 596 601 634 quae
627 585 830 634 suspicatus
855 596 934 620 sum
962 597 1000 635 p.
1016 595 1130 633 clxx,
1159 584 1196 622 id
1223 586 1334 623 cuiuis
1361 587 1525 626 iudican-

76 647 163 684 dum
190 647 368 696 relinquo.
420 646 516 683 Nam
548 649 578 684 si
613 646 738 683 dixero
775 646 884 682 etiam
918 646 992 682 eius
1018 646 1100 683 libri
1124 653 1209 696 post
1235 660 1269 684 u.
1289 649 1362 685 378
1387 648 1524 699 aliquid

78 708 251 747 excidisse
278 707 394 745 uideri
419 715 575 759 propter
601 721 729 746 uocem
756 718 891 745 causas
917 719 952 744 u.
973 708 1068 754 357,
1102 707 1175 745 uid.
1203 708 1338 745 Heinsii
1363 715 1401 746 et
1425 709 1523 748 Bur-

77 771 200 807 manni
225 776 415 817 annotata,
439 777 476 807 et
502 773 541 818 3,
560 771 647 814 442,
668 771 742 806 443
768 776 915 819 poetam
941 769 1150 818 parturiisse
1169 775 1309 807 montes
1335 775 1373 807 et
1396 771 1525 821 gigan-

79 831 293 870 tomachiam
326 832 424 868 illam
458 831 666 868 iamdudum
693 831 874 876 debitam,
913 841 986 867 am.
1012 833 1053 877 2,
1075 834 1112 878 1,
1135 834 1196 878 11,
1222 837 1345 867 natam
1371 831 1524 871 ridicule

79 906 248 944 capram,
281 899 318 931 et
343 893 382 941 4,
399 893 613 930 949—954
639 904 703 929 sex
734 903 860 927 uersus
887 903 960 927 non
986 902 1065 927 esse
1090 889 1204 928 multo
1226 891 1405 940 grandius
1430 906 1524 945 opus

77 956 238 1006 quinque
265 955 428 992 uersibus
456 955 518 1004 qui
543 953 780 1004 praecedunt,
809 963 852 988 ac
877 952 917 1000 5,
936 953 1010 1006 14l9
1035 952 1195 989 similiter
1219 955 1382 1002 promitti
1408 955 1523 994 uideri

78 1018 198 1068 plura,
226 1028 334 1066 quam
354 1016 549 1066 praestariz
576 1015 701 1052 audire
726 1013 871 1050 iamiam
891 1013 1019 1051 uideor
1041 1013 1218 1064 quosdam
1244 1015 1364 1053 iurare
1389 1016 1437 1054 de
1462 1030 1524 1056 re-

79 1078 281 1116 conditior-e
306 1077 485 1126 elegantia
516 1076 636 1127 deque
660 1075 786 1113 surore
811 1075 969 1125 poetico.
1022 1075 1140 1113 Velim
1167 1089 1264 1114 nunc
1289 1078 1401 1128 relegi
1427 1092 1523 1129 quae

76 1151 190 1190 supra
207 1138 303 1176 dicta
320 1145 404 1175 sunt
429 1150 468 1188 p.
483 1149 643 1185 nxxnl,
663 1149 803 1174 Lxxrv
831 1144 868 1174 et
894 1137 1019 1188 quaeri
1045 1138 1092 1174 ab
1115 1139 1333 1188 unoquouis,
1361 1142 1523 1190 possitne

78 1212 200 1238 rerum
225 1199 439 1237 mirabilium
464 1198 687 1236 commodior
714 1211 823 1236 causa
855 1199 1029 1247 inueniri,
1063 1212 1171 1249 quam
1208 1199 1306 1250 quod
1341 1201 1378 1238 in
1411 1202 1524 1240 inter-

79 1269 189 1313 rupto
225 1273 338 1312 opere
369 1261 703 1312 deprehenduntur.
757 1260 912 1297 Possent
943 1260 1057 1297 multo
1091 1261 1198 1311 plura
1228 1261 1405 1312 proferri,
1441 1264 1524 1314 nisi,

80 1325 165 1375 quia
198 1323 245 1361 de
278 1324 398 1373 operis
430 1323 639 1360 condicione
675 1329 759 1360 ante
791 1335 896 1359 suum
922 1322 1066 1359 exilium
1101 1323 1215 1360 relicti
1250 1330 1361 1374 poeta
1394 1325 1524 1364 inillis

80 1386 244 1423 uersibus
270 1385 425 1422 tristium
452 1385 632 1435 loquitur,
667 1383 933 1421 subsistendum
967 1383 1065 1421 foret
1098 1384 1134 1420 in
1165 1397 1261 1422 anno
1287 1386 1334 1423 V.
1363 1386 1407 1424 C.
1434 1389 1524 1425 761.

80 1446 218 1485 Verum
250 1459 376 1484 eorum
410 1459 581 1484 uersuum
616 1447 721 1482 tertio
758 1446 930 1495 scriptum
961 1444 1136 1482 fastorum
1168 1459 1260 1497 opus
1294 1447 1426 1484 dicitur
1456 1447 1525 1485 sub

79 1511 221 1547 nomine
255 1509 424 1559 Augusti,
465 1516 502 1545 et
537 1520 583 1545 ue
616 1509 694 1558 quis
733 1513 922 1557 argutetur
957 1506 1003 1544 de
1035 1519 1080 1544 ea
1112 1509 1319 1556 locutione,
1358 1510 1524 1559 Augusto

81 1575 269 1608 sacratum
293 1571 415 1607 fuisse.
455 1570 640 1621 Numquid
662 1582 748 1619 ergo
770 1569 990 1606 Germanico
1008 1569 1093 1606 olim
1115 1582 1187 1607 non
1206 1570 1275 1607 suit
1300 1570 1524 1621 inscriptum,

83 1638 123 1668 ut
139 1630 245 1668 hodie
264 1630 443 1668 habetur?
470 1632 523 1668 lta
541 1633 649 1682 plane
667 1632 844 1676 existimo,
870 1637 906 1668 et
921 1631 1224 1681 quemadmodum
1242 1633 1278 1669 in
1296 1632 1388 1670 libro
1406 1633 1525 1683 primo

82 1691 169 1730 nihil
194 1692 335 1740 inueni,
361 1693 460 1742 quod
484 1693 725 1741 desideretur,
752 1693 1020 1742 inscriptionem
1047 1705 1194 1742 quoque
1218 1694 1268 1730 illi
1293 1695 1524 1744 potissimum

82 1752 304 1801 adhaerere,
331 1754 489 1804 reliquos
515 1754 694 1804 quinque,
720 1753 750 1789 si
776 1765 886 1789 unum
913 1752 1032 1789 locum
1060 1754 1238 1803 excipias,
1265 1756 1419 1805 scriptos
1444 1767 1525 1793 esse

81 1814 129 1852 ad
155 1816 379 1864 Augustum,
413 1815 616 1865 eodemque
641 1814 749 1851 hodie
773 1825 854 1850 esse
879 1820 998 1861 statu,
1033 1826 1105 1863 quo
1131 1814 1280 1853 fuerunt
1303 1828 1399 1854 anno
1425 1819 1523 1855 762:

80 1875 129 1914 de
150 1877 268 1913 uerbis
294 1877 441 1926 singulis
467 1891 489 1914 a
514 1889 574 1914 me
599 1877 770 1914 restitutis
796 1875 864 1913 hoc
888 1887 962 1913 non
980 1874 1123 1913 dicitur.
1161 1876 1301 1915 Locum
1327 1878 1427 1916 illum
1453 1878 1524 1916 iam

79 1949 177 1975 nunc
202 1938 371 1984 amoliar;
404 1945 459 1976 est
485 1941 526 1987 4,
546 1941 615 1976 812

253 1998 445 2038 Sulmonis
467 2000 587 2050 gelidiz,
613 2001 770 2051 patriae,
801 2002 1030 2050 Germanice,
1056 2005 1224 2039 nostrae:

310 2063 378 2098 Me
401 2064 582 2109 miserum,
610 2062 777 2109 Scythico
803 2075 914 2113 quam
937 2064 1066 2114 procul
1092 2064 1157 2102 illa
1181 2063 1260 2102 solo
1287 2064 1363 2102 est!

253 2124 353 2172 Eryo
381 2137 458 2174 aye,
486 2129 561 2163 tam
587 2124 717 2173 longas
740 2124 803 2162 sed
827 2128 1023 2177 supprime,
1044 2129 1173 2171 Musa,
1200 2125 1387 2176 querela-33

309 2187 400 2223 Non
426 2187 491 2225 tibi,
514 2191 601 2225 sunt
626 2191 767 2223 maesta
791 2199 902 2225 sacra
927 2187 1088 2225 canenda
1115 2187 1208 2234 lyra.

79 2242 178 2282 Sunt
202 2243 295 2283 haec
319 2248 487 2297 profecto
506 2249 641 2299 scripta
662 2254 828 2298 tempore
851 2249 959 2298 longe
980 2248 1125 2285 diuerso
1147 2249 1193 2285 ab
1212 2260 1269 2293 eo,
1295 2248 1395 2299 quod
1415 2248 1527 2299 paulo

79 2312 166 2343 ante
192 2306 366 2359 descripsi
391 2316 428 2348 et
454 2311 534 2347 loco
557 2310 648 2359 alio,
674 2321 783 2359 quam
804 2310 867 2359 qui
891 2310 1070 2347 indicatur
1090 2312 1129 2357 3,
1145 2312 1212 2346 10:
1239 2309 1322 2347 huic
1337 2308 1432 2358 urbi,
1460 2308 1528 2348 cfr.

31 2365 37 2374 ⁸
78 2366 234 2407 Bentlei.
261 2371 381 2420 praef.
409 2371 454 2408 ad
481 2372 604 2409 Manil.
632 2384 670 2421 p.
691 2384 735 2416 x,
762 2378 825 2408 aut
851 2373 952 2419 6‚9:
986 2383 1111 2409 nemus
1146 2370 1333 2408 axi-boribus
1365 2370 1527 2416 densmn,

79 2428 146 2466 cfr.
171 2429 280 2469 Pont.
306 2436 342 2478 3,
371 2437 407 2482 1,
436 2435 498 2481 19,
526 2434 618 2470 trist.
646 2436 685 2480 3,
714 2435 776 2480 10,
802 2432 875 2480 753
906 2436 969 2479 12,
997 2434 1058 2469 16.
1110 2431 1225 2469 Plane
1256 2433 1365 2482 iginu-
1395 2432 1527 2470 eodem

79 2490 189 2528 modo
214 2493 333 2531 iudico
359 2493 406 2531 de
437 2493 492 2530 his
524 2495 709 2541 uersibus,
743 2500 855 2543 atque
879 2493 1078 2530 Muellerus
1111 2492 1158 2530 de
1190 2494 1328 2544 aliquot
1352 2494 1527 2532 Varronis

79 2550 128 2588 de
153 2551 181 2590 l.
205 2551 232 2591 l.
256 2555 343 2592 locis
367 2555 486 2606 praef.
513 2550 660 2605 p.'vnr
694 2561 732 2593 et
755 2554 977 2592 Niebuhrius
1010 2554 1057 2592 de
1082 2555 1176 2597 Liuii
1201 2556 1263 2593 lib.
1281 2557 1307 2592 4
1333 2567 1367 2593 c.
1382 2558 1435 2592 20
1458 2568 1527 2606 po—

25 2663 27 2665 ,
77 2613 231 2652 ster-iore
255 2623 360 2665 parte
385 2617 467 2655 hist.
488 2616 562 2655 Ro.
588 2622 629 2668 2,
656 2630 695 2667 p.
713 2617 788 2656 517
814 2628 900 2654 ann.
921 2621 985 2667 11,
1020 2616 1120 2655 cuius
1155 2615 1246 2655 haec
1279 2624 1364 2656 sunt
1396 2608 1527 2655 uerba:

130 2685 192 2720 on.
209 2687 302 2721 Fasti.
319 2688 439 2727 Proleg0
1176 2678 1214 2717 R
