1685 2954
87 97 204 129 (mxx
690 99 747 130 DE
776 100 920 133 SAcnls

87 193 179 242 λὰς
211 191 308 247 ἦμὲ
313 211 336 249 ρ
348 210 404 242 ας
436 192 625 249 ἀγομένη.
677 199 808 239 Festus
833 214 871 252 p.
887 204 976 250 329,
993 204 1018 241 7
1033 204 1123 242 sin.:
1156 204 1292 250 salios,
1317 205 1444 254 quibus
1465 220 1528 258 per

85 261 204 298 omnis
227 261 323 308 dies,
354 259 562 309 ubicumque
585 266 731 298 manent
756 269 863 310 caet„
901 265 961 302 ubi
994 265 1066 303 uid.
1093 265 1218 303 Muell.
1269 267 1428 304 Dubium
1469 270 1527 307 uix

85 328 164 368 est,
199 324 284 371 quin
320 335 401 358 cum
437 323 473 359 in
507 322 609 359 tastis
635 322 877 361 Praenestinis
905 326 1130 363 Tubilustrio
1155 328 1384 376 assignentur
1415 329 1528 368 seriae

83 381 232 429 Martis,
274 381 310 418 id
346 383 474 421 eodem
516 383 625 421 modo
658 385 747 433 fiat,
785 393 894 436 atque
928 389 962 424 in
999 389 1122 425 tabula
1155 390 1330 427 Vaticana
1355 390 1441 428 XIV
1465 391 1527 428 ΚΡ

83 445 170 493 Apr.
199 450 236 479 et
262 443 356 492 prid.
384 445 438 483 ld.
465 446 590 493 Mart.‚
625 447 873 497 significetque
908 451 1134 486 cerimoniam
1171 463 1192 487 a
1225 452 1378 501 publicis
1403 465 1529 490 eorum

81 504 218 541 dierum
245 504 345 542 seriis
373 506 554 544 diuersam
583 509 698 557 adeo,
725 517 764 547 ut
791 512 850 548 uel
874 511 959 547 fasti
986 512 1223 549 Herwartiani
1249 513 1417 550 audiendi
1443 515 1529 562 sint,

80 565 142 615 qui
162 565 315 615 V111d.‚
341 581 414 618 quo
442 567 500 605 die
526 571 624 608 nulla
648 571 821 608 seriarum
848 580 935 609 nota
961 573 996 608 in
1023 573 1102 609 ullis
1129 574 1208 610 aliis
1228 581 1296 622 est,
1323 576 1527 613 ascribunt:

80 639 187 664 arma
222 629 358 666 ancilia
391 635 553 675 mouent,
587 639 625 670 et
650 633 745 682 prid.
774 633 878 669 Idus:
911 634 1170 681 Mamm-alia,
1206 634 1253 672 de
1279 648 1351 685 qua
1377 649 1418 674 re
1445 637 1528 674 uide

78 689 195 728 Rfith.
215 690 261 726 ad
279 691 372 740 Lyd.
391 694 429 739 4,
451 694 513 738 36,
540 705 578 742 p.
596 696 679 730 196.
732 693 827 729 Nam
854 695 952 743 quod
979 695 1087 732 tradit
1112 697 1230 733 Varro
1257 696 1304 733 de
1330 698 1354 734 l.
1375 699 1400 734 l.
1422 699 1458 746 5,
1479 699 1526 735 85

80 750 116 788 in
144 753 289 789 comitio
315 755 508 803 quotannis
527 754 644 790 Salios
670 754 884 801 salitauisse,
911 755 946 791 id
971 755 1107 793 factum
1135 770 1213 794 esse
1240 758 1528 809 Quinquatribus

79 812 187 851 docet
212 814 454 864 fragmentum
482 816 557 852 eius
584 815 654 852 diei
679 815 967 853 Praenestinum.
1021 817 1100 854 Nec
1121 818 1297 856 Kalendis
1323 832 1411 869 ergo
1429 821 1529 857 Mar·

79 875 147 919 tiis,
175 876 304 925 quibus
330 876 448 923 ferias
464 879 607 914 Martis
633 877 745 914 tradit
768 878 893 914 tabula
911 879 1039 924 Verrii,
1067 880 1164 916 aliud
1188 879 1274 929 quid
1292 881 1326 916 in
1353 881 1528 919 honorem

75 935 204 974 Martis
230 944 351 974 actum
379 946 447 984 est,
474 946 583 989 atque
609 938 708 989 quod
728 938 881 977 Ouidius
909 953 944 977 u.
966 941 1041 977 259
1058 953 1113 990 sq.
1139 943 1344 978 summatim
1371 950 1528 980 annota-

75 997 143 1034 uit.
195 998 418 1036 Flaminicae
451 1000 488 1036 in
522 1000 595 1037 fine
628 1001 703 1038 eius
737 1001 806 1038 loci
833 1015 867 1039 u.
887 1004 961 1039 397
988 1003 1114 1051 longas
1141 1001 1266 1039 sordes
1293 1010 1404 1052 poeta
1435 1003 1528 1042 indi-

75 1070 159 1096 cere
185 1059 348 1105 uidetur,
374 1062 435 1099 ubi
461 1062 732 1112 intelligendum
758 1063 845 1099 illud
871 1075 1018 1113 quoque
1045 1070 1121 1110 est,
1149 1063 1248 1112 quod
1275 1066 1314 1113 6,
1337 1070 1409 1103 231
1438 1067 1528 1115 legi-

74 1126 148 1158 tur.
199 1121 277 1159 Sed
302 1124 398 1160 inter
429 1123 506 1160 dies
534 1124 692 1161 Saliares
725 1136 768 1161 eo
803 1131 903 1161 castu
937 1138 1029 1175 opus
1056 1132 1136 1162 erat
1162 1125 1264 1162 XVn
1290 1133 1327 1163 et
1351 1127 1438 1163 XVI
1462 1127 1526 1164 ΚΡ

73 1184 163 1232 Apr.
200 1184 309 1220 etiam
344 1192 497 1234 propter
531 1187 763 1222 cerimoniam
795 1187 1019 1236 Argeorum,
1058 1186 1132 1223 uid.
1160 1187 1258 1225 Gell.
1286 1191 1349 1235 10,
1372 1189 1435 1237 15,
1461 1191 1526 1237 30,

74 1257 171 1295 quae
199 1246 295 1283 redit
319 1246 412 1296 prid.
440 1247 493 1284 ld.
521 1246 625 1295 Mai„
653 1248 719 1284 nisi
744 1248 839 1285 sorte
865 1255 953 1285 tunc
978 1261 1124 1298 quoque
1152 1248 1260 1285 biduo
1288 1257 1406 1286 actam
1432 1250 1527 1287 indi-

74 1318 159 1344 care
184 1308 301 1344 uoluit
324 1307 474 1356 Dionys.
500 1309 581 1344 Hal.
603 1312 636 1353 1,
654 1311 715 1355 38,
745 1322 781 1359 p.
798 1311 860 1354 97,
887 1310 912 1346 l.
929 1314 951 1346 3
978 1311 1024 1346 R.
1077 1310 1220 1347 Neutro
1246 1311 1326 1347 loco
1352 1310 1526 1348 feriarum

74 1376 162 1406 nota
197 1372 232 1405 in
267 1370 397 1406 tabulis
432 1370 581 1419 lapideis
615 1371 807 1411 inuenitur.
868 1372 990 1421 Ipsum
1017 1384 1159 1408 sacrum
1185 1374 1223 1418 5,
1242 1373 1452 1409 621-652
1481 1385 1527 1410 ex

73 1430 249 1469 Varronis
285 1431 508 1481 potissimum
545 1434 723 1470 sententia
764 1435 1043 1484 interpretatum
1084 1446 1163 1471 esse
1199 1433 1370 1471 Ouidium
1412 1447 1526 1485 supra

73 1504 112 1542 p.
130 1504 202 1530 clv
230 1492 384 1531 ostendi.
435 1493 601 1532 Pertinet
626 1495 673 1532 ad
700 1507 780 1532 eam
806 1497 1021 1533 sententiam
1049 1502 1085 1532 et
1115 1496 1191 1532 aliis
1218 1496 1404 1546 exemplis,
1429 1508 1526 1546 quae

73 1555 111 1591 in
136 1562 311 1606 promptu
337 1567 409 1592 non
435 1555 569 1603 habeo,
596 1569 618 1592 a
635 1557 801 1594 Varrone
828 1558 1043 1594 illustratum
1072 1558 1290 1608 putauerim,
1318 1557 1416 1607 quod
1435 1558 1525 1596 Ser·

72 1617 152 1654 nius
178 1617 292 1654 habet
316 1617 364 1654 ad
390 1618 481 1654 Aen.
511 1622 571 1663 11,
591 1620 682 1655 186:
717 1621 805 1668 quia
838 1618 937 1669 apud
963 1621 1093 1656 uarias
1123 1624 1244 1667 yentes
1269 1619 1415 1657 diuersa
1439 1620 1526 1666 fue—

71 1683 160 1715 runt
181 1690 315 1727 yenera
339 1680 563 1730 sepultat-aet
590 1680 673 1717 inde
698 1686 751 1718 est
777 1681 871 1730 quod
897 1681 962 1718 alit
981 1680 1195 1728 obruuntur,
1225 1681 1290 1719 aliz
1308 1687 1523 1728 exteruntur,

73 1739 142 1778 alii
163 1743 335 1791 proprias
359 1744 591 1779 remittuntur
622 1742 672 1779 ad
696 1745 854 1792 patrias.
906 1743 1079 1779 Fortasse
1106 1744 1212 1778 etiarn
1239 1755 1312 1779 non
1340 1750 1395 1781 est
1420 1744 1524 1782 dissi-

70 1801 158 1839 mile
183 1803 282 1852 quod
302 1804 486 1853 Appianus
511 1810 636 1839 narrat
665 1804 747 1841 bell.
768 1805 837 1840 ciu.
858 1807 897 1851 2,
914 1805 980 1840 39:
1008 1800 1079 1840 τὸν
1097 1796 1302 1852 ιΗρακλέα
1329 1800 1375 1843 τὸ
1403 1806 1523 1854 σῶμα

71 1864 210 1911 (Ionii)
239 1861 443 1913 θάψαντα
477 1861 666 1913 ἐμβαλεῖν
702 1861 743 1908 ἐς
770 1861 814 1902 τὸ
843 1861 1036 1915 πέλαγος,
1061 1862 1130 1902 ἵνα
1157 1859 1367 1914 ἐπώνυμον
1395 1863 1523 1905 αὐτοῦ

70 1923 239 1976 γένοιτο.
293 1928 454 1966 Necesse
487 1933 584 1964 certe
619 1934 675 1963 est
709 1927 805 1964 illam
833 1940 980 1978 quoque
1014 1929 1219 1978 opinionem
1246 1928 1293 1966 de
1319 1929 1438 1979 prisco
1463 1941 1523 1968 se-

70 1990 242 2039 pulturae
268 2002 403 2039 genere
430 1990 495 2026 niti
514 1989 636 2038 aliquo
656 2001 758 2026 more
777 1990 922 2027 aliunde
944 1992 1102 2040 cognito,
1131 1990 1439 2040 quemadmodum
1463 2004 1522 2029 re-

69 2051 192 2101 liquae
217 2051 535 2101 interpretationes
562 2052 609 2087 ab
637 2049 771 2087 Ouidio
798 2051 985 2100 proditae,
1012 2053 1088 2089 siue
1115 2059 1188 2090 tres
1214 2059 1316 2097 sunt,
1345 2059 1383 2088 ut
1409 2065 1522 2102 supra

70 2111 160 2160 dixi,
187 2114 263 2149 siue
291 2125 361 2150 una
390 2119 530 2149 tantum
558 2112 604 2149 de
630 2113 872 2162 sexagenariis
890 2113 1024 2163 duplici
1052 2114 1174 2160 modo,
1202 2120 1264 2149 aut
1285 2112 1432 2150 oraculo
1458 2114 1521 2150 illo

70 2174 118 2211 de
143 2175 406 2225 Aboriginibus,
435 2181 498 2211 aut
517 2175 711 2224 prouerbio
736 2175 797 2211 illo
825 2187 869 2211 ex
896 2175 1107 2212 collectione
1129 2175 1303 2211 Sinniana
1328 2173 1519 2211 illustrata.

70 2236 112 2272 ln
139 2237 258 2273 uerbis
280 2235 471 2273 Ouidianis
499 2249 534 2273 u.
551 2238 626 2272 626
652 2236 823 2274 mendum
851 2237 1009 2273 Arnobio
1036 2241 1074 2283 2,
1094 2238 1142 2272 68
1161 2243 1197 2273 et
1217 2235 1406 2272 Lactantio
1432 2235 1520 2285 epit.

70 2301 121 2335 23
150 2299 325 2335 uetustius
348 2299 482 2334 auxilio
504 2297 635 2334 codicis
655 2298 916 2348 Gottingensis,
943 2299 1003 2348 qui
1025 2301 1148 2349 Iouem
1167 2297 1406 2334 Dodonaeum
1431 2309 1520 2346 sup-

70 2359 234 2410 peditat,
261 2361 402 2396 sustuli.
455 2359 645 2397 Proximus
678 2367 799 2397 tamen
835 2373 961 2397 uersus
996 2362 1071 2397 626
1101 2360 1247 2396 minime
1280 2358 1366 2395 uitio
1394 2369 1519 2395 carere
1571 2358 1577 2363 ’

71 2421 235 2459 uidetur=
262 2426 396 2470 mutes,
423 2422 521 2472 quod
548 2423 764 2460 uocabulum
792 2421 945 2460 Ouidius
972 2435 1008 2458 u.
1031 2424 1103 2458 641
1131 2428 1168 2458 et
1193 2423 1232 2468 6,
1252 2423 1326 2467 202
1353 2421 1457 2457 aliter
1481 2426 1520 2457 et

70 2484 121 2521 ita
149 2490 314 2533 usurpat,
343 2490 382 2520 ut
410 2485 525 2521 Varro
552 2484 599 2521 de
626 2485 649 2522 Ι.
669 2485 694 2522 l.
720 2486 758 2533 5,
787 2485 858 2522 155
884 2486 1064 2530 nationes,
1092 2483 1245 2532 Appian.
1275 2483 1309 2518 b.
1339 2494 1371 2519 c.
1398 2485 1438 2529 2,
1470 2484 1519 2518 18

71 2539 196 2596 ξ’θνη,
229 2546 276 2582 de
301 2545 462 2595 Pelasgis
489 2547 640 2596 intelligi
665 2545 820 2583 sortasse
846 2552 987 2596 potest,
1024 2556 1242 2595 quamquam
1269 2544 1519 2581 obscurissime

70 2609 207 2646 dictum
233 2614 308 2645 est:
335 2607 406 2645 duo
431 2620 520 2644 uero
547 2621 702 2658 corpora
725 2621 798 2646 non
819 2609 1065 2654 mittebantur,
1093 2606 1156 2643 sed
1184 2613 1247 2643 aut
1275 2605 1398 2654 uiginti
1427 2616 1518 2654 qua-

70 2677 168 2721 tuor,
195 2677 259 2709 aut
285 2670 447 2720 triginta,
473 2670 590 2708 Varro
619 2670 666 2710 de
691 2671 716 2708 1.
744 2671 769 2707 l.
796 2672 835 2718 7,
856 2671 921 2718 44,
947 2669 1097 2718 Dionys.
1128 2672 1166 2717 1,
1186 2671 1250 2717 38,
1276 2679 1358 2705 cum
1376 2667 1518 2718 Argeo-
