1685 2954
131 67 188 112 48
319 58 322 60 ¹
650 80 1003 111 unse-orum

185 181 272 222 Seu
300 180 376 221 fuit
402 179 576 222 occuitis
601 180 701 222 felix
727 182 768 223 in
796 181 997 223 amoribus
1023 181 1158 234 index,

238 247 418 288 Lesbida
445 260 537 288 cum
565 247 722 290 domino
748 263 824 290 seu
852 250 942 289 tulit
969 250 1034 290 ine
1064 251 1202 303 lyram.

184 315 303 367 Quod
332 327 440 354 mare
470 327 549 354 non
578 316 702 368 nouit,
732 329 838 369 quae
865 317 998 357 nescit
1023 317 1174 357 Ariona
1200 312 1356 357 tellus?

238 381 426 424 Carmine
453 388 663 423 currentes
690 382 757 424 isse
785 384 953 425 tenebat
979 396 1119 438 aquas.

184 450 322 502 Saepe
351 461 530 501 sequens
562 463 709 504 agnam
736 450 855 503 lupus
883 457 949 493 est
976 464 1002 492 a
1029 464 1134 492 uoce
1161 456 1358 503 retentus,
1504 454 1556 490 35

235 518 375 569 Saepe
403 517 564 556 auidum
592 518 755 571 fugiens
778 519 926 559 restitit
954 531 1062 572 agna
1086 519 1234 570 lupum.

179 586 319 638 Saepe
348 596 475 624 canes
503 585 744 638 leporesque
774 586 913 625 umbra
939 586 1101 625 iacuere
1127 587 1203 625 sub
1232 597 1314 625 una

234 653 290 693 Et
317 652 436 693 stetit
461 650 501 691 in
532 664 634 692 saxo
659 653 843 706 proxima
867 664 991 691 cerua
1016 652 1120 692 leae.
1147 661 1152 666 “

178 720 235 761 Et
261 718 350 760 sine
377 720 448 758 lite
477 720 629 771 loquax
656 731 747 758 cum
776 719 954 758 Palladis
981 719 1077 758 alite
1105 718 1245 759 cornix

235 787 366 839 Sedit,
393 792 437 826 et
462 787 646 838 accipitri
673 786 813 825 iuncta
838 785 1022 825 columba
1049 785 1136 825 fuit.
1505 789 1559 824 90

178 854 360 908 Cynthia
387 866 513 907 saepe
541 854 623 894 tuis
652 853 786 910 fertur,
812 853 968 893 uocalis
994 853 1132 904 Arion,

232 923 454 974 Tamquam
493 920 681 961 fraternis
717 919 978 972 obstupuisse
1017 920 1161 960 modis.

178 990 340 1030 Nomen
368 990 578 1029 Arionium
607 989 769 1030 Siculas
804 989 1041 1042 impleuerat
1069 988 1202 1040 urbes,

230 1056 446 1109 Captaque
474 1063 562 1096 erat
591 1057 728 1110 lyricis
747 1055 928 1098 Ausonis
953 1069 1022 1098 ora
1051 1054 1175 1098 sonis.

178 1123 277 1164 Inde
307 1123 469 1164 domum
499 1129 692 1176 repetens
718 1125 882 1177 puppim
910 1124 1152 1165 conscendit
1174 1122 1300 1164 Arion
1506 1125 1556 1161 95

228 1192 367 1244 Atque
395 1193 452 1232 ita
480 1190 692 1245 quaesitas
720 1198 808 1232 arte
835 1192 992 1233 ferebat
1017 1205 1130 1245 opes.

172 1258 378 1312 Forsitan,
405 1257 557 1312 infelix,
586 1265 734 1300 uentos
760 1260 990 1314 undamque
1018 1260 1212 1301 timebas:
1273 1263 1275 1265 ’

227 1327 287 1367 At
315 1325 388 1367 tibi
416 1339 523 1367 naue
553 1332 623 1367 tua
652 1325 779 1368 tutius
807 1341 959 1381 aequor
989 1333 1087 1367 erat.

173 1395 364 1449 Namque
393 1395 641 1449 gubernator
669 1395 863 1437 destricto
892 1395 1076 1436 constitit
1104 1407 1218 1448 ense,

173 1491 235 1527 81.
262 1489 336 1526 Seu
363 1488 455 1538 sugit
481 1489 531 1526 A.
633 1491 695 1525 82.
722 1489 853 1538 Lespia
879 1492 924 1527 Β.
964 1489 1120 1540 Lespida
1146 1492 1223 1525 Pm
1246 1498 1391 1537 mmm:
1429 1486 1557 1538 Lespi-

123 1537 206 1576 dam
232 1539 329 1576 dom.
354 1541 383 1576 G
395 1540 498 1588 (teste
514 1540 647 1585 Gran.)
685 1539 897 1576 Lesbiacam
925 1540 1019 1576 dom.
1049 1542 1094 1576 14
1114 1541 1277 1588 quinque.
1315 1540 1395 1574 tulit
1419 1538 1497 1587 ipse
1522 1541 1558 1575 B

118 1588 140 1625 b
166 1591 318 1638 quinque
336 1594 370 1626 et
387 1594 474 1625 uett.
491 1590 544 1626 ed.
648 1592 710 1627 83.
746 1603 817 1626 non
845 1592 964 1626 noruit
991 1594 1049 1626 ll.
1090 1591 1213 1626 oriona
1245 1590 1283 1625 G.
1323 1589 1433 1631 Quod
1459 1599 1558 1625 mare

119 1651 214 1689 quae
240 1640 346 1676 tellus
373 1652 467 1688 quae
494 1652 566 1676 non
593 1640 717 1676 ariona
742 1640 842 1676 nouit
868 1639 900 1677 b.
1015 1641 1075 1676 84.
1113 1641 1234 1676 Carm.
1262 1645 1439 1675 torrentes
1463 1637 1484 1674 b
1508 1641 1557 1674 23

118 1693 182 1726 33.
283 1691 344 1726 85.
372 1690 493 1739 Saepe
519 1697 643 1727 tenens
659 1692 710 1726 M
721 1702 806 1726 nar.
821 1702 892 1727 scr.
932 1703 1062 1739 agnum
1082 1693 1128 1726 M
1140 1692 1184 1726 T.
1223 1696 1275 1725 est
1301 1688 1369 1724 hac
1390 1700 1479 1725 uoce
1495 1691 1557 1725 34.

117 1739 195 1790 lup.
215 1741 283 1777 ista
310 1752 399 1776 uoce
425 1741 583 1777 coniicio.
687 1743 748 1776 86.
781 1740 860 1789 fug.
885 1742 1029 1790 respicit
1053 1753 1089 1776 m
1108 1742 1166 1775 68
1194 1744 1278 1776 tres.
1331 1739 1467 1788 respuit
1493 1739 1555 1776 35.

168 1793 230 1827 87.
258 1802 329 1840 que
354 1802 423 1828 ont.
445 1793 488 1826 T.
529 1791 600 1839 lep.
627 1803 700 1827 una
726 1791 794 1826 iac.
821 1803 850 1826 s.
879 1793 1005 1827 umbra
1023 1787 1196 1837 ΝΨΣῙ.
1231 1801 1301 1826 una
1327 1789 1466 1825 latuere
1491 1790 1558 1825 sub

116 1842 246 1877 umbra
277 1838 375 1877 OA.
415 1852 486 1876 una
512 1842 669 1878 cubuere
696 1842 762 1877 sub
790 1841 916 1877 umbra
946 1840 1004 1878 ΤΙ)
1031 1845 1198 1890 quatuor.
1248 1840 1373 1875 umbra
1400 1841 1559 1876 cubuere

118 1894 242 1928 Bzm
270 1895 437 1940 quatuor.
541 1893 602 1927 88.
635 1892 753 1927 Astitit
783 1888 862 1940 Ep.
900 1892 999 1927 stetit
1024 1891 1175 1927 infestae
1201 1903 1305 1940 prox.
1333 1886 1460 1925 1141.
1499 1890 1557 1926 leo

119 1954 156 1978 m
180 1954 255 1978 ma.
272 1954 328 1990 pr.
432 1942 494 1980 89.
523 1942 607 1978 alite
633 1954 763 1979 coruus
790 1939 876 1977 DN
889 1939 1016 1978 ³1¹2'm
1039 1954 1112 1978 ma.
1128 1953 1200 1990 pr„
1229 1945 1377 1998 scptcrm
1403 1942 1453 1976 M
1474 1951 1557 1977 aar.
1630 1941 1632 1944 ’

122 2004 193 2029 εον.
297 1994 358 2029 90.
395 1992 559 2041 ancipitri
586 1989 632 2028 Σ.
733 1994 794 2028 91.
831 1992 950 2040 cintia
977 1995 1011 2029 E
1029 2004 1174 2041 mmpr.
1215 1991 1348 2028 Cincra.
1365 1987 1411 2026 Σ.
1449 2001 1560 2040 saepe

121 2044 177 2078 sui
202 2042 320 2079 fertur
344 2055 380 2079 m
405 2054 477 2078 ma.
495 2054 550 2090 pr.
591 2043 692 2078 orion
725 2043 755 2079 G
774 2044 833 2080 41.
938 2045 1000 2079 92.
1036 2044 1230 2091 Tanquam
1258 2043 1307 2077 D.
1347 2041 1559 2090 obstipuisse

119 2093 242 2130 ABG
251 2094 282 2130 0
309 2094 358 2129 43
385 2094 547 2141 quinque.
590 2093 800 2143 opposuisse
826 2095 873 2129 D.
911 2093 1129 2142 distupuisse
1154 2091 1174 2128 b
1199 2103 1342 2141 ma-pr.
1381 2091 1474 2127 obst.
1498 2101 1557 2126 so-

120 2145 175 2181 nis
201 2141 243 2180 A
247 2155 271 2191 9
294 2155 376 2188 sem
407 2144 439 2180 0
463 2154 544 2179 nar.
562 2155 631 2180 sor.
745 2145 806 2179 93.
840 2146 946 2180 Hunc
969 2148 1003 2180 et
1026 2155 1099 2192 seq.
1124 2154 1219 2180 uers.
1245 2154 1314 2179 ont.
1339 2153 1376 2177 m
1400 2152 1471 2177 ma.
1497 2150 1554 2187 pr.

122 2195 370 2243 compleuerat
400 2194 456 2242 09
484 2195 647 2242 quinque.
691 2195 916 2243 compulerat
942 2193 1055 2230 undas
1087 2195 1131 2230 Β.
1179 2193 1277 2242 impl.
1307 2190 1419 2227 undas
1443 2189 1560 2226 ΑΕΓ

120 2242 161 2280 Φ
177 2245 227 2289 (t.
246 2241 567 2290 Heius.)AMN
583 2241 671 2280 ΟΠ
686 2242 1014 2292 ΨΔΣΤὸηιρτι
1033 2246 1057 2281 8
1074 2244 1125 2288 (t.
1140 2244 1289 2289 Heius.)
1307 2241 1468 2277 404143
1495 2240 1555 2274 iti-

115 2296 208 2342 9inti
230 2306 313 2340 seoe3
336 2307 360 2343 9
385 2306 467 2331 uar.
482 2306 552 2331 scr.
592 2295 691 2344 impl.
719 2307 800 2331 oras
826 2294 850 2341 f
861 2294 1034 2344 8(Giof.)
1051 2297 1096 2330 33
1109 2294 1228 2331 3435.
1271 2290 1400 2339 compl.
1427 2288 1554 2324 urchas

118 2345 148 2381 G
164 2357 334 2383 mansor.
437 2346 499 2381 94.
526 2345 632 2381 liricis
659 2347 705 2382 Ε.
745 2357 820 2381 aus.
849 2345 937 2381 hora
963 2348 1041 2381 DE
1048 2344 1072 2391 f
1078 2356 1107 2381 r.
1148 2355 1212 2379 ora
1237 2341 1349 2379 modis
1380 2340 1466 2388 091³
1490 2338 1553 2375 de-

38 2375 47 2424 u·
116 2406 201 2432 cem.
303 2394 365 2431 95.
392 2389 934 2445 pupem‘AEMNOPHA
948 2394 1027 2443 Tg.
1066 2405 1225 2444 puppem
1252 2387 1428 2429 FfflAr.
1466 2401 1553 2426 con-

115 2443 255 2481 scendis
281 2446 317 2481 A
336 2449 479 2495 mmpr.
519 2446 684 2482 concedit
707 2449 751 2483 Τ.
790 2447 891 2482 orion
924 2447 962 2483 G.
1065 2447 1125 2481 96.
1153 2453 1274 2492 quaeS.
1293 2447 1377 2476 ante
1395 2442 1438 2476 Τ.
1474 2446 1554 2476 arte

116 2495 291 2544 querebat
317 2507 352 2531 m
377 2508 451 2532 ma.
465 2507 521 2546 pr.
629 2498 691 2533 97.
726 2496 824 2533 infel.
854 2496 969 2532 undas
996 2502 1195 2541 uentosque
1224 2490 1298 2537 Df.
1346 2490 1553 2538 undamque

120 2545 236 2582 Rem
261 2549 426 2593 quatuor.
535 2548 598 2583 98.
633 2547 690 2583 Ha
716 2549 761 2584 P.
804 2549 855 2583 Ac
879 2559 930 2586 m.
976 2545 1053 2581 Hac
1079 2546 1103 2580 8
1129 2542 1211 2578 duo.
1251 2541 1366 2577 tucius
1394 2542 1439 2576 Ε.
1481 2539 1553 2597 mi-

116 2596 186 2631 tius
211 2593 253 2632 A
277 2606 359 2631 uar.
374 2607 444 2631 scr.
547 2599 609 2633 99.
637 2597 794 2646 Nanque
821 2599 871 2634 D.
912 2596 1060 2644 Iamque
1085 2595 1145 2628 33.
1184 2591 1231 2627 de
1256 2591 1378 2627 stricto
1405 2592 1454 2627 D.
1495 2587 1553 2626 dr-

114 2645 240 2683 stricto
268 2643 353 2685 GA
365 2642 474 2683 MN
485 2643 677 2696 OPbt'ys
701 2647 859 2698 plurimi.
900 2645 1090 2684 constricto
1111 2638 1293 2680 114041.
