1685 2954
609 138 709 169 L113.
740 135 981 173 Qv1NTvs
1223 181 1226 184 Α
1438 117 1520 161 237

196 243 403 297 Colligere
433 243 477 280 et
504 238 612 279 nullo
641 245 760 293 terga
788 237 954 278 uidente
983 236 1112 290 sequi.
1439 233 1520 272 440

139 311 299 352 Rursus
328 319 473 362 aquam
502 305 648 360 tangit,
678 308 989 357 Temesaeaque
1019 307 1241 357 concrepat
1267 311 1375 354 aera,

193 379 250 418 Et
278 381 408 430 rogat,
437 379 484 414 ut
513 374 638 414 tectis
668 380 792 414 exeat
818 373 959 413 umbra
986 372 1086 412 suis.

137 445 244 488 Cum
273 442 375 484 dixit
409 439 575 494 nouies‚
608 453 753 482 manes
790 440 901 480 exite
937 439 1108 492 paterni,

193 509 381 563 Respicit
407 514 450 549 et
477 522 577 562 pure
607 521 727 549 sacra
755 513 924 562 peracta
953 512 1084 559 putat.

137 580 260 620 Dicta
289 575 344 618 sit
371 575 480 616 unde
511 575 614 628 dies,
644 588 750 630 quae
780 572 954 616 nominis
985 580 1100 614 extet
1130 574 1256 629 origo,
1442 573 1521 612 44'5

191 646 264 686 Me
293 644 410 697 fugit.
449 656 503 683 ex
530 643 664 697 aliquo
694 650 760 685 est
791 641 1035 684 inuenienda
1064 642 1154 683 deo.

135 711 305 754 Pleiade
334 717 445 763 nate,
475 722 607 763 mone,
637 712 755 766 uirga
783 710 1016 751 uenerande
1044 711 1223 763 potenti:

193 781 333 833 Saepe
362 778 436 818 tibi
464 777 606 832 Stygii
634 777 750 832 regia
778 777 869 819 uisa
896 779 1017 819 louis.

138 848 268 890 Venit
296 847 489 888 adoratus
519 845 737 886 caducifer.
772 847 918 900 accipe
947 858 1117 888 causam

192 914 392 956 Nominis.
434 926 487 953 ex
514 913 605 966 ipso
635 918 703 953 est
733 915 900 968 cognita
929 927 1057 955 causa
1083 913 1174 953 deo.
1448 912 1527 950 450

136 983 338 1026 Romulus
365 987 409 1022 ut
439 981 592 1022 tumulo
622 981 822 1022 fraternas
851 981 1030 1023 condidit
1058 981 1235 1031 umbram,

194 1052 251 1091 Et
278 1051 384 1092 male
413 1049 548 1089 ueloci
575 1049 684 1089 iusta
713 1049 846 1090 soluta
873 1049 1019 1101 Remo,

140 1118 368 1160 Faustulus
396 1117 536 1157 infelix
566 1122 608 1156 et
637 1117 775 1169 passis
804 1118 924 1158 Acca
954 1115 1112 1170 capillis

193 1185 458 1238 Spargebant
491 1184 668 1224 lacrimis
705 1197 803 1225 ossa
830 1191 999 1238 perusta
1034 1184 1133 1225 suis.

137 1251 238 1293 Inde
267 1251 428 1292 domum
458 1251 632 1292 redeunt
658 1253 734 1293 sub
763 1253 891 1306 prima
920 1252 1164 1305 crepuscula
1192 1251 1352 1304 maesti,
1445 1252 1524 1289 455

192 1320 333 1373 thue
363 1324 464 1372 erat,
492 1319 534 1359 in
563 1319 661 1359 duro
686 1321 941 1373 procubuere
970 1326 1070 1360 toro.

140 1387 297 1428 Vmbra
327 1393 497 1428 eruenta
524 1387 644 1430 Remi
671 1388 762 1428 uisa
792 1394 857 1429 est
887 1388 1088 1428 assistere
1114 1387 1223 1429 lecto

135 1499 224 1534 440.
253 1497 404 1535 Tollere
430 1506 466 1536 et
493 1499 582 1536 haec
608 1500 707 1536 nullo
735 1502 797 1537 20.
838 1506 939 1548 terga
965 1505 1140 1549 sequente
1164 1511 1241 1549 seq.
1269 1512 1293 1549 p
1310 1510 1393 1536 nar.
1408 1511 1477 1536 scr.

136 1549 224 1583 441.
250 1549 360 1585 Rurs.
384 1562 478 1598 aqua
499 1547 670 1596 Γῖἷῖτη.
710 1551 861 1587 themes.
881 1552 1028 1587 DGer.
1069 1563 1141 1600 que
1168 1557 1373 1587 concremat
1391 1549 1420 1596 f.
1460 1561 1532 1599 que

88 1600 247 1634 concutit
264 1597 301 1633 Γ
309 1602 428 1637 1220.
467 1613 538 1650 que
559 1601 715 1638 concitat
738 1599 789 1638 Ψ.
830 1601 960 1638 ὒῖ.1)ε
986 1600 1169 1638 Themese
1195 1598 1250 1637 es‘t
1274 1601 1398 1637 ciuitas
1426 1613 1531 1649 grae-

89 1648 167 1684 ciae
202 1647 418 1685 habundans
447 1662 543 1687 aere.
588 1651 694 1688 Vnde
728 1652 867 1688 statius.
912 1652 985 1688 Era
1012 1651 1136 1688 domat
1164 1651 1276 1689 them.
1320 1652 1417 1700 Apte
1444 1663 1533 1688 uero

89 1697 187 1734 dulci
213 1699 411 1736 sonoritate
437 1700 599 1748 roganda
624 1708 679 1737 est
705 1703 824 1738 anima
849 1714 943 1751 quae
968 1708 1110 1738 constat
1136 1714 1180 1738 ex
1205 1702 1349 1738 musicis
1374 1701 1532 1751 simpho-

89 1749 156 1784 niis
183 1754 274 1784 teste
301 1749 448 1797 platone
473 1757 509 1786 et
535 1752 729 1788 macrobio.
839 1755 926 1789 443.
960 1752 1040 1787 Hoc
1073 1753 1198 1788 nonies
1229 1752 1320 1788 dixit
1350 1763 1446 1788 man.
1471 1754 1533 1790 M.

91 1798 185 1834 Cum
213 1799 338 1835 nouies
364 1800 453 1835 dixit
479 1812 573 1836 man.
602 1803 637 1836 D
654 1802 700 1837 G.
747 1802 838 1838 Cum
867 1802 991 1838 nonies
1018 1801 1102 1838 dicit
1127 1814 1224 1839 man.
1250 1814 1357 1838 tonus.
1404 1808 1533 1850 pater-

89 1860 155 1885 nas
181 1847 215 1884 b.
319 1850 406 1886 444.
435 1856 564 1899 putant
589 1852 640 1886 N.
678 1857 827 1899 peracta
851 1851 940 1888 facit
967 1853 1085 1889 Oma.
1101 1865 1157 1900 pr.
1260 1853 1348 1889 445.
1374 1852 1420 1888 sit
1446 1852 1533 1889 iude

95 1900 125 1936 G
139 1911 221 1936 var.
240 1911 312 1936 scr.
355 1913 451 1936 nom.
478 1906 577 1936 extat
601 1899 768 1941 ΛΨὺο.
807 1914 903 1938 nom.
932 1907 1024 1938 esset
1050 1915 1084 1939 m
1097 1905 1148 1938 20
1174 1907 1342 1951 quatuor.
1442 1903 1530 1939 446.

93 1949 311 1986 inuenienda
338 1951 409 1986 alio
436 1963 455 1987 s
471 1952 588 1987 1048.
626 1951 748 1989 Gloss.
765 1954 820 1988 D:
846 1952 952 1989 Vnde
978 1951 1046 1990 H.
1081 1953 1160 1989 Nec
1186 1953 1275 1990 deus
1302 1953 1438 1989 intersit
1463 1954 1533 1990 nisi

91 1998 220 2048 dignus
246 2000 363 2036 iudice
389 2000 518 2038 nodus.
623 2004 710 2038 447.
737 2002 874 2050 Plyade
893 2004 939 2040 G.
977 2002 1103 2040 Pliade
1121 2006 1168 2040 33
1194 2008 1255 2048 „et
1270 2003 1415 2053 qnidam
1431 2003 1534 2040 alii?

90 2048 241 2086 Pleione
270 2047 405 2088 ffluur.
420 2063 489 2088 scr.
527 2051 584 2090 Pl.
603 2059 688 2089 nata
707 2065 756 2089 m.
796 2060 880 2090 nate
900 2053 991 2091 doce
1011 2057 1069 2090 ll.
1108 2066 1217 2090 mone
1241 2054 1364 2103 lingua
1389 2066 1474 2090 uen.
1493 2055 1530 2090 6.

95 2100 198 2148 uirga
224 2102 426 2138 reuerende
457 2100 509 2138 Ψ.
620 2104 706 2140 448.
745 2104 866 2153 Saepe
893 2105 950 2140 cui
978 2108 1045 2151 113
1075 2105 1284 2142 Guar.scr.
1331 2104 1453 2153 Saepe
1479 2112 1534 2141 est

94 2150 158 2186 tibi
185 2162 216 2186 s.
260 2151 323 2188 tibi
351 2159 404 2188 est
429 2153 534 2201 stygii
552 2154 661 2203 (stigii
678 2156 759 2190 DE
767 2155 813 2197 G,
839 2155 950 2202 strigii
969 2155 1005 2201 r)
1025 2153 1107 2191 libri
1121 2160 1264 2204 praeter
1279 2154 1327 2192 A
1335 2152 1381 2190 N
1388 2166 1407 2191 r
1426 2156 1535 2203 quiu-

92 2212 159 2249 que
184 2200 288 2237 alios.
335 2204 408 2238 uisa
435 2204 507 2238 ioui
531 2216 560 2240 e.
588 2203 679 2240 *uisa
704 2204 762 2239 dei
786 2216 904 2241 τηαν.
920 2217 991 2242 εον.
1094 2207 1180 2242 449.
1216 2206 1308 2241 Ven.
1336 2205 1534 2241 adornatus

93 2247 431 2298 BEwPAbfsa
454 2252 536 2290 (luo.
578 2254 671 2292 Ven,
688 2254 894 2291 adorandus
920 2267 1030 2300 unus-3
1057 2258 1183 2292 Euar.
1195 2267 1264 2292 scr.
1304 2268 1379 2291 acc.
1399 2256 1532 2291 crimen

91 2312 117 2349 p
135 2313 216 2337 aar.
235 2314 305 2338 scr.
346 2302 466 2340 Gloss.
488 2305 704 2353 Ez‘accipe]
733 2317 754 2340 o
781 2306 997 2354 germanice.
1109 2308 1196 2342 450.
1233 2318 1276 2341 ex
1303 2307 1372 2341 isto
1399 2312 1453 2342 est
1482 2307 1530 2342 G.

92 2357 149 2387 est
173 2351 283 2400 plane
307 2365 377 2389 om.
398 2351 441 2388 N
447 2352 516 2391 As
541 2359 636 2399 octo;
661 2357 700 2391 in
724 2353 796 2401 fine
819 2361 956 2403 ponunt
979 2353 1073 2392 PH
1080 2359 1102 2392 3
1129 2361 1213 2393 ires.
1322 2357 1409 2392 451.
1446 2355 1533 2391 thu-

95 2401 192 2437 mulo
217 2400 266 2438 Γ.
309 2404 486 2440 fraternas
512 2405 649 2441 abdidit
674 2410 760 2442 ποτε.
788 2406 841 2442 ed.
945 2407 1032 2442 452.
1067 2407 1181 2442 ueloci
1210 2407 1311 2442 busta
1337 2403 1442 2443 ΛΠ
1449 2403 1538 2442 ΣΤ

97 2449 183 2495 du03
214 2450 347 2490 ²P‘uar.
363 2465 432 2490 scr.
536 2456 623 2491 453.
650 2461 686 2491 et
711 2457 842 2504 sparsis
868 2454 905 2492 E
915 2453 1002 2492 ΦΓ
1000 2456 1048 2494 Λ
1056 2455 1101 2492 Ν
1111 2454 1204 2493 ΟΠ
1211 2455 1252 2493 Ψ
1261 2455 1301 2492 Τ
1323 2456 1501 2493 tredecim.

147 2501 232 2537 454.
258 2503 442 2552 Spargant
468 2504 655 2554 Dorimpr.
693 2506 898 2555 Spargebat
924 2507 961 2544 G.
1001 2508 1088 2543 laer.
1116 2519 1180 2543 ora
1205 2507 1237 2553 t'.
1337 2508 1424 2543 455.
1455 2506 1533 2543 red.

97 2561 289 2598 supprema
315 2566 412 2603 crep.
439 2552 626 2593 ΦΠΨΙ).
668 2557 744 2593 red.
771 2569 939 2606 suprema
966 2555 1334 2603 DMOATt'rssss
1353 2556 1534 2599 tredecirm
1571 2586 1575 2594 ,
1598 2563 1600 2571 “

103 2599 302 2639 naama-r.
345 2617 507 2654 crepusc.
535 2607 650 2642 noctis
672 2618 728 2655 9p
756 2607 838 2645 duo.
941 2609 1027 2644 456.
1055 2607 1158 2644 Sicut
1183 2614 1286 2646 eraut
1311 2607 1402 2643 duro
1431 2605 1531 2642 ΒΨ.

98 2651 248 2698 procub.
276 2653 353 2690 solo
382 2659 428 2691 12
440 2659 503 2694 20.
531 2656 636 2694 thoro
662 2659 743 2696 mei.
846 2659 932 2696 457.
960 2664 1148 2696 cruentata
1177 2655 1229 2695 Φ.
1274 2658 1395 2695 adsist.
1427 2654 1533 2693 (ΖΓΗ),

97 2706 152 2737 est
177 2701 369 2742 consistere
393 2703 440 2744 Γ.
