1685 2954
692 103 887 133 VESTIGIA
1363 106 1511 135 LXXXV

66 214 193 241 uerum
220 208 276 240 est
303 199 490 240 Niebubrii
520 199 690 238 iudicium
716 199 798 238 liist.
826 202 897 239 Ro.
922 205 957 250 1,
980 215 1017 253 p.
1033 204 1123 251 226,
1148 202 1260 253 quod,
1289 209 1327 240 ut
1353 217 1420 253 par
1446 211 1512 249 est,

67 271 187 302 tamen
216 275 396 303 reuereor.
446 261 582 311 Neque
608 262 703 307 enim
730 262 882 299 multum
909 265 957 300 illi
991 265 1132 312 obstat,
1167 264 1264 314 quod
1289 265 1439 302 Seruius
1466 266 1511 302 ad

66 325 135 362 ecl.
161 328 199 373 6,
226 329 249 363 3
286 322 394 362 tradit
418 322 605 371 Virgilium
641 329 745 372 gesta
778 335 904 372 regum
932 324 1151 362 Albanorum
1183 324 1312 375 coepta
1339 327 1512 374 omisisse,

66 387 250 423 nominum
285 384 482 434 asperitate
517 383 751 432 deterritum,
785 392 850 422 aut
885 385 982 435 quod
1020 386 1231 435 Propertius
1256 389 1295 435 4,
1323 391 1362 434 2,
1390 391 1411 423 3
1438 388 1510 424 lac.

65 450 203 496 Reyes,
227 445 347 493 Alba,
383 449 466 482 tuos
491 449 525 481 et
550 457 671 493 regum
697 445 801 492 facta
829 451 993 490 tuorum,
1034 453 1071 482 et
1107 449 1216 496 paulo
1245 456 1327 498 post
1354 449 1511 485 Ennium

64 512 344 546 commemorat:
380 513 419 543 et
446 506 629 543 uerissime
656 507 740 543 alibi
776 507 947 544 iudicauit
982 506 1028 543 de
1055 507 1125 544 fide
1153 511 1308 545 auctoris
1334 509 1379 546 de
1405 516 1513 558 gente

63 569 188 621 populi
206 568 330 615 Rom.,
358 580 431 617 quo
457 566 544 603 nihil
569 567 833 605 fraudulentius
853 581 932 605 esse
950 574 1083 618 potest.
1130 569 1214 606 Non
1236 572 1347 606 ausim
1377 572 1511 619 omnia,

63 642 157 682 quae
174 629 342 676 Ouidius,
371 629 632 666 uetustissimus
654 641 794 677 eorum,
823 631 884 680 qui
911 636 1047 666 restant
1074 630 1109 665 in
1138 630 1204 666 hac
1230 643 1281 677 re,
1311 637 1511 679 auctorum,

61 691 193 738 tradit,
230 690 368 727 referre
395 697 459 728 aut
497 690 542 727 ad
570 691 750 739 Ennium,
790 703 811 727 a
839 703 910 741 quo
937 697 1056 727 tamen
1086 704 1146 726 uu.
1166 694 1332 727 31-37
1359 691 1512 728 Ouidius

60 760 246 790 mutuatus
272 759 328 789 est
352 759 445 790 teste
471 752 697 801 Pliilargyrio
724 752 770 789 ad
798 753 899 802 Virg.
927 764 983 801 ge.
1005 755 1042 799 3,
1059 752 1130 789 35:
1158 760 1220 789 aut
1246 752 1291 788 ad
1317 753 1510 799 Catonem,

60 826 280 865 quamquam
307 826 389 851 eum
417 815 578 851 nominat
604 814 753 850 Seruius
780 814 827 850 ad
854 816 943 850 Aen.
972 815 1008 860 6,
1030 815 1129 860 760,
1165 815 1225 863 qui
1252 821 1289 849 et
1314 814 1511 863 peculiaria

59 876 225 927 profert,
264 883 300 913 et
327 877 362 913 in
390 888 541 912 numero
569 888 718 924 regum,
752 876 881 911 omisso
911 877 1032 911 Aenea
1060 875 1195 918 Siluio,
1223 876 1403 911 consentit
1429 887 1510 910 cum

61 938 196 977 Ouidio
224 938 334 988 paulo
362 945 444 987 post
471 937 516 974 ad
541 950 575 974 u.
597 939 692 973 767:
729 944 791 973 aut
819 936 865 972 ad
893 937 1055 973 Cassium
1085 936 1293 981 Heminam,
1321 949 1430 986 quem
1453 948 1509 972 se-

61 1001 183 1051 quitur
208 1000 329 1049 priore
355 1000 436 1036 loco
466 999 500 1035 in
528 997 596 1035 alia
624 1011 664 1035 re
690 998 841 1034 Seruius
869 1005 1028 1035 testante
1053 998 1171 1034 Gellio
1201 1000 1261 1045 17,
1291 1002 1352 1034 21.
1406 997 1510 1041 Quos

62 1062 157 1100 alios
181 1061 331 1098 Seruius
358 1060 492 1096 indicat
518 1059 564 1095 ad
591 1061 628 1103 8,
656 1061 728 1106 71,
755 1060 899 1096 minime
927 1071 1071 1096 necesse
1099 1066 1174 1106 est,
1199 1060 1269 1096 sint
1295 1060 1421 1104 Liuio,
1451 1059 1510 1094 uel

60 1122 265 1162 Alexandro
291 1120 520 1168 Polyhistore
547 1120 782 1157 uetustiores:
809 1121 1032 1170 significatur
1057 1121 1211 1157 sortasse
1238 1122 1315 1171 ipse
1339 1121 1508 1168 Ouidius,

59 1196 167 1235 quem
194 1188 292 1219 certe
316 1182 481 1232 sequitur
505 1181 715 1217 Lactantius
743 1185 779 1229 1,
807 1187 851 1218 ll
889 1195 991 1219 more
1023 1195 1102 1218 suo.
1156 1183 1351 1219 Caeterum
1377 1182 1508 1231 quibus

58 1246 96 1284 in
122 1243 323 1281 nominibus
357 1249 394 1279 et
428 1254 501 1292 quo
536 1242 662 1279 ordine
688 1242 859 1280 differant
885 1244 1012 1293 reliqui
1047 1250 1157 1281 testes
1184 1245 1229 1280 ab
1256 1243 1411 1290 Ouidio,
1445 1248 1508 1278 aut

59 1307 119 1344 ille
145 1318 166 1342 a
192 1316 232 1341 se
255 1304 349 1354 ipso,
376 1315 448 1339 non
475 1315 566 1352 opus
594 1310 648 1341 est
674 1311 861 1342 annotare.
915 1305 956 1343 Si
982 1306 1199 1355 inspexeris,
1228 1306 1413 1342 miraberis
1440 1316 1508 1354 po-

58 1368 232 1406 tissimum
265 1378 334 1416 pro
359 1365 515 1402 Remulo
544 1364 725 1403 Ouidiano
750 1366 900 1404 Alladae
936 1380 1066 1404 nomen
1103 1368 1202 1417 apud
1228 1368 1438 1416 Dionysium
1471 1373 1508 1403 et

59 1428 309 1467 admoneberis
334 1427 368 1463 in
397 1426 524 1463 eadem
551 1439 590 1464 re
617 1428 786 1465 Aeolidae
811 1429 1009 1465 Salmonei·
1048 1429 1238 1467 Postremo
1265 1429 1312 1467 de
1339 1430 1424 1465 lano
1449 1428 1507 1465 sa-

59 1492 182 1529 bulam
211 1494 247 1538 1,
270 1490 488 1526 265-274
516 1497 651 1536 narrat,
680 1502 788 1540 quain
815 1492 985 1539 attigerat
1011 1492 1118 1528 etiam
1145 1499 1229 1528 met.
1260 1493 1322 1539 14,
1342 1493 1416 1527 776
1434 1504 1504 1540 sq.,

59 1553 252 1602 utrobique
278 1552 449 1588 historiae
482 1551 529 1588 de
556 1552 718 1601 Tarpeia
744 1564 935 1590 annexam.
987 1553 1082 1589 Hinc
1117 1553 1204 1603 quid
1239 1553 1359 1602 colligi
1393 1552 1506 1602 possit

59 1616 106 1653 ad
123 1614 243 1652 sacelli
263 1613 339 1649 Iani
364 1614 471 1649 situm
488 1612 744 1661 definiendum,
771 1613 864 1651 infra
891 1621 1105 1664 exponetur.
1146 1615 1322 1651 Fabulam
1345 1616 1391 1650 ab
1412 1613 1506 1650 Oui-

60 1677 120 1714 dio
147 1676 308 1713 indidem
332 1674 559 1724 desumptam
587 1676 765 1724 existimo,
793 1676 892 1713 unde
915 1677 1078 1713 enotauit
1103 1677 1309 1714 Macrobius
1330 1681 1366 1723 1,
1381 1678 1405 1712 9
1424 1676 1506 1723 fin.,

60 1739 155 1776 inter
190 1737 289 1773 cuius
322 1737 437 1773 uerba
472 1736 581 1772 haec:
620 1749 712 1785 quac
745 1737 811 1774 sub
844 1737 1027 1775 radicibus
1061 1738 1161 1775 collis
1200 1737 1393 1775 Viminalis
1427 1741 1506 1773 erat

60 1799 267 1837 Bunsenius
291 1810 328 1833 u.
360 1798 406 1834 cl.
433 1798 468 1833 in
496 1797 612 1834 deser.
641 1798 747 1835 Vrbis
775 1803 811 1842 1,
837 1811 879 1848 p.
899 1800 996 1846 145,
1030 1799 1164 1848 Nibbyi
1191 1807 1336 1836 secutus
1366 1799 1508 1848 opinio-

61 1874 160 1909 nem,
187 1861 233 1897 ab
260 1859 379 1896 aliena
405 1871 513 1895 manu
540 1859 706 1908 profecta
732 1866 868 1896 censet.
921 1860 961 1896 Si
988 1861 1066 1909 quis
1086 1861 1321 1909 Calpurnium
1339 1860 1505 1899 Pisonem

61 1925 98 1962 in
117 1922 305 1961 annalibus
330 1921 430 1957 illam
447 1933 522 1957 rem
543 1920 730 1958 tradidisse
754 1921 958 1958 existimare
980 1922 1079 1969 uelit,
1108 1934 1179 1958 non
1202 1921 1412 1958 crediderim
1439 1921 1508 1958 ob-

61 1993 175 2032 stare,
201 1982 298 2034 quod
325 1982 492 2018 Varrone
513 1982 561 2019 de
585 1982 610 2019 l.
630 1983 654 2019 l.
682 1983 721 2030 5,
742 1983 814 2019 165
840 1989 932 2019 teste
960 1984 988 2019 is
1013 1983 1090 2033 ipse
1115 1982 1201 2019 Piso
1225 1983 1386 2019 Numam-
1407 1983 1505 2020 clau-

61 2046 171 2084 dendi
196 2045 273 2082 Iani
299 2044 454 2094 primum
481 2050 665 2081 auctorem
698 2043 810 2091 fecit,
844 2051 908 2080 aut
934 2044 1030 2094 quod
1056 2044 1248 2092 Dionysius
1270 2048 1306 2089 2,
1326 2046 1378 2081 39
1397 2045 1507 2094 longe

61 2109 243 2146 diuersum
269 2106 315 2142 ab
337 2105 518 2143 Ouidiano
545 2105 718 2142 iudicium
742 2105 819 2142 eius
845 2105 890 2142 de
909 2107 1069 2156 Tarpeia
1097 2113 1368 2146 commemorat.
1408 2107 1507 2143 Fieri

61 2171 156 2209 enim
182 2167 343 2219 potuisse
368 2167 521 2218 posthac
547 2167 709 2214 docebo,
736 2173 776 2203 ut
801 2167 931 2204 Ianum
953 2180 1033 2204 cum
1061 2168 1222 2217 Tarpeia
1248 2168 1384 2217 primus
1410 2167 1507 2205 Oui-

62 2233 144 2270 dius
167 2229 416 2278 coniunxerit,
451 2241 674 2279 quamquam
696 2230 779 2266 leue
805 2229 881 2266 eius
914 2230 968 2266 rei
991 2230 1178 2279 uestigium
1208 2236 1261 2265 est
1288 2230 1329 2265 iu
1352 2229 1506 2266 detrun-

61 2301 144 2332 cato
169 2292 268 2329 Festi
294 2292 481 2328 lemmate:
524 2293 703 2341 Tarpeiae
727 2289 826 2340 effiy.
852 2304 891 2342 p.
915 2293 989 2328 363
1016 2292 1146 2328 sinistr.
1174 2292 1198 2328 1.
1228 2293 1287 2338 16,
1307 2294 1353 2327 17
1379 2292 1504 2328 Muell.

62 2356 244 2401 Quoniam
270 2354 317 2390 de
342 2353 538 2389 Fabiorum
564 2353 713 2390 historia
739 2366 849 2403 supra
875 2367 914 2403 p.
935 2365 1049 2390 LXIII
1074 2354 1289 2390 sententiam
1325 2353 1418 2400 dixi,
1457 2353 1507 2390 de

64 2417 195 2454 Seruio
219 2416 345 2452 Tullio
372 2427 459 2452 uero
486 2415 636 2465 aliisque
661 2415 754 2452 infra
780 2416 941 2452 dicturus
967 2429 1061 2463 sum,
1088 2421 1213 2461 restat,
1241 2421 1282 2452 ut
1306 2415 1424 2451 fatear
1448 2415 1505 2451 fa-

67 2479 170 2516 bulae
204 2478 251 2515 de
288 2477 475 2514 obsidione
501 2477 708 2527 Capitolina
744 2484 781 2514 et
815 2477 902 2514 lone
928 2477 1070 2514 Pistore
1093 2480 1131 2524 6,
1157 2479 1376 2513 349—394
1410 2477 1502 2513 nihil

69 2539 210 2577 aliunde
233 2539 320 2577 mihi
346 2539 562 2575 innotuisse:
600 2539 811 2576 Lactantius
847 2539 941 2575 enim
970 2543 1006 2586 l,
1028 2542 1078 2575 20
1104 2552 1148 2575 ex
1176 2538 1309 2576 Ouidio
1336 2539 1504 2588 profecit,

69 2600 283 2650 Augustinus
309 2600 356 2638 de
381 2613 414 2638 c.
435 2601 472 2638 d.
492 2604 531 2650 2,
549 2605 599 2639 22
624 2608 660 2640 et
686 2601 836 2639 Seruius
862 2600 909 2638 ad
929 2605 1018 2639 Aen.
1039 2604 1078 2649 8,
1096 2602 1169 2638 652
1198 2613 1325 2652 parum
1358 2600 1507 2648 diserta,

69 2668 134 2700 aut
158 2662 298 2702 diuersa
322 2662 486 2702 tradunt.
