1685 2954
582 129 681 157 Lm.
713 128 995 155 snchDvs
1454 110 1510 155 43

185 231 252 271 Ad
280 231 347 284 pia
374 241 599 285 propensos
628 234 726 268 uota
753 234 900 281 rogate
930 226 1043 269 deos.

128 299 215 341 Sed
244 298 330 339 iam*
352 298 478 350 prima
505 296 584 336 mei
611 309 707 349 pars
736 302 802 336 est
832 302 981 336 exacta
1008 297 1156 336 laboris

187 368 372 419 Cumque
401 376 477 405 suo
503 363 624 405 finem
647 377 789 405 mense
818 365 978 405 libellus
1005 365 1140 404 habet.
1430 363 1510 403 724

439 735 677 777 LIBER
725 736 1155 778 SECVNDVS.

133 881 271 938 Ianus
298 896 423 936 habet
452 895 586 934 finem.
623 906 715 935 cum
744 893 922 933 carmine
951 899 1115 934 crescat
1145 898 1188 933 et
1212 905 1352 934 annus.

191 969 308 1009 Alter
333 975 379 1008 ut
406 966 475 1008 hic
502 965 671 1019 mensis,
701 965 764 1006 sic
793 965 893 1006 liber
920 966 1024 1006 alter
1051 972 1132 1006 eat.

135 1037 257 1078 Nunc
282 1037 449 1088 primum
475 1035 592 1086 uelis,
619 1033 741 1087 elegi,
770 1033 985 1073 maioribus
1013 1033 1100 1074 itis:

192 1103 398 1158 Exiguum
427 1101 589 1142 memini
613 1113 742 1153 nuper
771 1099 896 1141 eratis
922 1113 1036 1154 opus.

138 1173 233 1224 Ipse
264 1184 343 1224 ego
373 1182 451 1210 uos
479 1167 604 1209 habui
633 1169 777 1210 faciles
808 1170 848 1209 in
878 1182 1013 1210 amore
1043 1167 1262 1223 ministros,
1497 1171 1521 1208 5

194 1239 298 1279 Cum
327 1238 423 1278 lusit
450 1236 628 1277 numeris
656 1238 783 1289 prima
810 1237 976 1278 iuuenta
1005 1238 1103 1278 suis.

136 1306 248 1348 Idem
278 1319 396 1347 sacra
421 1318 525 1347 cano
554 1306 800 1360 signataque
828 1311 1012 1358 tempora
1040 1305 1178 1345 fastis:

193 1372 351 1427 Ecquis
379 1373 431 1414 ad
458 1373 564 1414 haec
594 1374 702 1412 illinc
731 1372 917 1413 crederet
947 1387 1042 1413 esse
1071 1369 1209 1414 uiam?

141 1444 260 1485 Haec
289 1454 381 1481 mea
409 1440 552 1481 militia
581 1447 658 1481 est.
695 1440 862 1481 ferimus
891 1453 995 1495 quae
1022 1454 1253 1494 possumus,
1282 1454 1404 1494 arma,

195 1511 435 1563 Dextraque
460 1522 542 1550 non
570 1509 676 1550 omni
701 1522 867 1550 munere
894 1516 1034 1550 nostra
1063 1516 1197 1550 uacat.
1475 1515 1528 1550 10

137 1623 227 1658 722.
264 1622 307 1658 At
328 1622 389 1670 pia
414 1622 462 1658 A.
505 1634 704 1672 pei-pensos
731 1624 776 1659 Ρ.
817 1628 902 1658 uota
931 1630 1077 1671 precate
1105 1619 1160 1658 Π.
1201 1628 1287 1660 uota
1313 1622 1466 1672 probate
1492 1625 1531 1659 D

91 1685 140 1710 m.
173 1672 294 1709 Gloss.
320 1671 480 1708 Probate
503 1673 589 1709 deos
615 1685 677 1709 eos
704 1671 784 1708 dico
809 1685 1010 1722 propensos
1038 1677 1086 1709 .1.
1115 1672 1259 1709 sedulos
1286 1674 1332 1710 ad
1352 1674 1412 1723 pia
1431 1680 1530 1710 uota.

93 1723 166 1766 Qui
191 1729 295 1770 rogat
321 1723 429 1758 alium
457 1723 587 1771 probat
614 1735 695 1758 eum
716 1725 765 1759 D.
870 1726 957 1761 723.
987 1724 1034 1759 Et
1062 1726 1130 1759 iam
1157 1736 1187 1759 s.
1228 1725 1343 1773 prima
1369 1723 1454 1759 mihi
1480 1726 1533 1769 P;

92 1773 115 1820 f
130 1784 212 1810 nar.
228 1784 299 1809 scr.
346 1778 401 1808 est
427 1772 600 1808 exhausta
626 1770 673 1807 H
680 1772 729 1808 bh
752 1775 799 1809 41
827 1778 959 1822 septem
985 1778 1018 1809 et
1043 1779 1128 1810 uctt.
1156 1773 1210 1810 ed.
1267 1781 1322 1810 est
1349 1780 1533 1810 transacta

93 1836 201 1860 unus.
314 1823 401 1858 724.
438 1822 546 1858 finem
573 1824 731 1858 carmine
765 1824 867 1859 ianus
903 1824 1011 1859 habet
1040 1826 1073 1858 D
1093 1836 1173 1860 aar.
1191 1835 1260 1860 scr.
1314 1825 1357 1860 P.
1379 1823 1535 1860 OVIDII

93 1872 312 1910 NASONIS
339 1871 618 1909 FASTORVM
650 1872 784 1908 FINIT
812 1873 963 1909 LIBER
990 1873 1187 1910 PRIMVS,
1247 1874 1434 1911 INCIPIT
1461 1874 1535 1911 LI-

93 1924 198 1962 BER
222 1922 502 1961 SECVNDVS.
538 1923 586 1959 A.
613 1922 848 1959 EXPLICIT
874 1924 1026 1960 LIBER
1053 1925 1078 1961 l.
1114 1925 1299 1961 INCIPIT
1328 1925 1371 1961 II.
1402 1927 1500 1972 ΒΕἾ

196 2029 324 2079 Incipit
356 2029 449 2066 liber
473 2029 517 2066 11.
553 2032 604 2067 D.
655 2029 698 2067 P.
727 2016 880 2067 6V1D11
912 2029 1130 2067 NASONIS
1156 2031 1436 2069 FASTORVM
1472 2031 1539 2068 LI-

96 2080 202 2168 {315R
227 2081 267 2140 II·
290 2080 492 2167 INCIPIT.
527 2093 565 2130 p.
618 2080 808 2118 Secundus
843 2082 935 2118 liber
969 2081 1144 2118 fastorum
1180 2083 1303 2132 incipit
1335 2083 1382 2120 de
1416 2095 1540 2120 mense

114 2144 134 2168 e
161 2144 282 2168 ruam.
340 2157 350 2168 .

147 2193 194 2230 V.
217 2197 252 2230 1.
279 2193 408 2229 crescit
437 2190 586 2231 GE‘lZ
603 2205 746 2242 ma.pr.
772 2206 809 2230 m
826 2205 970 2243 mmpr.
997 2193 1081 2231 duo.
1184 2198 1220 2231 2.
1249 2200 1288 2231 ut
1313 2195 1340 2231 it
1364 2207 1478 2232 mens.
1506 2197 1542 2232 B

98 2256 174 2282 ma.
192 2256 262 2281 sec.
291 2241 408 2281 §Th
427 2248 451 2280 2
473 2245 603 2293 uiyinti
627 2243 703 2290 fere
728 2249 761 2281 et
785 2248 871 2282 vett.
897 2244 970 2288 e‹l.;
997 2247 1031 2282 E
1039 2244 1062 2291 f
1067 2256 1089 2293 9
1114 2256 1197 2281 nar.
1212 2257 1284 2282 scr.
1395 2249 1431 2282 3.
1469 2246 1541 2282 iam

99 2296 255 2344 primum
282 2298 306 2330 8
335 2294 471 2341 (Cios.)
503 2295 586 2331 mai.
615 2296 664 2331 ite
691 2297 724 2331 Z
749 2307 823 2331 mas.
841 2307 896 2344 pr.
923 2307 988 2345 τηρ
1014 2307 1093 2332 sese.
1197 2297 1234 2331 4.
1269 2296 1359 2332 Esse
1385 2308 1452 2345 ego
1482 2299 1541 2333 10.

103 2346 212 2382 Certe
241 2358 309 2394 ego
339 2346 463 2384 1429.
506 2340 630 2381 ansore
658 2346 845 2394 magistros
866 2343 919 2381 A.
1021 2348 1057 2384 6.
1086 2346 1183 2382 Dum
1214 2347 1259 2383 0.
1359 2349 1395 2383 7.
1423 2348 1543 2396 signa-

104 2407 174 2444 que
198 2403 311 2444 temp.
329 2398 373 2432 E.
412 2397 551 2445 signata
570 2403 683 2445 temp.
701 2408 737 2432 m
754 2407 827 2432 ma.
845 2408 901 2445 pr.
1005 2399 1040 2432 8.
1067 2399 1142 2440 Ita,
1168 2397 1317 2446 Ecquis,
1344 2410 1368 2446 p
1389 2402 1544 2447 quatum·

106 2448 229 2493 scripti
255 2451 288 2482 et
312 2446 391 2482 edd.
411 2446 506 2485 Rub.
537 2446 634 2484 1475
660 2451 694 2483 et
711 2449 803 2484 Zar.
832 2449 941 2483 1477.
981 2447 1047 2483 Set
1074 2448 1151 2495 quis
1180 2448 1217 2484 G.
1258 2447 1331 2484 Sed
1358 2450 1436 2495 quis
1466 2450 1543 2484 BD

111 2493 241 2532 ΦΣΖ
258 2499 452 2546 8“εεριεηι.
491 2496 566 2542 Sed
593 2496 677 2545 quid
705 2509 753 2534 m.
794 2497 842 2533 Et
867 2498 945 2546 quis
971 2496 1110 2546 reliqui.
1150 2498 1196 2533 ad
1223 2495 1398 2535 hocPH
1411 2503 1433 2535 3
1460 2498 1543 2535 duo.

110 2545 154 2580 ad
181 2546 272 2583 lianc
297 2559 348 2584 τη.
387 2548 470 2584 illuc
495 2547 528 2584 b.
567 2548 634 2584 inis
662 2550 698 2584 D
715 2552 798 2584 tres.
902 2549 939 2586 9.
966 2554 1020 2584 est
1047 2560 1118 2592 om.
1138 2559 1168 2585 s.
1212 2555 1266 2584 est
1293 2552 1446 2597 gerimus
1475 2548 1549 2585 BG

114 2592 320 2646 (DOZmp
348 2601 395 2635 33
407 2600 457 2634 34
468 2599 515 2634 35
528 2600 575 2634 36
586 2600 634 2635 37
660 2597 904 2647 septemdecim
929 2603 962 2634 et
987 2602 1072 2635 παπ.
1101 2598 1154 2636 ed.
1197 2598 1313 2635 serim.
1340 2613 1412 2650 qua
1442 2602 1495 2637 Τ.’

162 2648 222 2681 10.
259 2649 354 2684 omni
379 2650 525 2688 numine
552 2645 599 2687 Σ.
648 2655 771 2685 nostra
797 2656 895 2692 caret
922 2646 968 2686 H
984 2652 1030 2687 41
1059 2660 1143 2696 seoe3
1172 2649 1250 2687 GN
1271 2662 1354 2689 ttwr.
1369 2662 1439 2689 scr.
1475 2661 1547 2686 uo-

112 2701 171 2732 cat
199 2698 242 2735 Τ.
