1685 2954
137 78 359 112 ccnxxxtv
648 84 653 92 ·
704 85 831 117 com).
861 80 900 129 6,
929 81 970 130 7,
996 80 1021 117 8

135 182 387 230 praetermissa
411 181 578 222 Heinsius
602 191 770 225 enotasse
795 187 952 236 uidetur,
978 187 1052 227 uid.
1078 192 1119 238 2,
1137 189 1211 226 396
1231 190 1324 236 (398
1341 190 1402 230 ed.
1423 191 1572 241 Burm.)

134 254 231 292 quae
255 244 470 294 plerumque
495 243 583 282 dixit
607 247 777 286 codicis
801 249 1020 289 Politiani
1047 262 1141 299 esse,
1167 253 1279 289 semel
1305 253 1413 290 etiam
1439 258 1477 303 3,
1495 259 1571 295 397

134 302 172 339 in
197 303 337 342 schedis
368 306 469 343 mstis
500 319 611 346 unum
642 309 800 347 codicem
825 311 994 349 Politiani
1027 320 1234 364 nuncupat,
1268 313 1306 351 in
1335 317 1570 356 annotatione

133 364 306 414 impressa
332 374 502 418 excerpta
526 368 705 411 Politiani.
756 372 908 411 Prorsus
935 373 1078 412 diuersa
1102 374 1170 411 sub
1196 373 1324 412 eodem
1351 377 1497 415 nomine
1523 379 1570 416 ab

66 458 76 474 Ι
132 431 287 475 utroque
312 428 454 478 prolata
479 437 563 468 sunt
588 433 628 480 5,
652 433 738 470 355.

230 491 293 527 37.
342 492 380 528 6.
418 489 750 544 Gottorpianus
784 495 898 532 codex
932 509 1005 533 non
1040 509 1124 534 raro
1155 497 1202 534 ab
1229 498 1378 536 Heinsio
1409 512 1570 538 comme·-

129 555 314 587 moratur.-
348 550 383 587 in
409 552 549 590 schedis
576 556 674 592 mstis
699 555 746 592 ad
773 558 812 602 4,
838 558 912 593 412
945 560 1085 606 primus
1114 559 1389 609 Gottorpianus‚
1415 560 1570 598 sortasse

129 609 258 647 calami
284 623 421 651 errore.
472 614 574 652 Nihil
608 616 655 653 de
690 628 735 653 eo
768 617 854 653 mihi
886 618 1066 667 innotuit,
1101 620 1166 657 nisi
1193 619 1291 669 quod
1322 621 1359 657 in
1387 620 1591 658 uolumine'

127 670 398 721 Spanhemiano
424 675 510 712 bibl.
535 688 612 726 reg.
638 676 761 714 Berol.
787 691 871 715 mss·
889 678 1030 729 Spanh.
1060 693 1096 716 n.
1116 669 1145 716 4
1167 679 1356 728 catalogus
1381 681 1568 719 bibliothe-

128 745 191 771 cae
213 736 475 786 Gottorpianae
494 738 533 773 in
552 737 725 775 Holsatia
751 745 865 786 extat,
889 739 926 776 in
952 752 1026 790 quo
1049 740 1206 778 Ouidius
1231 748 1452 778 recensetur.
1489 741 1568 779 No-

127 795 244 833 tabilis
270 803 325 834 est
350 798 628 848 interpolatione
653 806 690 837 et
717 801 933 850 cognatione
958 813 1041 838 cum
1067 801 1234 839 Mediceo
1259 801 1437 840 secundo.

225 861 288 896 38.
339 862 376 897 7.
413 860 785 915 Hamburgensis
812 862 971 900 eiusdem
999 861 1110 913 plane
1135 875 1217 899 cum
1242 864 1431 912 superiore
1458 874 1569 903 notae

125 926 202 968 est,
233 920 388 970 ideoque
413 921 507 959 inter
531 923 814 972 praestantiores
842 923 984 961 habitus
1015 925 1062 961 ab
1089 924 1251 961 Heinsio.
1302 923 1401 961 Nihil
1425 924 1472 963 de
1497 925 1569 963 hoc

124 993 271 1030 quoque
297 982 396 1019 noui.
446 983 487 1019 In
520 982 648 1020 eodem
685 985 868 1022 uolumine
893 985 1164 1035 Spanhemiano
1198 986 1348 1023 extabat
1381 987 1567 1036 catalogus

124 1041 421 1080 bibliothecarum
457 1045 809 1094 Hamburgensfflm,
850 1047 888 1084 in
925 1060 998 1098 quo
1032 1047 1168 1084 frustra
1204 1046 1259 1083 sui
1297 1046 1566 1096 perlustrando.

122 1102 272 1141 Memini
297 1117 356 1142 me
380 1106 536 1143 amicum
562 1106 734 1157 delegare
759 1108 975 1146 sciscitatum
1003 1108 1202 1158 Hamburgi
1229 1107 1276 1145 de
1302 1108 1416 1146 libro:
1452 1121 1566 1159 nega-

122 1164 186 1202 bat
220 1165 347 1205 doctos
379 1168 474 1206 uiros
501 1167 740 1206 bibliothecae
772 1170 942 1220 publicae
966 1170 1173 1221 praefectos
1200 1170 1344 1208 nouisse
1369 1170 1565 1222 quicquam

121 1226 170 1265 de
194 1239 253 1266 eo.

221 1291 283 1328 39.
336 1293 373 1329 8.
413 1291 585 1330 Codicem
611 1292 766 1330 Fuluii
792 1292 949 1330 Vrsini
974 1305 1013 1331 se
1040 1305 1235 1344 usurpasse
1261 1297 1416 1330 testatur
1440 1292 1565 1331 Ciosa-

119 1364 189 1389 nus
214 1353 250 1389 in
276 1353 394 1403 praef.
421 1366 551 1391 comm.
578 1355 615 1391 in
640 1354 725 1393 fast.
753 1354 800 1392 ad
827 1355 1000 1392 lectorem
1027 1362 1065 1392 et
1090 1354 1280 1395 Vaticanis
1307 1354 1471 1391 omnibus
1495 1366 1567 1392 an-

120 1414 312 1463 tiquiorem
337 1415 434 1453 dicit.
487 1417 595 1453 Visus
620 1417 706 1453 mihi
733 1415 926 1466 aliquando
953 1416 982 1453 is
1009 1428 1113 1464 esse,
1139 1416 1239 1453 cuius
1265 1415 1436 1452 indicium
1461 1416 1564 1453 inue-

119 1475 265 1513 niebam
301 1477 337 1513 in
373 1477 514 1515 schedis
545 1478 823 1528 Spanhemianis
856 1478 981 1515 Berol.
1018 1491 1055 1515 n.
1082 1478 1133 1514 50
1157 1477 1238 1523 sol„
1279 1477 1340 1514 ubi
1374 1476 1409 1513 in
1443 1475 1564 1514 indice

119 1537 292 1575 librorum
309 1539 431 1576 Fuluii
448 1539 567 1576 Vrsini
593 1540 654 1590 qui
679 1540 790 1577 delati
815 1546 901 1577 sunt
925 1540 960 1576 in
989 1539 1074 1576 bibl.
1092 1539 1305 1576 vaticanam
1331 1551 1370 1588 p.
1385 1539 1436 1574 26
1460 1550 1497 1574 n.
1512 1541 1564 1575 32

117 1597 210 1636 haec
233 1600 423 1648 leguntur:
461 1600 586 1638 Ouidii
617 1600 713 1647 fasti
745 1602 782 1638 in
807 1612 904 1651 pcry.
934 1600 1181 1638 aittichissimo
1208 1601 1246 1636 ἰη
1270 1599 1329 1638 lr‘a
1353 1597 1563 1648 longobard.

117 1665 260 1709 coperto
285 1660 323 1698 di
357 1674 430 1699 cor.
455 1674 574 1699 rosso.
628 1664 684 1699 Fu
717 1661 773 1699 del
805 1664 1026 1700 monasterio
1056 1663 1280 1699 Cassinense.
1331 1659 1493 1698 Similem
1524 1659 1562 1697 in
1631 1660 1635 1666 ’

116 1722 264 1759 modum
290 1723 336 1759 ab
363 1723 510 1760 Heinsio
536 1724 572 1760 in
599 1725 834 1761 annotatione
859 1725 1033 1773 impressa
1060 1722 1106 1759 ad
1141 1726 1179 1770 1,
1207 1723 1230 1759 5
1257 1721 1473 1759 describitur
1498 1733 1562 1759 co-

117 1783 202 1829 dex,
228 1785 289 1834 qui
314 1785 349 1820 in
374 1784 513 1822 schedis
539 1797 723 1835 nunquam
751 1786 887 1832 Vrsini,
912 1796 1057 1834 semper
1082 1786 1236 1834 primus,
1262 1785 1421 1834 optimus
1450 1785 1560 1821 Vati-

117 1857 232 1883 canus
254 1853 504 1897 nuncupatur:
540 1847 651 1884 semel
677 1847 714 1883 in
742 1847 834 1884 notis
859 1846 1040 1896 impressis
1065 1846 1112 1882 ab
1138 1845 1286 1883 Heinsio
1311 1848 1351 1894 3,
1368 1845 1444 1882 650
1467 1855 1560 1894 per-

115 1919 242 1957 peram
267 1907 305 1945 hi
328 1908 609 1958 distinguuntur,
633 1920 656 1946 a
682 1909 895 1946 Burmanno
922 1919 1011 1944 uero
1036 1914 1229 1957 perpetuo.
1280 1906 1336 1943 Ad
1363 1906 1559 1956 antiquita-

114 1974 190 2021 tem
215 1969 294 2006 libri
322 1972 480 2020 pertinet
504 1971 603 2021 quod
628 1971 774 2007 saeculo
800 1970 851 2006 XI
886 1970 921 2006 in
956 1969 1172 2006 bibliotheca
1207 1969 1413 2006 monasterii
1438 1967 1560 2005 Cassi-

115 2031 235 2068 nensis
261 2031 318 2067 hic
343 2032 434 2070 liber
459 2038 761 2070 commemoratur
787 2031 886 2081 apud
911 2031 1151 2068 Muratorium
1186 2031 1310 2080 script.
1327 2024 1421 2066 hist.
1447 2028 1491 2066 lt.
1517 2028 1557 2076 4,

113 2104 153 2142 p.
173 2094 262 2130 473.
313 2093 479 2144 Alioquin
513 2095 691 2145 scriptura
726 2094 861 2130 saeculi
886 2093 938 2130 Xl
969 2093 1048 2143 ipsa
1081 2092 1269 2128 consueuit
1302 2088 1557 2140 longobardica

114 2155 313 2204 appellari,
346 2155 421 2192 uid.
449 2155 565 2194 Orell.
595 2156 642 2193 ad
667 2156 858 2192 Horatium
892 2154 1035 2192 alicubi.
1094 2153 1170 2191 Sed
1207 2152 1366 2190 codicem
1393 2150 1558 2188 Vrsinia-

115 2228 201 2253 num
220 2216 364 2253 Ciofani
391 2223 428 2254 et
453 2230 561 2267 quem
583 2218 633 2254 ita
659 2217 821 2267 appellat
848 2217 1017 2253 Heinsius
1043 2227 1123 2252 esse
1148 2214 1295 2252 eosdem
1321 2218 1471 2263 propter
1487 2223 1555 2257 so-

114 2277 188 2314 lum
223 2290 355 2316 nomen
391 2279 629 2317 conieceram.
683 2278 794 2322 Quod
819 2277 1010 2315 discedunt
1038 2281 1075 2325 1,
1094 2277 1190 2324 315;
1214 2277 1309 2324 5163
1335 2275 1430 2320 5913
1447 2273 1555 2321 6263

113 2342 151 2383 2,
168 2341 218 2376 93
244 2340 338 2385 alibi,
365 2339 463 2390 quod
493 2339 539 2377 ad
565 2345 602 2385 2,
622 2340 694 2377 851
723 2341 759 2376 in
788 2339 929 2377 schedis
957 2339 1091 2376 Heinsii
1117 2343 1330 2375 annotatur:
1362 2337 1463 2372 Haec
1487 2345 1556 2371 us-

114 2412 181 2449 que
211 2400 260 2437 ad
283 2400 389 2448 finem
423 2401 505 2439 libri
530 2401 676 2439 deerant
709 2403 748 2438 in
781 2406 854 2451 opt.
886 2402 1003 2438 Vatis.
1030 2398 1184 2437 Ciosano
1210 2402 1374 2443 tacente,
1409 2395 1445 2432 id
1479 2407 1555 2433 non

113 2461 264 2499 multum
291 2452 395 2511 apud
422 2475 480 2500 me
513 2463 670 2500 ualebat.
723 2463 819 2499 Nam
854 2462 1034 2499 interdum
1070 2461 1177 2497 etiam
1208 2458 1414 2508 conspirant
1447 2463 1486 2493 ut
1514 2461 1554 2505 2,

113 2525 189 2560 284
214 2525 307 2569 (286
332 2524 496 2573 Burm.)‚
531 2525 640 2572 alibi,
672 2531 709 2562 et
734 2525 815 2561 ltali
841 2524 994 2561 hominis
1028 2521 1223 2572 perexigua
1254 2526 1310 2556 est
1344 2518 1552 2556 auctoritas.

113 2585 258 2622 Tamen
287 2596 331 2622 ex
358 2586 433 2622 eius
451 2587 685 2625 annotatione
703 2589 742 2634 6,
760 2589 832 2623 213
859 2596 1036 2634 coarguor
1055 2582 1198 2625 erroris,
1223 2592 1304 2616 cum
1324 2580 1447 2630 primis
1462 2578 1554 2616 duo-

115 2648 182 2685 bus
214 2647 310 2685 tibris
346 2653 383 2685 et
411 2647 517 2684 tertio
552 2655 637 2687 aute
675 2660 818 2686 uersum
846 2649 918 2685 241
947 2652 1141 2694 utrumque
1168 2642 1289 2681 Vrsini
1320 2643 1449 2680 librum
1482 2653 1554 2678 nn·
1612 2657 1619 2670 ι
