<?xml version="1.0" encoding="UTF-8"?>
<!DOCTYPE html PUBLIC "-//W3C//DTD XHTML 1.0 Transitional//EN"
    "http://www.w3.org/TR/xhtml1/DTD/xhtml1-transitional.dtd">
<html xmlns="http://www.w3.org/1999/xhtml" xml:lang="en" lang="en">
 <head>
  <title>
</title>
<meta http-equiv="Content-Type" content="text/html;charset=utf-8" />
  <meta name='ocr-system' content='tesseract 3.04.00' />
  <meta name='ocr-capabilities' content='ocr_page ocr_carea ocr_par ocr_line ocrx_word'/>
</head>
<body>
  <div class='ocr_page' id='page_1' title='image "./fastorumlibrisex00oviduoft_0447.png"; bbox 0 0 1685 2954; ppageno 0'>
   <div class='ocr_carea' id='block_1_1' title="bbox 593 45 1511 89">
    <p class='ocr_par' dir='ltr' id='par_1_1' title="bbox 593 45 1511 89">
     <span class='ocr_line' id='line_1_1' title="bbox 593 45 1511 89; baseline 0.004 -4"><span class='ocrx_word' id='word_1_1' title='bbox 593 55 692 85; x_wconf 74' lang='lat' dir='ltr'><strong>me.</strong></span> <span class='ocrx_word' id='word_1_2' title='bbox 725 54 966 84; x_wconf 65' lang='lat' dir='ltr'><strong>Tssnwrvs</strong></span> <span class='ocrx_word' id='word_1_3' title='bbox 1430 45 1511 89; x_wconf 81' lang='lat'><strong>145</strong></span> 
     </span>
    </p>
   </div>
   <div class='ocr_carea' id='block_1_2' title="bbox 78 155 1545 1155">
    <p class='ocr_par' dir='ltr' id='par_1_2' title="bbox 78 155 1545 1155">
     <span class='ocr_line' id='line_1_2' title="bbox 181 155 1510 211; baseline 0.001 -12"><span class='ocrx_word' id='word_1_4' title='bbox 181 157 384 211; x_wconf 87' lang='lat' dir='ltr'><strong>Spernite.</strong></span> <span class='ocrx_word' id='word_1_5' title='bbox 425 155 647 208; x_wconf 87' lang='lat' dir='ltr'><strong>discipulos</strong></span> <span class='ocrx_word' id='word_1_6' title='bbox 675 155 842 196; x_wconf 83' lang='lat' dir='ltr'>attrahit</span> <span class='ocrx_word' id='word_1_7' title='bbox 871 156 937 196; x_wconf 85' lang='lat' dir='ltr'><strong>illa</strong></span> <span class='ocrx_word' id='word_1_8' title='bbox 966 168 1108 197; x_wconf 87' lang='lat' dir='ltr'><strong>nouos.</strong></span> <span class='ocrx_word' id='word_1_9' title='bbox 1220 182 1223 184; x_wconf 98' lang='lat'>-</span> <span class='ocrx_word' id='word_1_10' title='bbox 1428 163 1510 200; x_wconf 83' lang='lat'><strong>830</strong></span> 
     </span>
     <span class='ocr_line' id='line_1_3' title="bbox 78 223 1314 279; baseline 0.001 -13"><span class='ocrx_word' id='word_1_11' title='bbox 78 236 81 239; x_wconf 68' lang='grc'><strong>“</strong></span> <span class='ocrx_word' id='word_1_12' title='bbox 125 224 289 279; x_wconf 79' lang='lat' dir='ltr'>Quique</span> <span class='ocrx_word' id='word_1_13' title='bbox 316 235 460 265; x_wconf 90' lang='lat' dir='ltr'><strong>moues</strong></span> <span class='ocrx_word' id='word_1_14' title='bbox 491 223 664 276; x_wconf 85' lang='lat' dir='ltr'><strong>caelum,</strong></span> <span class='ocrx_word' id='word_1_15' title='bbox 693 223 955 276; x_wconf 80' lang='lat' dir='ltr'><strong>tabulamque</strong></span> <span class='ocrx_word' id='word_1_16' title='bbox 984 225 1185 266; x_wconf 89' lang='lat' dir='ltr'><strong>coloribus</strong></span> <span class='ocrx_word' id='word_1_17' title='bbox 1213 223 1314 267; x_wconf 87' lang='lat' dir='ltr'><strong>uris:</strong></span> 
     </span>
     <span class='ocr_line' id='line_1_4' title="bbox 179 289 1077 346; baseline -0.003 -13"><span class='ocrx_word' id='word_1_18' title='bbox 179 291 341 346; x_wconf 80' lang='lat' dir='ltr'><strong>Quique</strong></span> <span class='ocrx_word' id='word_1_19' title='bbox 368 289 472 332; x_wconf 80' lang='lat' dir='ltr'><strong>facis</strong></span> <span class='ocrx_word' id='word_1_20' title='bbox 501 290 624 332; x_wconf 86' lang='lat' dir='ltr'><strong>docta</strong></span> <span class='ocrx_word' id='word_1_21' title='bbox 652 291 785 331; x_wconf 86' lang='lat' dir='ltr'><strong>mollia</strong></span> <span class='ocrx_word' id='word_1_22' title='bbox 812 303 917 331; x_wconf 83' lang='lat' dir='ltr'><strong>saxa</strong></span> <span class='ocrx_word' id='word_1_23' title='bbox 943 304 1077 331; x_wconf 85' lang='lat' dir='ltr'><strong>manu.</strong></span> 
     </span>
     <span class='ocr_line' id='line_1_5' title="bbox 122 357 1330 411; baseline 0.002 -10"><span class='ocrx_word' id='word_1_24' title='bbox 122 361 237 401; x_wconf 84' lang='lat' dir='ltr'><strong>Mille</strong></span> <span class='ocrx_word' id='word_1_25' title='bbox 265 359 342 399; x_wconf 80' lang='lat' dir='ltr'><strong>dea</strong></span> <span class='ocrx_word' id='word_1_26' title='bbox 370 364 436 399; x_wconf 91' lang='lat' dir='ltr'><strong>est</strong></span> <span class='ocrx_word' id='word_1_27' title='bbox 464 370 642 411; x_wconf 86' lang='lat' dir='ltr'><strong>operum.</strong></span> <span class='ocrx_word' id='word_1_28' title='bbox 684 363 798 398; x_wconf 89' lang='lat' dir='ltr'><strong>certe</strong></span> <span class='ocrx_word' id='word_1_29' title='bbox 828 357 907 398; x_wconf 85' lang='lat' dir='ltr'><strong>dea</strong></span> <span class='ocrx_word' id='word_1_30' title='bbox 937 357 1126 400; x_wconf 87' lang='lat' dir='ltr'><strong>carminis</strong></span> <span class='ocrx_word' id='word_1_31' title='bbox 1155 360 1222 401; x_wconf 85' lang='lat' dir='ltr'><strong>illa</strong></span> <span class='ocrx_word' id='word_1_32' title='bbox 1251 367 1330 403; x_wconf 85' lang='lat' dir='ltr'><strong>est.</strong></span> 
     </span>
     <span class='ocr_line' id='line_1_6' title="bbox 175 425 1033 478; baseline 0 -12"><span class='ocrx_word' id='word_1_33' title='bbox 175 427 222 467; x_wconf 90' lang='lat' dir='ltr'><strong>Si</strong></span> <span class='ocrx_word' id='word_1_34' title='bbox 250 439 417 478; x_wconf 88' lang='lat' dir='ltr'><strong>mereor,</strong></span> <span class='ocrx_word' id='word_1_35' title='bbox 448 426 595 466; x_wconf 88' lang='lat' dir='ltr'><strong>studiis</strong></span> <span class='ocrx_word' id='word_1_36' title='bbox 625 425 730 466; x_wconf 82' lang='lat' dir='ltr'><strong>assit</strong></span> <span class='ocrx_word' id='word_1_37' title='bbox 759 425 891 466; x_wconf 84' lang='lat' dir='ltr'><strong>amica</strong></span> <span class='ocrx_word' id='word_1_38' title='bbox 918 427 1033 466; x_wconf 89' lang='lat' dir='ltr'><strong>meis.</strong></span> 
     </span>
     <span class='ocr_line' id='line_1_7' title="bbox 120 492 1503 549; baseline 0.001 -13"><span class='ocrx_word' id='word_1_39' title='bbox 120 494 287 536; x_wconf 88' lang='lat' dir='ltr'><strong>Caelius</strong></span> <span class='ocrx_word' id='word_1_40' title='bbox 316 506 370 533; x_wconf 86' lang='lat' dir='ltr'><strong>ex</strong></span> <span class='ocrx_word' id='word_1_41' title='bbox 397 494 479 534; x_wconf 84' lang='lat' dir='ltr'><strong>alto</strong></span> <span class='ocrx_word' id='word_1_42' title='bbox 510 506 591 547; x_wconf 84' lang='lat' dir='ltr'><strong>qua</strong></span> <span class='ocrx_word' id='word_1_43' title='bbox 619 504 737 533; x_wconf 89' lang='lat' dir='ltr'><strong>mons</strong></span> <span class='ocrx_word' id='word_1_44' title='bbox 765 492 984 534; x_wconf 87' lang='lat' dir='ltr'><strong>descendit</strong></span> <span class='ocrx_word' id='word_1_45' title='bbox 1011 494 1052 533; x_wconf 88' lang='lat' dir='ltr'><strong>in</strong></span> <span class='ocrx_word' id='word_1_46' title='bbox 1082 505 1269 549; x_wconf 85' lang='lat' dir='ltr'><strong>aequum,</strong></span> <span class='ocrx_word' id='word_1_47' title='bbox 1422 500 1503 538; x_wconf 85' lang='lat'><strong>835</strong></span> 
     </span>
     <span class='ocr_line' id='line_1_8' title="bbox 170 560 1545 617; baseline 0.004 -16"><span class='ocrx_word' id='word_1_48' title='bbox 170 561 263 612; x_wconf 81' lang='lat' dir='ltr'><strong>Hic,</strong></span> <span class='ocrx_word' id='word_1_49' title='bbox 292 561 362 601; x_wconf 91' lang='lat' dir='ltr'><strong>ubi</strong></span> <span class='ocrx_word' id='word_1_50' title='bbox 389 573 469 601; x_wconf 90' lang='lat' dir='ltr'><strong>non</strong></span> <span class='ocrx_word' id='word_1_51' title='bbox 499 562 618 614; x_wconf 85' lang='lat' dir='ltr'><strong>plana</strong></span> <span class='ocrx_word' id='word_1_52' title='bbox 647 566 724 613; x_wconf 84' lang='lat' dir='ltr'><strong>est,</strong></span> <span class='ocrx_word' id='word_1_53' title='bbox 752 560 831 601; x_wconf 84' lang='lat' dir='ltr'><strong>sed</strong></span> <span class='ocrx_word' id='word_1_54' title='bbox 857 574 983 614; x_wconf 83' lang='lat' dir='ltr'><strong>prope</strong></span> <span class='ocrx_word' id='word_1_55' title='bbox 1011 562 1132 615; x_wconf 84' lang='lat' dir='ltr'><strong>plana</strong></span> <span class='ocrx_word' id='word_1_56' title='bbox 1160 561 1228 604; x_wconf 82' lang='lat' dir='ltr'><strong>uia</strong></span> <span class='ocrx_word' id='word_1_57' title='bbox 1257 569 1336 617; x_wconf 81' lang='lat' dir='ltr'><strong>est,</strong></span> <span class='ocrx_word' id='word_1_58' title='bbox 1515 560 1518 565; x_wconf 73' lang='grc'><strong>’</strong></span> <span class='ocrx_word' id='word_1_59' title='bbox 1542 564 1545 567; x_wconf 83' lang='grc'>’</span> 
     </span>
     <span class='ocr_line' id='line_1_9' title="bbox 114 627 1184 683; baseline 0.001 -14"><span class='ocrx_word' id='word_1_60' title='bbox 114 629 247 669; x_wconf 82' lang='lat' dir='ltr'><strong>Parua</strong></span> <span class='ocrx_word' id='word_1_61' title='bbox 274 627 374 669; x_wconf 85' lang='lat' dir='ltr'><strong>licet</strong></span> <span class='ocrx_word' id='word_1_62' title='bbox 400 629 544 670; x_wconf 85' lang='lat' dir='ltr'><strong>uideas</strong></span> <span class='ocrx_word' id='word_1_63' title='bbox 573 629 735 682; x_wconf 81' lang='lat' dir='ltr'><strong>Captae</strong></span> <span class='ocrx_word' id='word_1_64' title='bbox 765 629 932 669; x_wconf 86' lang='lat' dir='ltr'><strong>delubra</strong></span> <span class='ocrx_word' id='word_1_65' title='bbox 959 629 1184 683; x_wconf 82' lang='lat' dir='ltr'><strong>Mineruae,</strong></span> 
     </span>
     <span class='ocr_line' id='line_1_10' title="bbox 167 695 1014 751; baseline 0.001 -16"><span class='ocrx_word' id='word_1_66' title='bbox 167 695 285 746; x_wconf 81' lang='lat' dir='ltr'><strong>Quae</strong></span> <span class='ocrx_word' id='word_1_67' title='bbox 314 696 392 737; x_wconf 83' lang='lat' dir='ltr'><strong>dea</strong></span> <span class='ocrx_word' id='word_1_68' title='bbox 424 698 549 737; x_wconf 86' lang='lat' dir='ltr'><strong>natali</strong></span> <span class='ocrx_word' id='word_1_69' title='bbox 578 697 718 751; x_wconf 82' lang='lat' dir='ltr'><strong>coepit</strong></span> <span class='ocrx_word' id='word_1_70' title='bbox 745 697 897 737; x_wconf 87' lang='lat' dir='ltr'><strong>habere</strong></span> <span class='ocrx_word' id='word_1_71' title='bbox 926 708 1014 736; x_wconf 90' lang='lat' dir='ltr'><strong>suo.</strong></span> 
     </span>
     <span class='ocr_line' id='line_1_11' title="bbox 110 763 1239 816; baseline 0.004 -13"><span class='ocrx_word' id='word_1_72' title='bbox 110 763 298 804; x_wconf 88' lang='lat' dir='ltr'>Nominis</span> <span class='ocrx_word' id='word_1_73' title='bbox 325 764 366 804; x_wconf 89' lang='lat' dir='ltr'><strong>in</strong></span> <span class='ocrx_word' id='word_1_74' title='bbox 391 764 513 805; x_wconf 89' lang='lat' dir='ltr'><strong>dubio</strong></span> <span class='ocrx_word' id='word_1_75' title='bbox 542 777 672 806; x_wconf 85' lang='lat' dir='ltr'><strong>causa</strong></span> <span class='ocrx_word' id='word_1_76' title='bbox 700 771 778 805; x_wconf 84' lang='lat' dir='ltr'><strong>est.</strong></span> <span class='ocrx_word' id='word_1_77' title='bbox 820 764 1009 816; x_wconf 83' lang='lat' dir='ltr'><strong>Capitale</strong></span> <span class='ocrx_word' id='word_1_78' title='bbox 1038 777 1239 807; x_wconf 85' lang='lat' dir='ltr'><strong>uocamus</strong></span> 
     </span>
     <span class='ocr_line' id='line_1_12' title="bbox 167 831 1500 886; baseline 0.002 -15"><span class='ocrx_word' id='word_1_79' title='bbox 167 832 381 886; x_wconf 84' lang='lat' dir='ltr'>Ingenium</span> <span class='ocrx_word' id='word_1_80' title='bbox 410 833 565 873; x_wconf 88' lang='lat' dir='ltr'><strong>sollers.</strong></span> <span class='ocrx_word' id='word_1_81' title='bbox 602 833 819 886; x_wconf 86' lang='lat' dir='ltr'><strong>ingeniosa</strong></span> <span class='ocrx_word' id='word_1_82' title='bbox 847 831 927 871; x_wconf 86' lang='lat' dir='ltr'><strong>dea</strong></span> <span class='ocrx_word' id='word_1_83' title='bbox 956 838 1033 872; x_wconf 86' lang='lat' dir='ltr'><strong>est.</strong></span> <span class='ocrx_word' id='word_1_84' title='bbox 1419 836 1500 874; x_wconf 85' lang='grc'><strong>840</strong></span> 
     </span>
     <span class='ocr_line' id='line_1_13' title="bbox 111 899 1177 953; baseline 0 -14"><span class='ocrx_word' id='word_1_85' title='bbox 111 900 178 939; x_wconf 92' lang='lat' dir='ltr'><strong>An</strong></span> <span class='ocrx_word' id='word_1_86' title='bbox 207 900 303 953; x_wconf 84' lang='lat' dir='ltr'><strong>quia</strong></span> <span class='ocrx_word' id='word_1_87' title='bbox 331 899 384 940; x_wconf 90' lang='lat' dir='ltr'><strong>de</strong></span> <span class='ocrx_word' id='word_1_88' title='bbox 413 901 562 953; x_wconf 86' lang='lat' dir='ltr'><strong>capitis</strong></span> <span class='ocrx_word' id='word_1_89' title='bbox 590 901 717 942; x_wconf 86' lang='lat' dir='ltr'><strong>fertur</strong></span> <span class='ocrx_word' id='word_1_90' title='bbox 744 900 834 939; x_wconf 91' lang='lat' dir='ltr'><strong>sine</strong></span> <span class='ocrx_word' id='word_1_91' title='bbox 861 903 990 938; x_wconf 87' lang='lat' dir='ltr'><strong>matre</strong></span> <span class='ocrx_word' id='word_1_92' title='bbox 1019 899 1177 951; x_wconf 84' lang='lat' dir='ltr'><strong>paterni</strong></span> 
     </span>
     <span class='ocr_line' id='line_1_14' title="bbox 164 963 1024 1021; baseline 0 -13"><span class='ocrx_word' id='word_1_93' title='bbox 164 967 336 1008; x_wconf 89' lang='lat' dir='ltr'><strong>Vertice</strong></span> <span class='ocrx_word' id='word_1_94' title='bbox 365 980 459 1008; x_wconf 89' lang='lat' dir='ltr'><strong>cum</strong></span> <span class='ocrx_word' id='word_1_95' title='bbox 488 968 620 1021; x_wconf 91' lang='lat' dir='ltr'><strong>clipeo</strong></span> <span class='ocrx_word' id='word_1_96' title='bbox 648 965 886 1019; x_wconf 83' lang='lat' dir='ltr'><strong>prosiluisse</strong></span> <span class='ocrx_word' id='word_1_97' title='bbox 915 963 1024 1008; x_wconf 68' lang='lat' dir='ltr'><strong>suo?</strong></span> 
     </span>
     <span class='ocr_line' id='line_1_15' title="bbox 109 1032 1149 1088; baseline 0.001 -14"><span class='ocrx_word' id='word_1_98' title='bbox 109 1035 175 1075; x_wconf 86' lang='lat' dir='ltr'><strong>An</strong></span> <span class='ocrx_word' id='word_1_99' title='bbox 202 1035 297 1088; x_wconf 85' lang='lat' dir='ltr'><strong>quia</strong></span> <span class='ocrx_word' id='word_1_100' title='bbox 324 1035 562 1088; x_wconf 88' lang='lat' dir='ltr'><strong>perdomitis</strong></span> <span class='ocrx_word' id='word_1_101' title='bbox 591 1033 644 1075; x_wconf 85' lang='lat' dir='ltr'><strong>ad</strong></span> <span class='ocrx_word' id='word_1_102' title='bbox 672 1032 944 1086; x_wconf 65' lang='lat' dir='ltr'><strong>nos‘captiua</strong></span> <span class='ocrx_word' id='word_1_103' title='bbox 969 1033 1149 1075; x_wconf 83' lang='lat' dir='ltr'><strong>Faliscis</strong></span> 
     </span>
     <span class='ocr_line' id='line_1_16' title="bbox 161 1099 1178 1155; baseline 0 -12"><span class='ocrx_word' id='word_1_104' title='bbox 161 1099 319 1144; x_wconf 66' lang='lat' dir='ltr'><strong>Venit?</strong></span> <span class='ocrx_word' id='word_1_105' title='bbox 356 1108 400 1143; x_wconf 86' lang='lat' dir='ltr'><strong>et</strong></span> <span class='ocrx_word' id='word_1_106' title='bbox 428 1102 507 1143; x_wconf 88' lang='lat' dir='ltr'><strong>hoc</strong></span> <span class='ocrx_word' id='word_1_107' title='bbox 541 1102 673 1155; x_wconf 88' lang='lat' dir='ltr'><strong>ipsum</strong></span> <span class='ocrx_word' id='word_1_108' title='bbox 709 1102 844 1142; x_wconf 87' lang='lat' dir='ltr'><strong>littera</strong></span> <span class='ocrx_word' id='word_1_109' title='bbox 871 1101 1008 1154; x_wconf 85' lang='lat' dir='ltr'><strong>prisca</strong></span> <span class='ocrx_word' id='word_1_110' title='bbox 1035 1101 1178 1143; x_wconf 85' lang='lat' dir='ltr'><strong>docet:</strong></span> 
     </span>
    </p>
   </div>
   <div class='ocr_carea' id='block_1_3' title="bbox 0 1211 1496 2670">
    <p class='ocr_par' dir='ltr' id='par_1_3' title="bbox 0 1211 1496 2670">
     <span class='ocr_line' id='line_1_17' title="bbox 96 1211 1496 1263; baseline 0.004 -15"><span class='ocrx_word' id='word_1_111' title='bbox 96 1213 184 1250; x_wconf 84' lang='lat'><strong>830.</strong></span> <span class='ocrx_word' id='word_1_112' title='bbox 222 1212 348 1263; x_wconf 88' lang='lat' dir='ltr'><strong>discip.</strong></span> <span class='ocrx_word' id='word_1_113' title='bbox 385 1212 564 1250; x_wconf 86' lang='lat' dir='ltr'><strong>contrabit</strong></span> <span class='ocrx_word' id='word_1_114' title='bbox 588 1211 650 1251; x_wconf 86' lang='lat' dir='ltr'><strong>A.</strong></span> <span class='ocrx_word' id='word_1_115' title='bbox 705 1213 827 1250; x_wconf 79' lang='lat' dir='ltr'><strong>attrait</strong></span> <span class='ocrx_word' id='word_1_116' title='bbox 861 1211 901 1249; x_wconf 92' lang='grc' dir='ltr'><strong>Γ</strong></span> <span class='ocrx_word' id='word_1_117' title='bbox 903 1227 916 1261; x_wconf 81' lang='lat'>3</span> <span class='ocrx_word' id='word_1_118' title='bbox 952 1214 982 1250; x_wconf 81' lang='lat' dir='ltr'><strong><em>G</em></strong></span> <span class='ocrx_word' id='word_1_119' title='bbox 993 1224 1077 1250; x_wconf 72' lang='lat' dir='ltr'><strong>aar.</strong></span> <span class='ocrx_word' id='word_1_120' title='bbox 1092 1225 1164 1250; x_wconf 83' lang='lat' dir='ltr'><strong>scr.</strong></span> <span class='ocrx_word' id='word_1_121' title='bbox 1220 1214 1380 1252; x_wconf 79' lang='lat' dir='ltr'><strong>attrahet</strong></span> <span class='ocrx_word' id='word_1_122' title='bbox 1413 1218 1496 1254; x_wconf 88' lang='lat' dir='ltr'><strong>Dm</strong></span> 
     </span>
     <span class='ocr_line' id='line_1_18' title="bbox 49 1262 1492 1316; baseline 0.004 -17"><span class='ocrx_word' id='word_1_123' title='bbox 49 1264 214 1312; x_wconf 69' lang='lat' dir='ltr'><strong>quinque.</strong></span> <span class='ocrx_word' id='word_1_124' title='bbox 254 1270 387 1301; x_wconf 83' lang='lat' dir='ltr'><strong>attraet</strong></span> <span class='ocrx_word' id='word_1_125' title='bbox 419 1265 458 1301; x_wconf 82' lang='lat' dir='ltr'><strong>G.</strong></span> <span class='ocrx_word' id='word_1_126' title='bbox 497 1263 656 1301; x_wconf 80' lang='lat' dir='ltr'><strong>attrabat</strong></span> <span class='ocrx_word' id='word_1_127' title='bbox 687 1263 892 1301; x_wconf 79' lang='lat' dir='ltr'><strong>GTalius.</strong></span> <span class='ocrx_word' id='word_1_128' title='bbox 937 1271 1020 1300; x_wconf 82' lang='lat' dir='ltr'><strong>attr.</strong></span> <span class='ocrx_word' id='word_1_129' title='bbox 1048 1263 1107 1299; x_wconf 89' lang='lat' dir='ltr'><strong>ille</strong></span> <span class='ocrx_word' id='word_1_130' title='bbox 1127 1262 1190 1300; x_wconf 90' lang='lat' dir='ltr'><strong>A.</strong></span> <span class='ocrx_word' id='word_1_131' title='bbox 1230 1272 1314 1303; x_wconf 80' lang='lat' dir='ltr'><strong>attr.</strong></span> <span class='ocrx_word' id='word_1_132' title='bbox 1342 1267 1418 1316; x_wconf 88' lang='lat' dir='ltr'><strong>ipse</strong></span> <span class='ocrx_word' id='word_1_133' title='bbox 1444 1280 1492 1305; x_wconf 86' lang='lat' dir='ltr'><strong>m.</strong></span> 
     </span>
     <span class='ocr_line' id='line_1_19' title="bbox 97 1312 1496 1366; baseline 0.004 -17"><span class='ocrx_word' id='word_1_134' title='bbox 97 1315 184 1351; x_wconf 82' lang='lat'><strong>831.</strong></span> <span class='ocrx_word' id='word_1_135' title='bbox 217 1317 293 1362; x_wconf 85' lang='lat' dir='ltr'><strong>Ita,</strong></span> <span class='ocrx_word' id='word_1_136' title='bbox 322 1315 428 1362; x_wconf 64' lang='lat' dir='ltr'><strong>cael„</strong></span> <span class='ocrx_word' id='word_1_137' title='bbox 455 1315 502 1350; x_wconf 92' lang='lat' dir='ltr'><strong>D.</strong></span> <span class='ocrx_word' id='word_1_138' title='bbox 527 1315 643 1351; x_wconf 90' lang='lat' dir='ltr'><strong>celum</strong></span> <span class='ocrx_word' id='word_1_139' title='bbox 671 1317 717 1351; x_wconf 86' lang='lat' dir='ltr'><strong>E.</strong></span> <span class='ocrx_word' id='word_1_140' title='bbox 766 1316 907 1350; x_wconf 84' lang='lat' dir='ltr'><strong>coelum</strong></span> <span class='ocrx_word' id='word_1_141' title='bbox 937 1312 997 1351; x_wconf 75' lang='lat' dir='ltr'><strong>G?</strong></span> <span class='ocrx_word' id='word_1_142' title='bbox 1021 1313 1074 1350; x_wconf 80' lang='lat' dir='ltr'><strong>ed.</strong></span> <span class='ocrx_word' id='word_1_143' title='bbox 1096 1314 1181 1350; x_wconf 83' lang='lat' dir='ltr'><strong>Elz.</strong></span> <span class='ocrx_word' id='word_1_144' title='bbox 1221 1316 1436 1366; x_wconf 80' lang='lat' dir='ltr'><strong>tabulasque</strong></span> <span class='ocrx_word' id='word_1_145' title='bbox 1463 1321 1496 1355; x_wconf 91' lang='lat' dir='ltr'><strong><em>F</em></strong></span> 
     </span>
     <span class='ocr_line' id='line_1_20' title="bbox 46 1363 1439 1415; baseline 0.003 -14"><span class='ocrx_word' id='word_1_146' title='bbox 46 1364 89 1400; x_wconf 91' lang='lat' dir='ltr'><strong><em>N</em></strong></span> <span class='ocrx_word' id='word_1_147' title='bbox 97 1363 192 1401; x_wconf 71' lang='lat' dir='ltr'><strong>Ohr</strong></span> <span class='ocrx_word' id='word_1_148' title='bbox 216 1376 296 1412; x_wconf 70' lang='lat' dir='ltr'><strong>sex,</strong></span> <span class='ocrx_word' id='word_1_149' title='bbox 322 1370 410 1401; x_wconf 69' lang='lat' dir='ltr'><strong>vett.</strong></span> <span class='ocrx_word' id='word_1_150' title='bbox 437 1364 491 1401; x_wconf 78' lang='lat' dir='ltr'><strong>ed.</strong></span> <span class='ocrx_word' id='word_1_151' title='bbox 531 1365 710 1401; x_wconf 88' lang='lat' dir='ltr'><strong>coloribus</strong></span> <span class='ocrx_word' id='word_1_152' title='bbox 735 1371 838 1414; x_wconf 83' lang='lat' dir='ltr'><strong>aptas</strong></span> <span class='ocrx_word' id='word_1_153' title='bbox 868 1367 909 1401; x_wconf 88' lang='grc' dir='ltr'><strong>Ε.</strong></span> <span class='ocrx_word' id='word_1_154' title='bbox 950 1365 1060 1401; x_wconf 91' lang='lat' dir='ltr'><strong>color.</strong></span> <span class='ocrx_word' id='word_1_155' title='bbox 1087 1365 1214 1414; x_wconf 78' lang='lat' dir='ltr'><strong>imples</strong></span> <span class='ocrx_word' id='word_1_156' title='bbox 1240 1378 1439 1415; x_wconf 56' lang='lat' dir='ltr'><strong>punnscr.</strong></span> 
     </span>
     <span class='ocr_line' id='line_1_21' title="bbox 95 1414 1493 1465; baseline 0.004 -14"><span class='ocrx_word' id='word_1_157' title='bbox 95 1416 183 1451; x_wconf 88' lang='grc'><strong>832.</strong></span> <span class='ocrx_word' id='word_1_158' title='bbox 214 1417 317 1452; x_wconf 71' lang='lat' dir='ltr'><strong>Ver-s.</strong></span> <span class='ocrx_word' id='word_1_159' title='bbox 342 1428 418 1452; x_wconf 83' lang='lat' dir='ltr'><strong>ma.</strong></span> <span class='ocrx_word' id='word_1_160' title='bbox 446 1428 516 1453; x_wconf 86' lang='lat' dir='ltr'><strong>sec.</strong></span> <span class='ocrx_word' id='word_1_161' title='bbox 543 1417 702 1465; x_wconf 75' lang='lat' dir='ltr'><strong>scriptus</strong></span> <span class='ocrx_word' id='word_1_162' title='bbox 726 1415 868 1452; x_wconf 73' lang='lat' dir='ltr'><strong>uidetur</strong></span> <span class='ocrx_word' id='word_1_163' title='bbox 892 1417 932 1451; x_wconf 76' lang='lat' dir='ltr'><strong>in</strong></span> <span class='ocrx_word' id='word_1_164' title='bbox 957 1417 1006 1451; x_wconf 91' lang='lat' dir='ltr'><strong>D.</strong></span> <span class='ocrx_word' id='word_1_165' title='bbox 1048 1414 1155 1451; x_wconf 86' lang='lat' dir='ltr'><strong>docta</strong></span> <span class='ocrx_word' id='word_1_166' title='bbox 1181 1417 1279 1452; x_wconf 81' lang='lat' dir='ltr'><strong>mitia</strong></span> <span class='ocrx_word' id='word_1_167' title='bbox 1305 1420 1355 1453; x_wconf 90' lang='lat' dir='ltr'><strong>D.</strong></span> <span class='ocrx_word' id='word_1_168' title='bbox 1397 1419 1493 1456; x_wconf 89' lang='lat' dir='ltr'><strong>mol-</strong></span> 
     </span>
     <span class='ocr_line' id='line_1_22' title="bbox 45 1463 1493 1508; baseline 0.003 -8"><span class='ocrx_word' id='word_1_169' title='bbox 45 1464 95 1500; x_wconf 88' lang='lat' dir='ltr'><strong>lia</strong></span> <span class='ocrx_word' id='word_1_170' title='bbox 129 1472 226 1502; x_wconf 85' lang='lat' dir='ltr'><strong>serta</strong></span> <span class='ocrx_word' id='word_1_171' title='bbox 260 1463 311 1503; x_wconf 77' lang='grc' dir='ltr'><strong>Ψ.</strong></span> <span class='ocrx_word' id='word_1_172' title='bbox 419 1468 506 1503; x_wconf 88' lang='grc'><strong>833.</strong></span> <span class='ocrx_word' id='word_1_173' title='bbox 541 1465 641 1503; x_wconf 87' lang='lat' dir='ltr'><strong>Mille</strong></span> <span class='ocrx_word' id='word_1_174' title='bbox 666 1466 757 1503; x_wconf 79' lang='lat' dir='ltr'><strong>haee</strong></span> <span class='ocrx_word' id='word_1_175' title='bbox 783 1473 837 1502; x_wconf 90' lang='lat' dir='ltr'><strong>est</strong></span> <span class='ocrx_word' id='word_1_176' title='bbox 870 1467 912 1502; x_wconf 88' lang='lat' dir='ltr'><strong>F.</strong></span> <span class='ocrx_word' id='word_1_177' title='bbox 960 1466 1127 1502; x_wconf 76' lang='lat' dir='ltr'><strong>carminis</strong></span> <span class='ocrx_word' id='word_1_178' title='bbox 1154 1465 1245 1502; x_wconf 79' lang='lat' dir='ltr'><strong>haec</strong></span> <span class='ocrx_word' id='word_1_179' title='bbox 1271 1475 1326 1503; x_wconf 88' lang='lat' dir='ltr'><strong>est</strong></span> <span class='ocrx_word' id='word_1_180' title='bbox 1355 1480 1388 1505; x_wconf 75' lang='lat' dir='ltr'><strong>r.</strong></span> <span class='ocrx_word' id='word_1_181' title='bbox 1437 1476 1493 1508; x_wconf 85' lang='lat' dir='ltr'><strong>est</strong></span> 
     </span>
     <span class='ocr_line' id='line_1_23' title="bbox 44 1513 1465 1557; baseline 0.005 -7"><span class='ocrx_word' id='word_1_182' title='bbox 44 1515 291 1553; x_wconf 66' lang='lat' dir='ltr'><strong>secundolae«)</strong></span> <span class='ocrx_word' id='word_1_183' title='bbox 311 1516 382 1553; x_wconf 77' lang='lat' dir='ltr'><strong><em>abi.</em></strong></span> <span class='ocrx_word' id='word_1_184' title='bbox 412 1517 457 1553; x_wconf 86' lang='grc'><strong>0.</strong></span> <span class='ocrx_word' id='word_1_185' title='bbox 559 1518 647 1553; x_wconf 86' lang='grc'><strong>834.</strong></span> <span class='ocrx_word' id='word_1_186' title='bbox 673 1516 769 1553; x_wconf 84' lang='lat' dir='ltr'><strong>stud.</strong></span> <span class='ocrx_word' id='word_1_187' title='bbox 797 1517 890 1553; x_wconf 84' lang='lat' dir='ltr'><strong>absit</strong></span> <span class='ocrx_word' id='word_1_188' title='bbox 918 1513 970 1553; x_wconf 82' lang='grc' dir='ltr'><strong>Φ.</strong></span> <span class='ocrx_word' id='word_1_189' title='bbox 1011 1516 1105 1553; x_wconf 84' lang='lat' dir='ltr'><strong>adsit</strong></span> <span class='ocrx_word' id='word_1_190' title='bbox 1128 1514 1169 1552; x_wconf 94' lang='grc' dir='ltr'><em>Γ</em></span> <span class='ocrx_word' id='word_1_191' title='bbox 1181 1517 1282 1555; x_wconf 73' lang='lat' dir='ltr'><strong>solus</strong></span> <span class='ocrx_word' id='word_1_192' title='bbox 1299 1530 1345 1554; x_wconf 73' lang='lat' dir='ltr'><strong>ex</strong></span> <span class='ocrx_word' id='word_1_193' title='bbox 1363 1522 1465 1557; x_wconf 70' lang='lat' dir='ltr'><strong>meis.</strong></span> 
     </span>
     <span class='ocr_line' id='line_1_24' title="bbox 96 1564 1491 1618; baseline 0.004 -17"><span class='ocrx_word' id='word_1_194' title='bbox 96 1566 186 1602; x_wconf 83' lang='lat'><strong>835.</strong></span> <span class='ocrx_word' id='word_1_195' title='bbox 212 1566 356 1602; x_wconf 89' lang='lat' dir='ltr'><strong>Coelius</strong></span> <span class='ocrx_word' id='word_1_196' title='bbox 377 1564 438 1604; x_wconf 74' lang='lat' dir='ltr'><strong>G?</strong></span> <span class='ocrx_word' id='word_1_197' title='bbox 478 1567 600 1604; x_wconf 88' lang='lat' dir='ltr'><strong>Celius</strong></span> <span class='ocrx_word' id='word_1_198' title='bbox 626 1567 766 1616; x_wconf 75' lang='lat' dir='ltr'><strong>reliqui,</strong></span> <span class='ocrx_word' id='word_1_199' title='bbox 793 1572 969 1616; x_wconf 79' lang='lat' dir='ltr'><strong>quantum</strong></span> <span class='ocrx_word' id='word_1_200' title='bbox 992 1569 1080 1614; x_wconf 76' lang='lat' dir='ltr'><strong>scio,</strong></span> <span class='ocrx_word' id='word_1_201' title='bbox 1106 1569 1299 1617; x_wconf 66' lang='lat' dir='ltr'><strong>utisupra.</strong></span> <span class='ocrx_word' id='word_1_202' title='bbox 1339 1582 1412 1618; x_wconf 80' lang='lat' dir='ltr'><strong>qua</strong></span> <span class='ocrx_word' id='word_1_203' title='bbox 1437 1571 1491 1607; x_wconf 90' lang='lat' dir='ltr'><strong>io-</strong></span> 
     </span>
     <span class='ocr_line' id='line_1_25' title="bbox 46 1615 1487 1667; baseline 0.005 -16"><span class='ocrx_word' id='word_1_204' title='bbox 46 1615 99 1651; x_wconf 89' lang='lat' dir='ltr'><strong>uis</strong></span> <span class='ocrx_word' id='word_1_205' title='bbox 126 1615 224 1653; x_wconf 89' lang='lat' dir='ltr'><strong>desc.</strong></span> <span class='ocrx_word' id='word_1_206' title='bbox 251 1619 285 1652; x_wconf 89' lang='lat' dir='ltr'><strong><em>E</em></strong></span> <span class='ocrx_word' id='word_1_207' title='bbox 300 1628 372 1652; x_wconf 85' lang='lat' dir='ltr'><strong>ma.</strong></span> <span class='ocrx_word' id='word_1_208' title='bbox 388 1628 445 1665; x_wconf 80' lang='lat' dir='ltr'><strong>pr.</strong></span> <span class='ocrx_word' id='word_1_209' title='bbox 484 1618 519 1653; x_wconf 88' lang='lat' dir='ltr'><strong>in</strong></span> <span class='ocrx_word' id='word_1_210' title='bbox 544 1630 681 1666; x_wconf 82' lang='lat' dir='ltr'><strong>aequor</strong></span> <span class='ocrx_word' id='word_1_211' title='bbox 707 1621 756 1662; x_wconf 83' lang='lat' dir='ltr'><strong>Z3</strong></span> <span class='ocrx_word' id='word_1_212' title='bbox 784 1621 858 1654; x_wconf 82' lang='lat' dir='ltr'><strong>Fm</strong></span> <span class='ocrx_word' id='word_1_213' title='bbox 876 1630 959 1655; x_wconf 67' lang='grc' dir='ltr'><strong>παν.</strong></span> <span class='ocrx_word' id='word_1_214' title='bbox 976 1629 1045 1654; x_wconf 87' lang='lat' dir='ltr'><strong>scr.</strong></span> <span class='ocrx_word' id='word_1_215' title='bbox 1084 1618 1119 1654; x_wconf 89' lang='lat' dir='ltr'><strong>in</strong></span> <span class='ocrx_word' id='word_1_216' title='bbox 1147 1630 1264 1667; x_wconf 82' lang='lat' dir='ltr'><strong>aequa</strong></span> <span class='ocrx_word' id='word_1_217' title='bbox 1296 1620 1325 1656; x_wconf 81' lang='lat' dir='ltr'><strong><em>G</em></strong></span> <span class='ocrx_word' id='word_1_218' title='bbox 1334 1623 1385 1656; x_wconf 90' lang='lat'><strong>20</strong></span> <span class='ocrx_word' id='word_1_219' title='bbox 1402 1625 1487 1658; x_wconf 82' lang='lat' dir='ltr'><strong>tres.</strong></span> 
     </span>
     <span class='ocr_line' id='line_1_26' title="bbox 96 1666 1488 1716; baseline 0.004 -15"><span class='ocrx_word' id='word_1_220' title='bbox 96 1667 182 1702; x_wconf 88' lang='lat'><strong>836.</strong></span> <span class='ocrx_word' id='word_1_221' title='bbox 211 1666 291 1702; x_wconf 89' lang='lat' dir='ltr'><strong>Huc</strong></span> <span class='ocrx_word' id='word_1_222' title='bbox 317 1667 379 1702; x_wconf 89' lang='lat' dir='ltr'><strong>ubi</strong></span> <span class='ocrx_word' id='word_1_223' title='bbox 403 1667 764 1716; x_wconf 81' lang='lat' dir='ltr'><strong>AEMPmma.pr.</strong></span> <span class='ocrx_word' id='word_1_224' title='bbox 793 1668 879 1713; x_wconf 65' lang='lat'><strong>«12:03</strong></span> <span class='ocrx_word' id='word_1_225' title='bbox 911 1670 1106 1705; x_wconf 81' lang='lat' dir='ltr'><strong>Guar.scr.</strong></span> <span class='ocrx_word' id='word_1_226' title='bbox 1150 1669 1251 1704; x_wconf 80' lang='lat' dir='ltr'><strong>Haec</strong></span> <span class='ocrx_word' id='word_1_227' title='bbox 1280 1671 1308 1706; x_wconf 71' lang='lat' dir='ltr'><strong>(J</strong></span> <span class='ocrx_word' id='word_1_228' title='bbox 1324 1682 1488 1709; x_wconf 83' lang='lat' dir='ltr'><strong>uar.scr.</strong></span> 
     </span>
     <span class='ocr_line' id='line_1_27' title="bbox 44 1716 1488 1766; baseline 0.003 -14"><span class='ocrx_word' id='word_1_229' title='bbox 44 1716 113 1752; x_wconf 90' lang='lat' dir='ltr'><strong>Hic</strong></span> <span class='ocrx_word' id='word_1_230' title='bbox 139 1716 201 1752; x_wconf 89' lang='lat' dir='ltr'><strong>tibi</strong></span> <span class='ocrx_word' id='word_1_231' title='bbox 234 1717 272 1755; x_wconf 80' lang='lat' dir='ltr'><strong>G,</strong></span> <span class='ocrx_word' id='word_1_232' title='bbox 315 1729 433 1766; x_wconf 83' lang='lat' dir='ltr'><strong>prope</strong></span> <span class='ocrx_word' id='word_1_233' title='bbox 460 1716 568 1766; x_wconf 86' lang='lat' dir='ltr'><strong>plena</strong></span> <span class='ocrx_word' id='word_1_234' title='bbox 593 1721 628 1754; x_wconf 93' lang='lat' dir='ltr'><strong><em>D</em></strong></span> <span class='ocrx_word' id='word_1_235' title='bbox 648 1731 721 1754; x_wconf 83' lang='lat' dir='ltr'><strong>ma.</strong></span> <span class='ocrx_word' id='word_1_236' title='bbox 740 1730 796 1766; x_wconf 82' lang='lat' dir='ltr'><strong>pr.</strong></span> <span class='ocrx_word' id='word_1_237' title='bbox 839 1725 894 1753; x_wconf 91' lang='lat' dir='ltr'><strong>est</strong></span> <span class='ocrx_word' id='word_1_238' title='bbox 918 1720 1034 1766; x_wconf 74' lang='lat' dir='ltr'><strong>primo</strong></span> <span class='ocrx_word' id='word_1_239' title='bbox 1061 1718 1136 1754; x_wconf 85' lang='lat' dir='ltr'><strong>loco</strong></span> <span class='ocrx_word' id='word_1_240' title='bbox 1162 1717 1232 1754; x_wconf 83' lang='lat' dir='ltr'><strong>abi.</strong></span> <span class='ocrx_word' id='word_1_241' title='bbox 1261 1722 1307 1766; x_wconf 89' lang='grc' dir='ltr'><strong>Ε,</strong></span> <span class='ocrx_word' id='word_1_242' title='bbox 1335 1721 1488 1758; x_wconf 76' lang='lat' dir='ltr'><strong>secundo</strong></span> 
     </span>
     <span class='ocr_line' id='line_1_28' title="bbox 44 1764 1486 1815; baseline 0.003 -12"><span class='ocrx_word' id='word_1_243' title='bbox 44 1778 166 1804; x_wconf 77' lang='lat' dir='ltr'><strong>omnes</strong></span> <span class='ocrx_word' id='word_1_244' title='bbox 191 1771 333 1815; x_wconf 78' lang='lat' dir='ltr'><strong>praeter</strong></span> <span class='ocrx_word' id='word_1_245' title='bbox 350 1765 387 1802; x_wconf 85' lang='lat' dir='ltr'><em>E</em></span> <span class='ocrx_word' id='word_1_246' title='bbox 394 1764 466 1803; x_wconf 86' lang='lat' dir='ltr'><strong>Hb</strong></span> <span class='ocrx_word' id='word_1_247' title='bbox 475 1767 554 1804; x_wconf 51' lang='lat'><strong><em>11141</em></strong></span> <span class='ocrx_word' id='word_1_248' title='bbox 574 1767 739 1804; x_wconf 76' lang='lat' dir='ltr'><strong>tredecim</strong></span> <span class='ocrx_word' id='word_1_249' title='bbox 764 1773 797 1804; x_wconf 82' lang='lat' dir='ltr'><strong>et</strong></span> <span class='ocrx_word' id='word_1_250' title='bbox 819 1772 906 1804; x_wconf 73' lang='lat' dir='ltr'><strong>vett.</strong></span> <span class='ocrx_word' id='word_1_251' title='bbox 925 1768 980 1806; x_wconf 75' lang='lat' dir='ltr'><strong>ed.</strong></span> <span class='ocrx_word' id='word_1_252' title='bbox 1082 1770 1168 1803; x_wconf 85' lang='grc'><strong>837.</strong></span> <span class='ocrx_word' id='word_1_253' title='bbox 1198 1768 1321 1805; x_wconf 76' lang='lat' dir='ltr'><strong>Pauca</strong></span> <span class='ocrx_word' id='word_1_254' title='bbox 1344 1771 1428 1807; x_wconf 88' lang='lat' dir='ltr'><strong>licet</strong></span> <span class='ocrx_word' id='word_1_255' title='bbox 1445 1774 1486 1808; x_wconf 89' lang='lat' dir='ltr'><strong>F.</strong></span> 
     </span>
     <span class='ocr_line' id='line_1_29' title="bbox 42 1816 1487 1869; baseline 0.004 -17"><span class='ocrx_word' id='word_1_256' title='bbox 42 1816 157 1853; x_wconf 81' lang='lat' dir='ltr'><strong>Plana</strong></span> <span class='ocrx_word' id='word_1_257' title='bbox 183 1818 266 1853; x_wconf 87' lang='lat' dir='ltr'><strong>licet</strong></span> <span class='ocrx_word' id='word_1_258' title='bbox 295 1818 326 1854; x_wconf 91' lang='grc'><strong>0</strong></span> <span class='ocrx_word' id='word_1_259' title='bbox 354 1817 438 1854; x_wconf 79' lang='lat' dir='ltr'><strong>duo.</strong></span> <span class='ocrx_word' id='word_1_260' title='bbox 488 1818 648 1867; x_wconf 80' lang='lat' dir='ltr'><strong>Templa</strong></span> <span class='ocrx_word' id='word_1_261' title='bbox 673 1819 757 1854; x_wconf 85' lang='lat' dir='ltr'><strong>licet</strong></span> <span class='ocrx_word' id='word_1_262' title='bbox 781 1816 822 1853; x_wconf 86' lang='lat' dir='ltr'><em>A</em></span> <span class='ocrx_word' id='word_1_263' title='bbox 829 1817 859 1864; x_wconf 64' lang='lat'><strong>1³.</strong></span> <span class='ocrx_word' id='word_1_264' title='bbox 910 1818 1030 1854; x_wconf 78' lang='lat' dir='ltr'><strong>uideas</strong></span> <span class='ocrx_word' id='word_1_265' title='bbox 1058 1819 1201 1867; x_wconf 81' lang='lat' dir='ltr'><strong>capitae</strong></span> <span class='ocrx_word' id='word_1_266' title='bbox 1225 1831 1250 1866; x_wconf 75' lang='lat' dir='ltr'><strong>p</strong></span> <span class='ocrx_word' id='word_1_267' title='bbox 1274 1822 1442 1869; x_wconf 68' lang='grc' dir='ltr'><strong><em>(μιὶηφιες</em></strong></span> <span class='ocrx_word' id='word_1_268' title='bbox 1466 1834 1487 1858; x_wconf 86' lang='lat' dir='ltr'><strong>s</strong></span> 
     </span>
     <span class='ocr_line' id='line_1_30' title="bbox 43 1868 1483 1920; baseline 0.004 -18"><span class='ocrx_word' id='word_1_269' title='bbox 43 1879 126 1904; x_wconf 75' lang='lat' dir='ltr'><strong>aar.</strong></span> <span class='ocrx_word' id='word_1_270' title='bbox 139 1879 209 1906; x_wconf 83' lang='lat' dir='ltr'><strong>scr.</strong></span> <span class='ocrx_word' id='word_1_271' title='bbox 267 1868 389 1904; x_wconf 78' lang='lat' dir='ltr'><strong>uideas</strong></span> <span class='ocrx_word' id='word_1_272' title='bbox 421 1868 538 1917; x_wconf 80' lang='lat' dir='ltr'><strong>pictae</strong></span> <span class='ocrx_word' id='word_1_273' title='bbox 573 1871 700 1904; x_wconf 81' lang='lat' dir='ltr'><strong>Buar.</strong></span> <span class='ocrx_word' id='word_1_274' title='bbox 717 1881 788 1905; x_wconf 87' lang='lat' dir='ltr'><strong>scr.</strong></span> <span class='ocrx_word' id='word_1_275' title='bbox 845 1868 968 1904; x_wconf 84' lang='lat' dir='ltr'><strong>uideas</strong></span> <span class='ocrx_word' id='word_1_276' title='bbox 1003 1875 1124 1904; x_wconf 80' lang='lat' dir='ltr'><strong>castae</strong></span> <span class='ocrx_word' id='word_1_277' title='bbox 1155 1881 1227 1904; x_wconf 84' lang='lat' dir='ltr'><strong>ms</strong></span> <span class='ocrx_word' id='word_1_278' title='bbox 1246 1873 1292 1905; x_wconf 89' lang='lat'><strong>33</strong></span> <span class='ocrx_word' id='word_1_279' title='bbox 1319 1874 1483 1920; x_wconf 74' lang='lat' dir='ltr'><strong>quinque.</strong></span> 
     </span>
     <span class='ocr_line' id='line_1_31' title="bbox 41 1916 1482 1967; baseline 0.004 -14"><span class='ocrx_word' id='word_1_280' title='bbox 41 1924 171 1967; x_wconf 80' lang='lat' dir='ltr'><strong>captae</strong></span> <span class='ocrx_word' id='word_1_281' title='bbox 200 1926 338 1954; x_wconf 84' lang='lat' dir='ltr'><strong>secreta</strong></span> <span class='ocrx_word' id='word_1_282' title='bbox 365 1919 449 1954; x_wconf 87' lang='lat' dir='ltr'><strong>min.</strong></span> <span class='ocrx_word' id='word_1_283' title='bbox 473 1916 513 1954; x_wconf 88' lang='lat' dir='ltr'><em>A</em></span> <span class='ocrx_word' id='word_1_284' title='bbox 522 1918 552 1964; x_wconf 76' lang='lat' dir='ltr'><strong>f.</strong></span> <span class='ocrx_word' id='word_1_285' title='bbox 594 1918 665 1954; x_wconf 87' lang='lat' dir='ltr'><strong>del.</strong></span> <span class='ocrx_word' id='word_1_286' title='bbox 695 1930 887 1955; x_wconf 82' lang='lat' dir='ltr'><strong>nemeruae</strong></span> <span class='ocrx_word' id='word_1_287' title='bbox 912 1930 1091 1967; x_wconf 74' lang='lat' dir='ltr'><strong>rma.pr.</strong></span> <span class='ocrx_word' id='word_1_288' title='bbox 1133 1919 1204 1955; x_wconf 89' lang='lat' dir='ltr'><strong>del.</strong></span> <span class='ocrx_word' id='word_1_289' title='bbox 1232 1919 1361 1957; x_wconf 82' lang='lat' dir='ltr'><strong>dianae</strong></span> <span class='ocrx_word' id='word_1_290' title='bbox 1386 1924 1482 1959; x_wconf 81' lang='lat' dir='ltr'><strong>DG.</strong></span> 
     </span>
     <span class='ocr_line' id='line_1_32' title="bbox 93 1968 1481 2019; baseline 0.004 -16"><span class='ocrx_word' id='word_1_291' title='bbox 93 1970 179 2004; x_wconf 86' lang='lat'><strong>838.</strong></span> <span class='ocrx_word' id='word_1_292' title='bbox 215 1968 404 2012; x_wconf 82' lang='lat' dir='ltr'><strong>Quaedam</strong></span> <span class='ocrx_word' id='word_1_293' title='bbox 441 1975 516 2005; x_wconf 84' lang='lat' dir='ltr'><strong>nat.</strong></span> <span class='ocrx_word' id='word_1_294' title='bbox 547 1973 562 2004; x_wconf 85' lang='lat' dir='ltr'><strong>t</strong></span> <span class='ocrx_word' id='word_1_295' title='bbox 588 1968 692 2018; x_wconf 81' lang='lat' dir='ltr'><strong>(puto</strong></span> <span class='ocrx_word' id='word_1_296' title='bbox 718 1981 781 2018; x_wconf 81' lang='lat' dir='ltr'><strong>per</strong></span> <span class='ocrx_word' id='word_1_297' title='bbox 806 1981 918 2017; x_wconf 84' lang='lat' dir='ltr'><strong>comp.</strong></span> <span class='ocrx_word' id='word_1_298' title='bbox 948 1981 1038 2017; x_wconf 80' lang='lat' dir='ltr'><strong>quae</strong></span> <span class='ocrx_word' id='word_1_299' title='bbox 1064 1971 1173 2005; x_wconf 75' lang='lat' dir='ltr'><strong>etiam</strong></span> <span class='ocrx_word' id='word_1_300' title='bbox 1200 1971 1236 2006; x_wconf 78' lang='lat' dir='ltr'><strong>in</strong></span> <span class='ocrx_word' id='word_1_301' title='bbox 1262 1973 1312 2016; x_wconf 86' lang='lat' dir='ltr'><strong>E)</strong></span> <span class='ocrx_word' id='word_1_302' title='bbox 1322 1985 1333 2015; x_wconf 92' lang='lat'><strong>,·</strong></span> <span class='ocrx_word' id='word_1_303' title='bbox 1358 1984 1382 2019; x_wconf 81' lang='lat' dir='ltr'><strong>p</strong></span> <span class='ocrx_word' id='word_1_304' title='bbox 1400 1984 1481 2009; x_wconf 71' lang='grc' dir='ltr'><strong>ναν.</strong></span> 
     </span>
     <span class='ocr_line' id='line_1_33' title="bbox 37 2016 1484 2069; baseline 0.003 -15"><span class='ocrx_word' id='word_1_305' title='bbox 37 2029 108 2055; x_wconf 70' lang='lat' dir='ltr'><strong>scr.</strong></span> <span class='ocrx_word' id='word_1_306' title='bbox 161 2020 256 2068; x_wconf 86' lang='lat' dir='ltr'><strong>cepit</strong></span> <span class='ocrx_word' id='word_1_307' title='bbox 282 2021 373 2055; x_wconf 89' lang='lat' dir='ltr'><strong>DE.</strong></span> <span class='ocrx_word' id='word_1_308' title='bbox 420 2020 530 2055; x_wconf 83' lang='lat' dir='ltr'><strong>abere</strong></span> <span class='ocrx_word' id='word_1_309' title='bbox 555 2016 603 2056; x_wconf 91' lang='grc' dir='ltr'><strong>Γ.</strong></span> <span class='ocrx_word' id='word_1_310' title='bbox 651 2032 755 2069; x_wconf 85' lang='lat' dir='ltr'><strong>coep.</strong></span> <span class='ocrx_word' id='word_1_311' title='bbox 783 2031 905 2055; x_wconf 84' lang='lat' dir='ltr'><strong>amare</strong></span> <span class='ocrx_word' id='word_1_312' title='bbox 928 2020 965 2055; x_wconf 88' lang='lat' dir='ltr'><strong><em>A</em></strong></span> <span class='ocrx_word' id='word_1_313' title='bbox 981 2031 1052 2055; x_wconf 78' lang='lat' dir='ltr'><strong>ma.</strong></span> <span class='ocrx_word' id='word_1_314' title='bbox 1067 2031 1123 2067; x_wconf 85' lang='lat' dir='ltr'><strong>pr.</strong></span> <span class='ocrx_word' id='word_1_315' title='bbox 1138 2022 1200 2056; x_wconf 79' lang='lat'><strong>43.</strong></span> <span class='ocrx_word' id='word_1_316' title='bbox 1309 2024 1395 2057; x_wconf 81' lang='lat'><strong>839.</strong></span> <span class='ocrx_word' id='word_1_317' title='bbox 1429 2029 1484 2059; x_wconf 85' lang='lat' dir='ltr'><strong>est</strong></span> 
     </span>
     <span class='ocr_line' id='line_1_34' title="bbox 38 2069 1483 2121; baseline 0.003 -16"><span class='ocrx_word' id='word_1_318' title='bbox 38 2080 109 2105; x_wconf 68' lang='lat' dir='ltr'><strong>ont.</strong></span> <span class='ocrx_word' id='word_1_319' title='bbox 133 2073 218 2105; x_wconf 76' lang='lat' dir='ltr'><strong>tres.</strong></span> <span class='ocrx_word' id='word_1_320' title='bbox 259 2081 429 2106; x_wconf 87' lang='lat' dir='ltr'><strong>uocemus</strong></span> <span class='ocrx_word' id='word_1_321' title='bbox 455 2073 514 2107; x_wconf 86' lang='lat' dir='ltr'><strong>M.</strong></span> <span class='ocrx_word' id='word_1_322' title='bbox 617 2072 703 2106; x_wconf 83' lang='lat'><strong>840.</strong></span> <span class='ocrx_word' id='word_1_323' title='bbox 731 2070 842 2106; x_wconf 87' lang='lat' dir='ltr'><strong>solers</strong></span> <span class='ocrx_word' id='word_1_324' title='bbox 868 2072 904 2106; x_wconf 90' lang='lat' dir='ltr'><strong><em>E</em></strong></span> <span class='ocrx_word' id='word_1_325' title='bbox 920 2069 973 2106; x_wconf 80' lang='lat' dir='ltr'><strong>ed.</strong></span> <span class='ocrx_word' id='word_1_326' title='bbox 989 2069 1084 2106; x_wconf 78' lang='lat' dir='ltr'><strong>Rub.</strong></span> <span class='ocrx_word' id='word_1_327' title='bbox 1187 2071 1274 2106; x_wconf 83' lang='lat'><strong>841.</strong></span> <span class='ocrx_word' id='word_1_328' title='bbox 1303 2073 1374 2107; x_wconf 88' lang='lat' dir='ltr'><strong>Aut</strong></span> <span class='ocrx_word' id='word_1_329' title='bbox 1398 2075 1483 2121; x_wconf 86' lang='lat' dir='ltr'><strong>quia</strong></span> 
     </span>
     <span class='ocr_line' id='line_1_35' title="bbox 37 2116 1480 2170; baseline 0.003 -15"><span class='ocrx_word' id='word_1_330' title='bbox 37 2116 411 2166; x_wconf 67' lang='lat' dir='ltr'><strong>FGOEPAEfrst</strong></span> <span class='ocrx_word' id='word_1_331' title='bbox 437 2122 606 2168; x_wconf 73' lang='lat' dir='ltr'><strong>quinqu03</strong></span> <span class='ocrx_word' id='word_1_332' title='bbox 633 2124 762 2157; x_wconf 76' lang='lat' dir='ltr'><strong>Euar.</strong></span> <span class='ocrx_word' id='word_1_333' title='bbox 779 2132 847 2157; x_wconf 78' lang='lat' dir='ltr'><strong>scr.</strong></span> <span class='ocrx_word' id='word_1_334' title='bbox 891 2120 1006 2156; x_wconf 69' lang='lat' dir='ltr'><strong>fertur</strong></span> <span class='ocrx_word' id='word_1_335' title='bbox 1031 2121 1107 2155; x_wconf 85' lang='lat' dir='ltr'><strong>sine</strong></span> <span class='ocrx_word' id='word_1_336' title='bbox 1133 2133 1282 2157; x_wconf 82' lang='lat' dir='ltr'><strong>munere</strong></span> <span class='ocrx_word' id='word_1_337' title='bbox 1308 2123 1419 2170; x_wconf 79' lang='lat' dir='ltr'><strong>patris</strong></span> <span class='ocrx_word' id='word_1_338' title='bbox 1443 2135 1480 2170; x_wconf 79' lang='lat'><strong>9.</strong></span> 
     </span>
     <span class='ocr_line' id='line_1_36' title="bbox 86 2168 1481 2219; baseline 0.003 -14"><span class='ocrx_word' id='word_1_339' title='bbox 86 2170 175 2205; x_wconf 85' lang='lat'><strong><em>842.</em></strong></span> <span class='ocrx_word' id='word_1_340' title='bbox 202 2170 260 2206; x_wconf 85' lang='lat' dir='ltr'><strong>Ex</strong></span> <span class='ocrx_word' id='word_1_341' title='bbox 285 2171 345 2206; x_wconf 83' lang='lat' dir='ltr'><strong>illo</strong></span> <span class='ocrx_word' id='word_1_342' title='bbox 371 2171 494 2206; x_wconf 81' lang='lat' dir='ltr'><strong>iubeat</strong></span> <span class='ocrx_word' id='word_1_343' title='bbox 517 2172 658 2207; x_wconf 87' lang='lat' dir='ltr'><strong>Vertice</strong></span> <span class='ocrx_word' id='word_1_344' title='bbox 683 2176 748 2208; x_wconf 82' lang='lat' dir='ltr'><strong>etc.</strong></span> <span class='ocrx_word' id='word_1_345' title='bbox 777 2168 824 2207; x_wconf 92' lang='grc' dir='ltr'><strong>Γ.</strong></span> <span class='ocrx_word' id='word_1_346' title='bbox 867 2171 968 2207; x_wconf 87' lang='lat' dir='ltr'><strong>Vert.</strong></span> <span class='ocrx_word' id='word_1_347' title='bbox 998 2178 1072 2206; x_wconf 89' lang='lat' dir='ltr'><strong>tum</strong></span> <span class='ocrx_word' id='word_1_348' title='bbox 1100 2169 1181 2219; x_wconf 87' lang='lat' dir='ltr'><strong>clip.</strong></span> <span class='ocrx_word' id='word_1_349' title='bbox 1202 2173 1249 2207; x_wconf 79' lang='lat' dir='ltr'><strong>A.</strong></span> <span class='ocrx_word' id='word_1_350' title='bbox 1290 2173 1481 2219; x_wconf 82' lang='lat' dir='ltr'><strong>prosiliisse</strong></span> 
     </span>
     <span class='ocr_line' id='line_1_37' title="bbox 36 2217 1480 2270; baseline 0.003 -14"><span class='ocrx_word' id='word_1_351' title='bbox 36 2217 424 2257; x_wconf 76' lang='lat' dir='ltr'><em>BMNOPAhms</em></span> <span class='ocrx_word' id='word_1_352' title='bbox 450 2221 598 2270; x_wconf 77' lang='lat' dir='ltr'><strong>aliquot.</strong></span> <span class='ocrx_word' id='word_1_353' title='bbox 702 2223 787 2258; x_wconf 77' lang='grc'><strong>843.</strong></span> <span class='ocrx_word' id='word_1_354' title='bbox 816 2223 887 2257; x_wconf 87' lang='lat' dir='ltr'><strong>Aut</strong></span> <span class='ocrx_word' id='word_1_355' title='bbox 913 2222 994 2270; x_wconf 80' lang='lat' dir='ltr'><strong>quia</strong></span> <span class='ocrx_word' id='word_1_356' title='bbox 1016 2219 1330 2257; x_wconf 70' lang='lat' dir='ltr'><strong>FGOEOAErt</strong></span> <span class='ocrx_word' id='word_1_357' title='bbox 1348 2225 1397 2257; x_wconf 78' lang='lat'><strong>40</strong></span> <span class='ocrx_word' id='word_1_358' title='bbox 1415 2235 1480 2260; x_wconf 67' lang='lat' dir='ltr'><strong>sea·</strong></span> 
     </span>
     <span class='ocr_line' id='line_1_38' title="bbox 36 2270 1476 2320; baseline 0.003 -14"><span class='ocrx_word' id='word_1_359' title='bbox 36 2275 102 2306; x_wconf 75' lang='lat' dir='ltr'><strong>aut</strong></span> <span class='ocrx_word' id='word_1_360' title='bbox 126 2270 326 2316; x_wconf 65' lang='lat' dir='ltr'><strong>dttodecirm</strong></span> <span class='ocrx_word' id='word_1_361' title='bbox 360 2274 491 2308; x_wconf 74' lang='lat' dir='ltr'><strong>Euar.</strong></span> <span class='ocrx_word' id='word_1_362' title='bbox 510 2284 579 2308; x_wconf 80' lang='lat' dir='ltr'><strong>scr.</strong></span> <span class='ocrx_word' id='word_1_363' title='bbox 632 2272 720 2308; x_wconf 89' lang='lat' dir='ltr'><strong>Siue</strong></span> <span class='ocrx_word' id='word_1_364' title='bbox 754 2272 851 2320; x_wconf 88' lang='lat' dir='ltr'><strong>quod</strong></span> <span class='ocrx_word' id='word_1_365' title='bbox 888 2272 996 2320; x_wconf 84' lang='lat' dir='ltr'><strong>(quia</strong></span> <span class='ocrx_word' id='word_1_366' title='bbox 1022 2273 1098 2315; x_wconf 80' lang='lat'><strong>41)</strong></span> <span class='ocrx_word' id='word_1_367' title='bbox 1132 2284 1153 2307; x_wconf 82' lang='lat' dir='ltr'>a</span> <span class='ocrx_word' id='word_1_368' title='bbox 1183 2272 1324 2308; x_wconf 84' lang='lat' dir='ltr'><strong>domitis</strong></span> <span class='ocrx_word' id='word_1_369' title='bbox 1351 2270 1398 2308; x_wconf 89' lang='grc' dir='ltr'><em>Π</em></span> <span class='ocrx_word' id='word_1_370' title='bbox 1415 2275 1476 2310; x_wconf 89' lang='grc'><strong>41.</strong></span> 
     </span>
     <span class='ocr_line' id='line_1_39' title="bbox 36 2321 1479 2370; baseline 0.003 -14"><span class='ocrx_word' id='word_1_371' title='bbox 36 2321 122 2368; x_wconf 84' lang='lat' dir='ltr'><strong>quia</strong></span> <span class='ocrx_word' id='word_1_372' title='bbox 147 2322 386 2370; x_wconf 85' lang='lat' dir='ltr'><strong>praedomitis.</strong></span> <span class='ocrx_word' id='word_1_373' title='bbox 403 2325 476 2358; x_wconf 91' lang='lat' dir='ltr'><strong>Ps.</strong></span> <span class='ocrx_word' id='word_1_374' title='bbox 585 2323 672 2358; x_wconf 84' lang='lat'><strong>844.</strong></span> <span class='ocrx_word' id='word_1_375' title='bbox 710 2322 816 2358; x_wconf 85' lang='lat' dir='ltr'><strong>Venit</strong></span> <span class='ocrx_word' id='word_1_376' title='bbox 842 2328 879 2358; x_wconf 91' lang='lat' dir='ltr'><strong>et</strong></span> <span class='ocrx_word' id='word_1_377' title='bbox 904 2322 1043 2370; x_wconf 83' lang='lat' dir='ltr'><strong>imperii</strong></span> <span class='ocrx_word' id='word_1_378' title='bbox 1070 2322 1136 2357; x_wconf 84' lang='lat' dir='ltr'><strong>litt.</strong></span> <span class='ocrx_word' id='word_1_379' title='bbox 1163 2334 1269 2358; x_wconf 79' lang='lat' dir='ltr'><strong>unus.</strong></span> <span class='ocrx_word' id='word_1_380' title='bbox 1309 2325 1382 2367; x_wconf 85' lang='lat' dir='ltr'><strong>Ita,</strong></span> <span class='ocrx_word' id='word_1_381' title='bbox 1410 2323 1479 2360; x_wconf 86' lang='lat' dir='ltr'><strong>hoc</strong></span> 
     </span>
     <span class='ocr_line' id='line_1_40' title="bbox 36 2369 1478 2421; baseline 0.004 -17"><span class='ocrx_word' id='word_1_382' title='bbox 36 2369 153 2418; x_wconf 83' lang='lat' dir='ltr'><strong>ipsum</strong></span> <span class='ocrx_word' id='word_1_383' title='bbox 179 2372 298 2408; x_wconf 85' lang='lat' dir='ltr'><strong>littera</strong></span> <span class='ocrx_word' id='word_1_384' title='bbox 324 2373 456 2421; x_wconf 80' lang='lat' dir='ltr'><strong>prisca,</strong></span> <span class='ocrx_word' id='word_1_385' title='bbox 488 2375 608 2409; x_wconf 81' lang='lat' dir='ltr'><strong>BDm</strong></span> <span class='ocrx_word' id='word_1_386' title='bbox 621 2376 665 2408; x_wconf 85' lang='lat'><strong>13</strong></span> <span class='ocrx_word' id='word_1_387' title='bbox 676 2375 723 2408; x_wconf 86' lang='lat'><strong>33</strong></span> <span class='ocrx_word' id='word_1_388' title='bbox 750 2384 832 2417; x_wconf 57' lang='lat' dir='ltr'><strong>scm</strong></span> <span class='ocrx_word' id='word_1_389' title='bbox 861 2373 890 2408; x_wconf 82' lang='lat' dir='ltr'><strong><em>G</em></strong></span> <span class='ocrx_word' id='word_1_390' title='bbox 905 2384 986 2408; x_wconf 72' lang='lat' dir='ltr'><strong>enar.</strong></span> <span class='ocrx_word' id='word_1_391' title='bbox 1005 2383 1075 2408; x_wconf 84' lang='lat' dir='ltr'><strong>scr.</strong></span> <span class='ocrx_word' id='word_1_392' title='bbox 1122 2372 1191 2407; x_wconf 84' lang='lat' dir='ltr'><strong>hoc</strong></span> <span class='ocrx_word' id='word_1_393' title='bbox 1216 2373 1332 2421; x_wconf 85' lang='lat' dir='ltr'><strong>ipsum</strong></span> <span class='ocrx_word' id='word_1_394' title='bbox 1358 2375 1478 2410; x_wconf 79' lang='lat' dir='ltr'><strong>littera</strong></span> 
     </span>
     <span class='ocr_line' id='line_1_41' title="bbox 36 2420 1478 2471; baseline 0.003 -16"><span class='ocrx_word' id='word_1_395' title='bbox 36 2420 151 2468; x_wconf 83' lang='lat' dir='ltr'><strong>prima</strong></span> <span class='ocrx_word' id='word_1_396' title='bbox 180 2423 304 2458; x_wconf 73' lang='lat'><strong>(1520</strong></span> <span class='ocrx_word' id='word_1_397' title='bbox 329 2421 416 2467; x_wconf 64' lang='lat' dir='ltr'><strong>dum</strong></span> <span class='ocrx_word' id='word_1_398' title='bbox 441 2425 478 2459; x_wconf 90' lang='lat' dir='ltr'><strong><em>D</em></strong></span> <span class='ocrx_word' id='word_1_399' title='bbox 497 2435 576 2460; x_wconf 75' lang='lat' dir='ltr'><strong>aar.</strong></span> <span class='ocrx_word' id='word_1_400' title='bbox 597 2435 667 2460; x_wconf 81' lang='lat' dir='ltr'><strong>scr.</strong></span> <span class='ocrx_word' id='word_1_401' title='bbox 713 2422 782 2458; x_wconf 83' lang='lat' dir='ltr'><strong>hoc</strong></span> <span class='ocrx_word' id='word_1_402' title='bbox 807 2423 948 2470; x_wconf 84' lang='lat' dir='ltr'><strong>signum</strong></span> <span class='ocrx_word' id='word_1_403' title='bbox 975 2423 1095 2458; x_wconf 82' lang='lat' dir='ltr'><strong>littera</strong></span> <span class='ocrx_word' id='word_1_404' title='bbox 1120 2423 1238 2471; x_wconf 83' lang='lat' dir='ltr'><strong>prisca</strong></span> <span class='ocrx_word' id='word_1_405' title='bbox 1261 2435 1368 2460; x_wconf 72' lang='lat' dir='ltr'><strong>unus.</strong></span> <span class='ocrx_word' id='word_1_406' title='bbox 1407 2423 1478 2460; x_wconf 85' lang='lat' dir='ltr'><strong>hoc</strong></span> 
     </span>
     <span class='ocr_line' id='line_1_42' title="bbox 34 2469 1475 2523; baseline 0.004 -19"><span class='ocrx_word' id='word_1_407' title='bbox 34 2469 175 2517; x_wconf 84' lang='lat' dir='ltr'><strong>signum</strong></span> <span class='ocrx_word' id='word_1_408' title='bbox 207 2472 326 2509; x_wconf 86' lang='lat' dir='ltr'><strong>littera</strong></span> <span class='ocrx_word' id='word_1_409' title='bbox 358 2473 476 2522; x_wconf 84' lang='lat' dir='ltr'><strong>prima</strong></span> <span class='ocrx_word' id='word_1_410' title='bbox 502 2472 544 2509; x_wconf 89' lang='lat' dir='ltr'><em>A</em></span> <span class='ocrx_word' id='word_1_411' title='bbox 558 2485 711 2511; x_wconf 81' lang='lat' dir='ltr'><strong>ma.sec.</strong></span> <span class='ocrx_word' id='word_1_412' title='bbox 730 2470 798 2509; x_wconf 71' lang='grc' dir='ltr'><strong>ΣΙι</strong></span> <span class='ocrx_word' id='word_1_413' title='bbox 822 2477 977 2521; x_wconf 75' lang='lat' dir='ltr'><strong>quattwr</strong></span> <span class='ocrx_word' id='word_1_414' title='bbox 1001 2476 1035 2508; x_wconf 80' lang='lat' dir='ltr'><strong>et</strong></span> <span class='ocrx_word' id='word_1_415' title='bbox 1060 2476 1145 2508; x_wconf 79' lang='lat' dir='ltr'><strong>uett.</strong></span> <span class='ocrx_word' id='word_1_416' title='bbox 1175 2472 1228 2509; x_wconf 85' lang='lat' dir='ltr'><strong>ed.</strong></span> <span class='ocrx_word' id='word_1_417' title='bbox 1279 2473 1349 2510; x_wconf 85' lang='lat' dir='ltr'><strong>hoc</strong></span> <span class='ocrx_word' id='word_1_418' title='bbox 1372 2474 1475 2523; x_wconf 82' lang='lat' dir='ltr'><strong>signo</strong></span> 
     </span>
     <span class='ocr_line' id='line_1_43' title="bbox 34 2520 1475 2572; baseline 0.005 -17"><span class='ocrx_word' id='word_1_419' title='bbox 34 2520 162 2556; x_wconf 83' lang='lat' dir='ltr'><strong>sinaba</strong></span> <span class='ocrx_word' id='word_1_420' title='bbox 185 2522 301 2570; x_wconf 79' lang='lat' dir='ltr'><strong>prima</strong></span> <span class='ocrx_word' id='word_1_421' title='bbox 326 2525 370 2559; x_wconf 89' lang='grc' dir='ltr'><strong><em>Ν</em></strong></span> <span class='ocrx_word' id='word_1_422' title='bbox 377 2527 424 2559; x_wconf 83' lang='lat'><strong>12</strong></span> <span class='ocrx_word' id='word_1_423' title='bbox 451 2523 541 2569; x_wconf 62' lang='lat' dir='ltr'><strong>dum</strong></span> <span class='ocrx_word' id='word_1_424' title='bbox 568 2526 602 2560; x_wconf 86' lang='lat' dir='ltr'>F</span> <span class='ocrx_word' id='word_1_425' title='bbox 618 2535 700 2563; x_wconf 72' lang='lat' dir='ltr'><strong>aar.</strong></span> <span class='ocrx_word' id='word_1_426' title='bbox 717 2535 789 2560; x_wconf 82' lang='lat' dir='ltr'><strong>scr.</strong></span> <span class='ocrx_word' id='word_1_427' title='bbox 829 2523 899 2559; x_wconf 90' lang='lat' dir='ltr'><strong>hoc</strong></span> <span class='ocrx_word' id='word_1_428' title='bbox 923 2522 1033 2567; x_wconf 80' lang='lat' dir='ltr'><strong>(haec</strong></span> <span class='ocrx_word' id='word_1_429' title='bbox 1063 2520 1115 2569; x_wconf 78' lang='lat' dir='ltr'><strong>G)</strong></span> <span class='ocrx_word' id='word_1_430' title='bbox 1140 2523 1243 2571; x_wconf 84' lang='lat' dir='ltr'><strong>signo</strong></span> <span class='ocrx_word' id='word_1_431' title='bbox 1268 2524 1389 2562; x_wconf 81' lang='lat' dir='ltr'><strong>littera</strong></span> <span class='ocrx_word' id='word_1_432' title='bbox 1414 2525 1475 2572; x_wconf 84' lang='lat' dir='ltr'><strong>(li-</strong></span> 
     </span>
     <span class='ocr_line' id='line_1_44' title="bbox 0 2572 1479 2622; baseline 0.003 -16"><span class='ocrx_word' id='word_1_433' title='bbox 0 2575 10 2611; x_wconf 59' lang='lat' dir='ltr'>fi</span> <span class='ocrx_word' id='word_1_434' title='bbox 34 2575 113 2607; x_wconf 79' lang='lat' dir='ltr'><strong>tera</strong></span> <span class='ocrx_word' id='word_1_435' title='bbox 139 2572 240 2618; x_wconf 86' lang='lat' dir='ltr'><strong>EG)</strong></span> <span class='ocrx_word' id='word_1_436' title='bbox 265 2573 382 2622; x_wconf 83' lang='lat' dir='ltr'><strong>prima</strong></span> <span class='ocrx_word' id='word_1_437' title='bbox 407 2576 550 2613; x_wconf 64' lang='lat' dir='ltr'><strong>caeteri.</strong></span> <span class='ocrx_word' id='word_1_438' title='bbox 593 2573 714 2612; x_wconf 76' lang='lat' dir='ltr'><strong>Gloss.</strong></span> <span class='ocrx_word' id='word_1_439' title='bbox 732 2575 787 2610; x_wconf 87' lang='lat' dir='ltr'><strong>D:</strong></span> <span class='ocrx_word' id='word_1_440' title='bbox 812 2572 945 2621; x_wconf 84' lang='lat' dir='ltr'><strong>littera]</strong></span> <span class='ocrx_word' id='word_1_441' title='bbox 972 2573 1119 2610; x_wconf 82' lang='lat' dir='ltr'><strong>annales</strong></span> <span class='ocrx_word' id='word_1_442' title='bbox 1146 2574 1264 2622; x_wconf 80' lang='lat' dir='ltr'><strong>prisci.</strong></span> <span class='ocrx_word' id='word_1_443' title='bbox 1476 2577 1479 2581; x_wconf 80' lang='grc'><strong>’</strong></span> 
     </span>
     <span class='ocr_line' id='line_1_45' title="bbox 82 2632 1166 2670; baseline 0.008 -9"><span class='ocrx_word' id='word_1_444' title='bbox 82 2632 141 2665; x_wconf 85' lang='lat' dir='ltr'><strong>Ou.</strong></span> <span class='ocrx_word' id='word_1_445' title='bbox 161 2633 254 2666; x_wconf 75' lang='lat' dir='ltr'><strong>Fasti.</strong></span> <span class='ocrx_word' id='word_1_446' title='bbox 1118 2636 1166 2670; x_wconf 86' lang='lat'><strong>10</strong></span> 
     </span>
    </p>
   </div>
  </div>
 </body>
</html>
