1685 2954
171 128 256 172 260
730 139 1048 172 rasa-onvm

284 242 403 283 Haec
430 247 548 281 aetas
577 239 725 282 bellum
752 239 914 294 suadet,
943 245 987 281 at
1014 240 1082 281 illa
1110 240 1227 295 gerit.

231 310 304 351 Sic
332 308 492 361 statuit,
517 320 764 362 mensesque
789 314 886 350 nota
914 309 1094 350 secreuit
1122 307 1288 349 eadem:

286 376 424 416 Iunius
453 382 520 417 est
546 376 755 429 iuuenum,
795 375 864 429 qui
892 375 968 417 fuit
997 382 1118 430 ante,
1154 387 1310 417 senum.

231 444 357 484 Dixit.
396 449 440 484 et
465 443 507 484 in
534 444 646 484 litem
674 444 810 485 studio
840 444 1072 486 certaminis
1099 442 1232 485 issent

290 512 430 565 Atque
459 511 517 551 ira
545 511 680 564 pietas
707 509 960 552 dissimulata
988 511 1109 551 foret:
1564 517 1617 551 90

233 579 362 620 Venit
388 578 602 632 Apollinea
629 580 776 633 longas
805 578 1035 620 Concordia
1062 579 1175 619 lauro

286 648 413 688 Nexa
441 658 595 699 comas,
624 643 772 700 placidi
799 657 949 685 numen
976 656 1161 698 opusque
1189 639 1318 686 d'ucis.

232 715 352 755 Haec
378 713 447 754 ubi
475 713 651 754 narrauit
679 710 842 752 Tatium
871 711 1099 764 sortemque
1128 709 1336 762 Quirinum

289 782 473 833 Binaque
501 792 594 821 cum
623 779 784 832 populis
811 790 941 832 regna
970 778 1110 818 coisse
1138 778 1239 831 suis,

232 849 289 889 Et
315 848 400 888 lare
429 846 634 888 communi
662 857 832 886 soceros
861 856 1121 899 generosque
1150 852 1356 900 receptos,
1565 851 1617 887 95

286 915 364 955 His
391 927 539 954 nomen
565 913 718 954 iunctis
744 911 896 965 Iunius,
925 912 1066 965 inquit,
1095 912 1233 953 habet.

229 979 353 1022 Dicta
380 979 526 1033 triplex
555 992 684 1021 causa
713 985 791 1020 est.
831 984 874 1020 at
900 991 978 1019 uos
1005 980 1225 1034 ignoscite,
1254 981 1395 1022 diuae:

287 1048 378 1089 Res
408 1053 474 1088 est
500 1047 663 1088 arbitrio
690 1060 773 1088 non
802 1046 1026 1087 dirimenda
1053 1059 1158 1089 meo,

235 1115 298 1155 Ite
327 1127 449 1167 pares
478 1127 505 1155 a
532 1126 611 1155 me.
647 1115 856 1168 perierunt
883 1113 1020 1155 iudice
1048 1115 1201 1156 formae
1684 1164 1685 1170 ¹

289 1183 503 1237 Pergama.
542 1182 635 1236 plus
664 1182 844 1236 laedunt,
874 1194 994 1236 quam
1021 1182 1135 1224 iuuet
1163 1194 1256 1235 una,
1286 1182 1403 1224 duae.
1539 1189 1619 1223 100
1684 1178 1685 1186 ¹

235 1314 372 1357 Prima
400 1314 490 1356 dies
518 1315 604 1369 tibi,
636 1315 784 1368 Cama,
815 1314 944 1356 datur.
982 1316 1072 1357 Dea
1100 1315 1276 1358 cardinis
1305 1317 1412 1358 haec
1441 1321 1525 1357 est:

292 1383 469 1424 Numine
497 1383 639 1424 clausa
667 1382 810 1437 aperit,
838 1382 992 1424 claudit
1019 1391 1162 1438 aperta
1191 1397 1280 1425 suo.

236 1451 360 1493 Vnde
387 1450 508 1492 datas
532 1451 684 1491 habeat
711 1452 832 1504 uires,
861 1451 1069 1493 obscurior
1097 1463 1202 1491 aeuo

234 1547 296 1583 86.
323 1546 404 1582 Nec
428 1545 605 1594 bma.pr.
637 1549 713 1591 Ita,
741 1545 870 1582 suadet
896 1552 934 1582 at
959 1545 1018 1582 illa
1045 1545 1150 1594 gerit,
1180 1542 1266 1581 DN
1277 1542 1395 1581 ΨΛδ
1416 1548 1570 1593 quatuor
1588 1549 1622 1581 ct

183 1597 263 1634 cdd.
281 1596 367 1633 Am.
385 1599 492 1645 prim.
511 1595 662 1632 Med-iol.
714 1596 840 1632 suadet
867 1603 904 1632 at
932 1596 990 1632 illa
1017 1602 1120 1644 gerat
1145 1598 1195 1631 M
1212 1607 1294 1631 aar.
1311 1606 1382 1632 scr.
1436 1595 1563 1631 suadet
1587 1601 1623 1632 et

185 1648 247 1684 illa
279 1648 371 1696 gerit
395 1658 519 1684 mma.
535 1658 603 1683 sec.
621 1658 640 1682 s
659 1649 823 1682 122022
835 1649 882 1681 33
911 1651 1078 1695 quatuor.
1127 1644 1255 1681 suadet
1288 1645 1349 1681 illa
1382 1645 1473 1693 gerit
1498 1657 1535 1681 m
1549 1657 1623 1682 ma.

183 1709 242 1747 pr.
272 1699 436 1746 quinque.
479 1697 584 1732 sudet
610 1702 646 1732 et
671 1697 730 1732 illa
757 1697 848 1745 gerit
873 1695 903 1742 Γ.
943 1696 1072 1732 suadet
1098 1701 1134 1732 et
1159 1695 1220 1731 illa
1245 1702 1348 1743 gerat
1372 1699 1457 1731 tres.
1495 1695 1624 1732 suadet

187 1748 249 1784 illa
275 1754 377 1796 gerat
406 1746 563 1782 totidem.
615 1746 743 1782 suadet
776 1752 816 1782 ut
840 1747 900 1782 illa
933 1752 1034 1794 gerat
1065 1745 1136 1783 duo
1161 1750 1195 1782 et
1221 1745 1299 1782 edd.
1321 1745 1416 1782 Rub.
1439 1748 1514 1782 Vic.
1537 1747 1623 1784 Ven.

185 1797 338 1834 suadeat
362 1797 424 1833 illa
450 1803 553 1845 gerat
580 1798 640 1844 qm‘.
664 1801 814 1840 restant,
841 1797 1014 1842 2)4iuter
1032 1797 1170 1846 passim
1187 1795 1350 1833 collatos.
1450 1797 1512 1832 87.
1539 1802 1624 1832 nota
1664 1831 1669 1837 ,

187 1848 347 1884 decreuit
369 1850 410 1884 F.
514 1848 575 1882 88.
603 1846 676 1889 Qui
701 1847 770 1882 suit
795 1852 879 1883 ante
902 1859 1028 1883 senum
1054 1847 1171 1882 iunius
1195 1853 1250 1883 est
1275 1847 1448 1883 iuuenum
1465 1845 1527 1884 A.
1565 1846 1623 1883 lu-

186 1899 266 1934 nius
293 1898 350 1933 hic
373 1899 448 1933 iun.
477 1900 522 1933 Z.
625 1898 686 1933 89.
720 1897 754 1932 in
781 1903 921 1946 partem
950 1899 1009 1933 17.
1061 1903 1149 1933 cert.
1177 1903 1296 1933 essent
1322 1899 1358 1932 Β
1375 1909 1447 1934 ma.
1466 1908 1524 1946 pr.

238 1951 299 1985 90.
336 1948 506 1996 Dumque
540 1947 593 1982 ira
619 1959 654 1982 m
671 1959 745 1983 ma.
761 1959 817 1996 pr.
868 1948 986 1996 Atque
1018 1947 1068 1983 ita
1094 1950 1216 1984 Εἠια.
1232 1960 1288 1996 pr.
1337 1947 1420 1984 diss.
1446 1947 1544 1984 fores
1567 1943 1623 1985 A.

187 1997 271 2034 diss.
297 1998 366 2033 fuit
391 2010 423 2034 s.
533 1999 594 2033 92.
634 1998 753 2045 placiti
784 1999 828 2034 G.
878 1999 971 2046 plac.
999 2010 1129 2033 munus
1156 2010 1217 2046 op.
1244 1995 1391 2035 ΛΨΊ.
1433 1997 1528 2048 plac.
1554 2009 1623 2034 no-

189 2060 271 2084 men
298 2061 321 2097 p
338 2059 421 2086 uar-
438 2059 507 2084 scr.
549 2060 619 2096 que
646 2047 704 2083 dei
732 2050 791 2084 14.
830 2048 951 2085 Gloss.
974 2047 1089 2097 ducis]
1116 2049 1255 2095 augusti
1282 2051 1355 2085 Er.
1457 2050 1518 2084 93.
1544 2047 1623 2083 Nec

189 2098 209 2133 b
224 2111 297 2135 nia.
311 2111 366 2148 pr.
407 2099 560 2133 narrarit
587 2110 616 2133 e.
660 2098 790 2133 melum
819 2101 854 2134 D
869 2100 941 2134 Ge.
982 2100 1127 2134 tacitum
1149 2102 1270 2135 Ema.
1285 2111 1340 2148 pr.
1358 2098 1388 2145 Γ.
1428 2099 1540 2135 titium
1559 2099 1621 2134 44.

239 2151 300 2184 94.
330 2161 410 2184 cum
436 2160 549 2196 supra
576 2148 639 2184 lin.
668 2151 711 2184 E.
761 2161 848 2198 pop.
877 2149 977 2197 signa
1004 2148 1086 2185 duo.
1134 2161 1247 2198 regna
1272 2150 1368 2185 coire
1390 2148 1409 2185 b
1427 2161 1500 2185 ma.
1516 2159 1572 2196 pr.

241 2200 302 2235 95.
331 2211 460 2236 comm.
489 2211 639 2245 generos
666 2209 882 2248 socerosque
913 2201 1026 2235 G'I's.
1129 2201 1191 2235 96.
1225 2199 1300 2235 Hiis
1325 2202 1370 2237 E.
1409 2199 1472 2234 His
1497 2197 1624 2234 iunctis

191 2262 321 2287 nomen
348 2249 423 2285 iun.
450 2246 566 2285 ΜΨ.
612 2261 741 2285 nomen
776 2249 917 2298 populis
943 2250 1017 2285 iun.
1045 2252 1128 2286 123.
1178 2249 1301 2298 inquid
1328 2252 1449 2286 Ema.
1465 2259 1522 2296 pr.

240 2302 302 2336 97.
330 2305 384 2335 est
409 2305 446 2335 et
472 2312 537 2335 uos
563 2311 592 2335 e.
638 2300 710 2347 ign.
740 2299 919 2348 nymphae
945 2302 1006 2336 20.
1107 2301 1170 2337 98.
1205 2299 1290 2336 Non
1316 2305 1371 2336 est
1395 2298 1540 2335 arbitrio
1566 2310 1623 2335 res

191 2350 259 2386 dir.
283 2353 326 2386 Τ.
368 2350 442 2387 Res
470 2361 566 2386 nunc
591 2349 735 2385 arbitrio
758 2357 812 2386 est
834 2362 904 2386 non
922 2353 964 2386 Ε.
1005 2355 1062 2387 est
1081 2350 1211 2386 iudicio
1234 2352 1351 2386 1220.
1390 2361 1425 2384 n.
1447 2347 1623 2385 diruenda

192 2412 222 2436 e.
261 2401 327 2435 dir.
347 2411 427 2435 mea
451 2403 509 2436 τῖ’
524 2399 591 2436 dir.
611 2412 676 2435 suo
695 2412 863 2449 smmpr.
963 2401 1024 2437 99.
1051 2412 1156 2450 pares
1182 2400 1288 2436 diuae
1314 2398 1439 2447 perier.
1462 2400 1505 2434 E.
1541 2410 1622 2447 per.

192 2450 308 2485 indice
339 2452 385 2486 G.
489 2452 574 2486 100.
601 2449 775 2498 Pergame
802 2462 901 2487 rma.
913 2462 969 2498 pr.
1002 2453 1078 2494 Ita,
1104 2452 1214 2493 iuuet,
1242 2445 1620 2486 BDGNHma.sec.

197 2499 405 2537 Tbrssszz
431 2505 562 2549 septem
586 2505 620 2536 et
643 2500 752 2547 yloss.
773 2501 801 2537 G
825 2512 939 2549 supra
959 2500 1019 2537 ad.
1037 2502 1075 2548 5,
1097 2503 1180 2537 110.
1222 2499 1320 2535 iuuat
1344 2498 1471 2546 reliqui
1496 2500 1622 2547 scripti

193 2555 227 2587 ct
252 2554 336 2585 neit.
362 2550 416 2586 ed.
457 2563 528 2587 una
554 2550 644 2587 (leae
672 2552 704 2585 F
718 2562 797 2587 nar.
813 2563 883 2587 scr.
988 2553 1072 2587 101.
1100 2551 1161 2586 tibi
1185 2548 1292 2584 carda
1317 2561 1337 2584 r
1352 2561 1424 2585 ma.
1446 2560 1504 2597 pr-
1529 2560 1621 2586 corr.

194 2600 263 2636 dea
289 2601 452 2636 carminis
481 2599 567 2637 ΡΨ
589 2601 697 2637 auus.
807 2604 892 2637 102.
929 2600 1106 2637 Numinae
1133 2602 1177 2636 Ε.
1281 2601 1365 2635 103.
1399 2599 1502 2635 datas
1528 2598 1621 2634 uires

195 2650 305 2685 habet
329 2654 383 2685 est
409 2651 505 2686 obse.
525 2648 581 2686 Π.
623 2651 697 2687 dat.
723 2651 831 2688 habet
851 2649 902 2686 (D.
943 2651 1016 2686 dat.
1044 2650 1158 2687 habeo
1185 2649 1291 2686 bma.
1308 2661 1364 2697 pr.
1403 2649 1485 2686 hab.
1515 2659 1620 2685 uures

196 2703 321 2738 Εοηιι.
337 2711 391 2747 pr.
431 2711 522 2735 aeuo
547 2708 600 2736 est
631 2700 939 2747 Cb9p²·ma.sec.
