1685 2954
119 105 253 137 CXCIV
741 105 798 136 DE
826 105 925 137 oms

118 217 203 244 nem
227 212 266 244 et
288 204 460 244 Ouidium
486 209 664 255 tempore,
691 211 756 256 aut
782 206 830 244 ab
854 207 933 258 ipso
956 213 1068 258 poeta
1090 217 1217 247 eorum
1242 207 1434 248 artificium
1458 223 1565 250 usur.

119 274 244 319 pante.
296 266 412 305 Multa
439 270 524 301 sunt
549 265 710 304 eiusdem
737 274 871 317 notae,
897 280 993 319 quae
1019 281 1101 307 cum
1128 283 1240 308 unum
1266 271 1303 308 in
1327 280 1564 322 conspectum

121 339 339 380 componere
375 339 448 363 non
482 326 613 376 liceat,
647 329 732 366 satis
764 329 833 367 erit
866 330 902 367 in
934 331 1082 380 singulis
1115 332 1345 370 admonuisse
1376 333 1563 374 lectorem.

120 389 298 429 Varronis
323 394 361 425 et
378 387 501 425 Ouidii
527 388 618 425 ratio
639 397 832 438 perspecta
856 391 930 429 duo
955 399 1041 429 sunt
1065 391 1342 442 propugnacula
1367 394 1415 430 ad
1441 396 1565 445 cogni-

117 452 254 487 tionem
282 448 526 499 mythologiae
551 461 747 499 romanae,
775 463 872 502 quae
897 454 959 504 qui
985 465 1196 503 expugnare
1220 467 1293 491 non
1317 456 1477 505 potuerit
1502 468 1566 494 ca·

119 517 204 548 ueat
228 510 380 559 saltem,
407 523 553 548 censeo.
604 511 769 549 Fabulae
795 512 1001 552 Ouidianae
1026 515 1073 552 de
1098 515 1209 552 Flora
1234 522 1374 553 stamen
1400 517 1566 555 animad-

118 572 211 610 uerti
229 578 351 622 potest
368 571 518 622 duplex.
555 571 712 609 Alterius
734 573 904 611 iudicium
925 575 1044 612 debeo
1062 575 1205 613 schedis
1225 577 1438 626 Heinsianis,
1463 578 1565 617 Plut.

116 633 165 672 de
189 634 290 671 flum.
317 634 356 682 5,
384 636 428 670 3:
464 629 701 671 Καυκάσιον
733 628 843 684 ὅρος.
884 633 1063 673 ἐκαλεῖτο
1099 634 1143 673 δὲ
1178 633 1224 674 τὸ
1259 634 1456 688 πρότερον
1482 637 1565 677 Βο-

117 693 211 744 ρέου
237 691 350 744 κοίτη
377 690 433 731 δι’
457 690 590 731 αἰτίαν
615 689 819 743 τοιαύτην.
858 694 1017 745 Βορέας
1044 692 1102 734 δι’
1125 695 1318 747 ἐρωτικὴν
1342 696 1564 750 ἐπιθυμίαν

116 755 285 806 Χλῶριν
311 750 502 805 ἁρπάσας
527 751 601 804 τὴν
627 750 869 806 Ἀρκτούρου
890 755 1101 808 θυγατέρα
1127 754 1365 810 κατήνεγκεν
1391 757 1448 805 εἴς
1474 773 1565 799 τινα

117 814 247 870 λόφον
268 812 485 869 Νιφάντην
511 811 758 866 καλούμενον
784 840 836 849 --
863 811 919 863 ὡς
945 815 1072 867 ἷςορεῒ
1084 815 1306 870 Κλεάνθης
1331 820 1372 859 ἓν
1396 817 1432 872 γ’
1459 817 1566 860 &eo-

114 877 270 930 μαχίας
293 874 520 931 γεγραφώς.
572 881 736 916 Alterum
763 887 817 916 est
843 879 939 930 apud
966 880 1137 917 Seruium
1162 881 1209 918 ad
1236 883 1303 919 ecl.
1328 883 1368 930 5,
1386 885 1454 921 48:
1493 885 1568 922 Ve-

115 947 209 981 teres
234 942 399 992 Zephyro
423 946 530 979 uento
554 952 668 978 unam
698 951 746 976 ex
770 942 885 978 Horis
912 942 1095 991 coniuyem
1120 945 1337 992 αεεὶ9ηαηι,
1363 956 1410 981 ex
1435 957 1508 994 qua
1531 949 1567 983 et

115 1002 283 1053 Zephyro
310 1003 455 1052 Gai-pon
478 1001 596 1049 filium
628 1001 860 1052 pulcherrimi
891 1007 1052 1054 corporis
1087 1004 1221 1041 editum
1254 1004 1391 1043 dimmt.
1443 1007 1565 1045 Horae

114 1070 199 1101 sunt
232 1063 333 1114 apud
367 1063 540 1101 Ouidium
574 1076 611 1100 u.
642 1065 737 1100 217:
780 1076 907 1100 uerum
945 1073 1066 1102 tamen
1099 1063 1275 1115 Καρποῦ
1315 1074 1432 1104 mater
1469 1080 1566 1118 quae

113 1126 248 1164 rectius
273 1125 463 1163 informari
489 1125 606 1175 potuit
631 1137 740 1175 quam
767 1123 905 1162 Flora?
933 1127 1140 1164 Accedebat
1166 1140 1322 1175 graecae
1344 1129 1564 1178 appellatio-

112 1187 168 1225 nis
193 1187 446 1224 conuenientia
472 1199 554 1222 cum
581 1187 639 1232 iis,
676 1198 771 1236 quae
797 1188 924 1223 u.274
951 1190 1225 1238 exprimuntur,
1252 1189 1315 1225 ubi
1341 1189 1439 1239 quod
1467 1189 1562 1227 edidi

112 1249 247 1297 virent,
273 1260 321 1285 ne
343 1247 472 1284 uidear
489 1255 677 1298 suspectos
697 1247 838 1285 codices
864 1256 1025 1297 secutus,
1052 1249 1186 1287 habeto
1214 1251 1442 1286 coniecturae
1468 1250 1563 1287 loco.

112 1309 336 1345 Theocritea
368 1315 453 1346 sunt
482 1308 710 1358 χλοεροῖσιν
745 1303 964 1356 ἷαινόμενοι
989 1307 1169 1359 μελέεσιν
1205 1317 1242 1347 et
1269 1310 1387 1359 ποιῇν
1419 1308 1457 1347 τὶ
1486 1309 1562 1361 δεῖ,

112 1359 163 1414 ἇς
188 1365 285 1420 γόνυ
306 1366 494 1420 χλωρόν,
527 1372 589 1408 ubi
614 1371 852 1420 Kiesslingius
879 1372 1038 1421 optimus
1066 1373 1121 1408 uir
1147 1373 1260 1408 multa
1287 1372 1496 1418 annotauit‚
1521 1380 1563 1410 ut

112 1432 260 1469 minime
286 1444 434 1469 necesse
459 1433 503 1469 sit
529 1432 665 1469 addere
691 1432 860 1469 Seruium
887 1433 934 1470 ad
958 1435 1048 1469 Aen.
1069 1435 1107 1481 4,
1127 1435 1222 1481 5143
1253 1437 1315 1481 12,
1336 1435 1424 1472 413.
1465 1435 1562 1471 Cae-

111 1500 229 1531 terum
257 1493 302 1529 ab
327 1505 368 1530 re
394 1506 465 1530 non
491 1494 599 1531 fuerit
625 1495 806 1531 Horarum
834 1500 871 1531 et
899 1494 1109 1530 Gratiarum
1138 1496 1284 1531 nomina
1311 1494 1436 1531 uidere
1461 1495 1561 1545 apud

110 1555 328 1592 Pausaniam
355 1557 394 1603 9,
421 1556 485 1603 35,
521 1558 556 1592 in
592 1556 721 1606 quibus
754 1562 810 1592 est
844 1549 1003 1605 Καρπώ
1040 1562 1076 1592 et
1107 1549 1279 1603 Θαλλώ,
1317 1562 1354 1592 et
1391 1550 1560 1594 Θάλεια.

111 1617 224 1661 Quod
243 1617 308 1654 nisi
327 1617 490 1653 insanum
511 1616 598 1653 illud
619 1618 856 1667 ueriloquium
874 1618 1069 1667 placuisset
1087 1624 1230 1666 poetae,
1257 1618 1411 1654 alterum
1440 1625 1560 1655 utrum

110 1690 156 1714 ex
182 1679 372 1727 postremis
399 1690 531 1714 nomen
559 1685 657 1715 certe
675 1679 904 1728 praelaturus
922 1685 1018 1715 erat:
1045 1678 1173 1715 confer
1200 1692 1280 1715 cum
1309 1681 1561 1724 uu.377‚378

109 1739 259 1775 Festum
285 1751 323 1788 p.
345 1739 434 1785 359,
459 1741 508 1775 28
531 1740 619 1775 sina
660 1740 818 1777 'I'lmleae
842 1752 969 1777 nomen
997 1739 1129 1776 dictum
1155 1752 1231 1777 esse
1263 1740 1328 1777 alii
1355 1738 1399 1776 ab
1426 1742 1559 1778 aetatis

110 1798 200 1847 flore
225 1801 352 1847 aiwnt,
379 1800 444 1837 alti
470 1800 564 1850 quod
590 1804 755 1838 carmina
780 1813 917 1851 semper
943 1799 1119 1848 floreant,
1154 1808 1192 1838 et
1218 1801 1430 1838 Callimachi
1459 1803 1558 1851 frag-

109 1866 287 1908 mentum,
315 1861 413 1910 quod
439 1861 550 1899 latine
575 1863 693 1912 ipsum
721 1863 905 1911 redditur,
931 1862 1031 1912 apud
1059 1862 1196 1900 Blomf.
1225 1867 1320 1912 121,
1346 1863 1444 1913 apud
1471 1863 1560 1900 Val-

109 1922 318 1959 ckenarium
345 1922 440 1959 ΧΙΙΙ.
487 1923 709 1974 Opportune
736 1925 922 1962 adiicietur
957 1925 1046 1961 alius
1082 1924 1237 1960 numinis
1272 1924 1478 1974 exemplum
1510 1925 1558 1962 ab

109 1982 245 2021 Ouidio
279 1985 512 2033 grammatica
547 1988 687 2035 argutia
720 1986 856 2034 reficti,
894 1993 934 2022 ut
959 1985 1267 2022 Euhemerianum
1305 1993 1342 2023 et
1367 1998 1559 2024 commune

108 2045 295 2083 euaderet.
353 2046 493 2082 Garnae
518 2059 649 2084 nomen
678 2048 753 2083 sine
780 2047 890 2084 dubio
924 2049 959 2084 in
999 2046 1282 2095 indigitamentis
1315 2048 1448 2085 lectum
1474 2048 1556 2086 suit.

108 2107 231 2144 Verba
256 2114 340 2144 sunt
366 2107 608 2155 Tertulliani,
636 2109 755 2144 media
781 2109 875 2145 inter
901 2121 944 2145 ea
976 2120 1071 2158 quae
1097 2120 1210 2157 supra
1235 2107 1282 2145 fr.
1309 2113 1343 2155 2(
1360 2110 1496 2158 posuiz‘
1521 2113 1556 2146 et

106 2167 280 2216 numquid
316 2168 356 2205 hi
387 2173 473 2205 sunt
497 2169 628 2219 publici
653 2175 688 2206 et
719 2170 909 2208 aduentitii
937 2167 1048 2206 dicti?
1086 2167 1291 2218 [siquide]m
1317 2182 1408 2207 arae
1431 2170 1555 2207 (locent

107 2229 387 2267 adnnentitiomem
419 2230 468 2267 ad
498 2230 630 2277 fanum
669 2233 832 2277 Garnae,
866 2232 1090 2280 publicorum
1122 2233 1160 2267 ἑη
1192 2230 1381 2280 Pal[atino
1405 2231 1551 2281 ntonteJ.

106 2290 209 2327 Haec
231 2292 280 2328 ita
305 2292 563 2342 interpretatur
585 2293 840 2330 Ambroschius
861 2293 1014 2331 Forsch.
1036 2305 1074 2342 p.
1087 2292 1174 2338 165,
1191 2293 1278 2339 190,
1304 2294 1552 2343 antiquissimo

105 2352 226 2387 nescio
247 2365 318 2401 quo
346 2360 510 2403 tempore
535 2354 667 2390 sacella
695 2354 846 2391 deorum
872 2367 960 2391 uere
985 2365 1216 2390 romanorum
1243 2362 1416 2403 congesta
1441 2354 1552 2392 fuisse

105 2412 141 2449 in
160 2413 275 2449 altero
294 2422 428 2460 monte,
455 2417 761 2465 assumptiuorum
789 2417 824 2452 in
853 2416 981 2459 altero,
1008 2421 1118 2464 atque
1145 2413 1227 2450 hinc
1253 2415 1434 2452 concludit
1460 2416 1552 2452 Car-

104 2485 188 2510 nam
215 2475 328 2524 ipsam
355 2478 585 2526 peregrinum
612 2489 745 2513 numen
771 2476 903 2524 fuisse,
939 2476 1037 2526 quod
1065 2475 1210 2524 probari
1238 2476 1344 2512 etiam
1372 2477 1550 2514 existimat

103 2534 227 2573 Ouidii
255 2536 334 2573 loco
361 2539 398 2585 6,
428 2539 515 2586 105,
547 2540 647 2575 cuius
674 2539 868 2575 testimonii
897 2539 967 2574 uim
995 2550 1066 2574 non
1093 2537 1283 2586 perspicio.
1337 2536 1415 2574 Fac
1443 2538 1550 2586 igitur

103 2598 295 2647 utrobique
322 2605 394 2635 tres
420 2598 477 2635 uel
505 2607 661 2648 quatuor
688 2601 873 2648 utriusque
906 2606 1014 2635 notae
1043 2610 1125 2634 aras
1158 2598 1291 2645 fuisse,
1328 2611 1423 2648 quae
1458 2612 1550 2649 quo-

101 2659 211 2695 modo
237 2659 383 2696 confieri
410 2662 560 2708 possint,
590 2673 660 2696 non
688 2662 870 2708 intelligo:
903 2659 1033 2697 ideone
1060 2660 1286 2707 publicorum
1313 2669 1349 2697 et
1376 2661 1546 2698 aduenti-
