1685 2954
586 75 642 113 28
671 82 727 114 sn
759 71 811 112 49
839 79 975 117 vsovn
1349 77 1512 108 ccxcm

165 188 229 237 58,
250 187 315 227 59.
355 188 419 236 28,
440 186 503 223 29.
545 183 771 222 Patauini
797 182 886 228 duo,
910 182 1042 232 quibus
1067 178 1210 219 accedit
1232 178 1374 227 tertius,
1401 191 1509 229 quem

65 252 116 290 49
141 251 224 290 feci.
265 251 404 288 Horum
429 257 525 284 amics
544 248 702 295 optimae
721 249 840 289 notae,
866 255 913 280 ea·
932 244 1089 293 optimis,
1115 254 1163 280 ex
1187 239 1392 279 melioribus
1418 253 1510 277 nun-

66 320 223 364 cupatur
248 315 285 357 2,
300 311 396 358 2543
413 309 510 356 6453
529 310 624 345 78οε
652 308 744 344 alius
769 306 936 343 Hectoris
957 305 1151 343 Treutsani
1176 304 1288 341 fuisse
1313 303 1443 339 dicitur
1473 306 1510 349 1,

66 377 154 413 336.
205 374 246 412 ln
279 371 446 419 catalogo
479 369 567 407 bibl.
595 369 677 407 Pat.
705 369 742 404 T
744 367 898 405 omasini
929 368 1026 403 1639
1052 366 1179 404 Ouidii
1204 366 1380 402 fastorum
1406 362 1510 400 codi-

67 450 128 475 ces
153 440 387 474 recensentur
412 430 655 469 bibliothecae
688 430 826 468 ordinis
852 428 1146 466 Eremitanorum
1173 440 1212 478 p.
1233 429 1283 464 76
1305 439 1348 473 a,
1381 424 1512 461 biblio-

67 499 196 536 thecae
220 496 277 533 St.
303 493 447 531 Ioannis
474 493 511 529 in
537 492 711 529 uiridario
739 504 777 542 p.
793 492 843 527 40
865 491 902 528 b.
954 491 985 526 A
1011 489 1234 540 Spanhemio
1262 487 1388 526 Ouidii
1414 486 1513 524 codi-

68 572 128 598 ces
153 563 295 596 notatos
330 554 438 592 uideo
472 552 560 591 bibl.
587 553 789 596 Patauinae
825 551 1065 596 cathedralis,
1102 550 1193 588 bibl.
1221 550 1277 588 St.
1305 548 1453 585 Antonii
1478 553 1515 585 et

0 638 2 641 ·
68 622 104 658 in
130 631 256 657 museo
282 616 474 654 Laurentii
499 615 673 665 Pignorii.
719 615 817 652 Idem
845 613 989 652 Nicolai
1015 613 1211 650 Treuisani
1236 622 1398 649 museum
1425 622 1515 646 con-

65 682 290 731 signauerat‚
315 677 380 716 sed
406 678 594 728 Mantuae.

168 743 346 778 60-71,
401 741 510 777 Herc.
534 738 711 776 Ciosanus
740 737 925 775 codicibus
946 748 986 774 se
1012 749 1115 773 usum
1142 742 1288 787 praeter
1313 736 1337 770 8
1356 739 1394 770 et
1411 735 1436 770 9
1461 739 1516 771 te-

68 812 184 843 statur
211 816 286 841 uno
311 815 355 840 ex
383 802 471 838 bibl.
500 800 801 845 Masfeorum,
829 803 898 847 303
932 811 1006 835 uno
1031 798 1154 834 fratris
1181 796 1380 833 Antonii
1405 795 1516 831 Cio-

68 868 194 916 sani,
221 868 292 913 313
332 863 523 903 Vaticanis
549 869 655 910 octo,
682 874 836 912 quorum
863 861 1040 910 optimus,
1067 863 1117 895 32
1143 858 1312 907 Angeli
1339 857 1517 894 Colotii

68 930 181 966 fuisse
207 928 340 965 dicitur
365 925 410 962 ad
439 927 477 969 4,
502 926 597 962 467:
635 924 692 960 hie
719 923 862 960 uidetur
886 921 990 957 innui
1015 932 1038 957 a
1064 920 1221 957 Ciosano
1248 923 1285 964 2,
1309 921 1381 956 199
1405 926 1444 956 et
1469 920 1516 956 ab

67 991 220 1028 Heinsio
246 993 286 1038 2,
302 989 399 1035 749,
436 987 672 1037 quamobrem
710 985 901 1033 utrobique
934 996 1002 1033 pro
1029 985 1075 1020 33
1104 983 1235 1020 uellem
1262 983 1427 1032 posuisse
1452 985 1515 1020 32.

68 1053 228 1090 Dubium
254 1051 351 1088 enim
378 1061 451 1086 non
483 1055 561 1095 est,
595 1047 682 1095 quin
715 1052 752 1082 et
777 1045 874 1082 hunc
899 1053 936 1082 et
962 1045 1120 1095 reliquos
1147 1045 1294 1082 Ciofani
1319 1045 1518 1082 Vaticanos

69 1114 244 1160 33-39,
271 1123 425 1162 quorum
456 1109 529 1146 duo
557 1108 727 1145 desinunt
753 1108 788 1144 in
815 1108 947 1144 librum
974 1108 1151 1157 quintum,
1178 1107 1299 1144 denuo
1325 1106 1518 1145 contulerit

68 1174 253 1221 Heinsius,
282 1173 357 1211 uid.
377 1185 465 1223 epp.
485 1172 532 1209 ad
550 1172 667 1209 Gron.
689 1183 727 1220 p.
742 1173 828 1207 300.
876 1171 933 1207 De
959 1170 1098 1207 numeri
1124 1172 1173 1205 33
1201 1180 1266 1205 usu
1303 1181 1411 1218 quem
1445 1168 1517 1205 feci

68 1235 153 1273 uide
176 1247 288 1286 supra
313 1234 360 1271 ad
385 1236 448 1272 39.
476 1236 513 1272 8.
553 1234 748 1271 Caeterum
776 1233 917 1282 quoties
942 1244 1036 1269 tenus
1058 1233 1275 1276 Vaticanus,
1300 1242 1397 1268 unus
1419 1231 1516 1267 Far-

66 1299 242 1335 nesianus
272 1304 309 1335 et
341 1297 470 1333 similia
501 1296 600 1346 apud
628 1296 814 1332 Heinsium
847 1295 906 1332 uel
934 1294 1127 1331 Ciofanum
1162 1293 1354 1343 leguntur,
1391 1293 1517 1343 scripsi

70 1362 285 1411 plerumque
311 1370 500 1405 numerum
521 1360 568 1395 ab
595 1359 732 1408 optimo
759 1358 836 1394 eius
863 1358 1016 1394 nominis
1042 1356 1167 1393 codice
1193 1357 1419 1406 proximum}
1444 1368 1517 1392 non

32 1445 34 1447 >
68 1422 178 1471 igitur
209 1433 305 1470 quae
330 1421 459 1458 eodem
487 1420 737 1458 huiuscemodi
764 1430 916 1456 numero
943 1419 1182 1469 insigniuntur
1205 1419 1243 1455 in
1270 1417 1398 1456 eodem
1425 1417 1518 1454 libro

68 1484 228 1521 extitisse
254 1483 410 1532 putabis.
1423 1527 1427 1530 γ

172 1545 351 1582 72-75.
406 1545 587 1581 40-43,
628 1544 728 1581 Inter
754 1544 907 1581 schedas
935 1544 1072 1580 Heinsii
1106 1541 1301 1580 fasciculus
1327 1549 1382 1581 est
1408 1543 1519 1580 colla-

71 1605 210 1642 tionum
236 1617 360 1653 manu,
389 1613 428 1643 ut
454 1612 559 1656 puto,
586 1606 734 1644 isaaci
760 1607 926 1645 Vossii.
979 1606 1164 1643 Notantur
1189 1608 1391 1656 scripturae
1416 1604 1519 1642 addi-

72 1668 118 1704 tis
144 1667 240 1716 siglis
269 1669 364 1715 VN,
395 1668 482 1716 VA,
514 1670 595 1704 V2.
650 1669 726 1704 Has
761 1681 848 1705 num
883 1675 982 1706 recte
1007 1670 1211 1718 putauerim
1238 1668 1393 1704 duorum
1419 1666 1520 1703 codi-

74 1741 155 1765 cum
183 1735 245 1764 aut
270 1728 549 1778 discrepantium
569 1735 632 1765 aut
652 1731 934 1778 conspirantium
955 1729 1247 1779 reddiderimque
1272 1730 1425 1779 primam
1454 1741 1519 1765 no-

75 1798 150 1826 tam
176 1791 251 1837 40,
286 1790 483 1826 secundam
510 1792 578 1834 41,
613 1791 755 1826 tertiam
783 1793 912 1838 4041,
948 1791 1068 1827 adhuc
1095 1793 1230 1827 nescio.
1283 1790 1358 1828 Sed
1386 1802 1430 1827 ea
1456 1802 1520 1827 ex-

75 1858 199 1902 cerpta
227 1853 521 1901 transscripserat
544 1852 711 1888 Heinsius
729 1859 765 1889 et
785 1853 998 1889 adiunxerat
1023 1852 1218 1901 scripturas
1245 1852 1420 1902 quasdam
1447 1852 1520 1900 syl-

76 1916 158 1951 laba
186 1917 263 1951 Nes
290 1920 455 1951 notatas:
490 1914 555 1950 llas
582 1914 749 1962 insigniui
776 1926 929 1951 numero
957 1915 1019 1952 42.
1070 1914 1129 1952 De
1156 1927 1306 1952 numero
1333 1917 1381 1951 43
1408 1926 1518 1964 supra

74 1976 120 2014 ad
150 1981 169 2013 1
197 1977 329 2013 dictum
360 1982 426 2012 est.
735 2023 746 2027 ‚

175 2041 236 2075 76.
291 2039 354 2075 44.
400 2037 522 2075 codem
557 2038 757 2076 Christiani
781 2038 999 2087 Rumpfii
1034 2037 1348 2083 nrevnbranacous,
1381 2041 1418 2075 in
1450 2050 1518 2086 quo

74 2101 150 2149 ipse
176 2099 315 2149 quidem
342 2105 464 2136 textus
488 2113 560 2137 non
587 2100 846 2145 continebatur,
871 2101 933 2138 sed
958 2100 1059 2138 naula
1086 2105 1226 2137 tantum
1247 2102 1520 2147 commentaria,

74 2168 167 2198 teste
194 2162 353 2198 Heinsio.
408 2162 486 2199 cfr.
516 2176 601 2212 epp.
630 2162 677 2199 ad
703 2162 807 2200 Voss.
835 2176 872 2212 p.
889 2162 976 2200 559.

177 2225 240 2259 77.
293 2223 357 2259 45.
399 2224 437 2259 ln
464 2225 684 2274 marginibus
712 2225 907 2262 editionum
928 2225 1196 2261 Bersmanni
1224 2237 1318 2275 quae
1343 2231 1519 2262 annotan-

77 2289 135 2320 tur
162 2283 231 2321 hoc
259 2297 411 2322 numero
437 2285 608 2333 indicaui,
635 2299 703 2324 nec
728 2293 866 2334 tamen,
889 2287 916 2323 si
942 2287 1102 2334 memini,
1129 2288 1261 2323 omnia.

175 2348 238 2383 78.
291 2348 353 2384 46.
394 2360 486 2384 unus
512 2347 814 2386 B‘asileensis
840 2350 975 2397 semel,
1008 2355 1184 2399 quantum
1212 2348 1454 2398 meminerim,
1481 2352 1519 2398 3,

79 2405 152 2444 588
177 2416 495 2448 commemoratur.

177 2471 238 2506 79.
289 2472 351 2508 47.
393 2471 578 2521 Excerpta
603 2471 831 2520 Scaligeri
857 2484 970 2522 saepe
997 2477 1171 2522 usurpata
1197 2478 1280 2509 sunt
1305 2473 1351 2510 ab
1373 2473 1520 2510 Heinsio

81 2534 246 2580 utroque.
299 2532 445 2579 Memini
471 2533 686 2570 me'librum
713 2533 859 2580 uidere,
893 2534 929 2570 iu
957 2547 1029 2583 quo
1056 2534 1218 2573 codicum
1244 2536 1445 2586 scripturae
1471 2548 1517 2572 an

83 2591 305 2631 coniecturae
331 2601 526 2631 annotatae
553 2595 639 2642 siut,
666 2607 738 2631 non
766 2601 919 2632 constat.

232 2655 290 2691 48.
320 2657 380 2692 49.
422 2655 514 2694 Vide
539 2669 651 2706 supra
678 2657 725 2695 ad
755 2660 801 2694 10
827 2664 863 2694 et
888 2660 951 2696 28.
