1685 2954
151 154 236 200 254
532 143 536 145 ⁵
711 170 1034 203 rasronvM

205 268 332 323 Dixit,
362 275 406 311 et
433 269 590 311 alterna
617 269 778 313 fratrem
805 273 987 314 statione
1014 273 1199 316 redemit.

261 335 376 377 Vtile
404 336 608 379 sollicitae
637 339 753 381 sidus
780 347 995 395 utrumque
1024 342 1112 383 rati.
1513 351 1594 388 720

202 469 270 510 Ad
298 472 437 511 Ianum
461 471 614 526 redeat,
643 474 713 527 qui
739 475 908 529 quaerit,
937 475 1102 529 Agonia
1130 475 1225 529 quid
1254 475 1355 517 sint:

259 537 377 589 Quae
406 545 541 580 tamen
572 542 612 580 in
640 541 761 584 fastis
789 543 870 585 hoc
897 556 1060 597 quoque
1088 549 1253 596 tempus
1281 544 1450 584 habent.

199 607 338 647 Nocte
366 614 568 660 sequente
599 608 705 649 diem
735 611 852 651 canis
877 609 1124 663 Erigoneius
1153 613 1259 652 exit:

252 675 331 715 Est
355 673 433 714 alio
462 676 572 729 signi
599 677 759 717 reddita
789 688 918 717 causa
945 678 1050 717 loco.

192 807 384 849 Proxima
412 809 590 851 Volcani
617 810 687 849 lux
716 814 800 849 est:
831 808 1080 849 Tubilustria
1114 806 1276 851 dicunt:
1508 817 1588 855 725

250 876 491 918 Lustrantur
519 889 656 930 purae,
686 877 792 930 quas
820 876 919 917 facit
948 877 1029 929 ille,
1063 877 1202 918 tubae.

192 1009 376 1062 Quatuor
403 1010 497 1050 inde
525 1011 635 1051 notis
663 1011 782 1051 locus
813 1015 892 1061 est,
923 1010 1072 1062 quibus
1102 1009 1241 1051 ordine
1271 1011 1394 1054 lectis

246 1078 328 1119 Vel
356 1090 447 1119 mos
476 1090 697 1132 sacrorum,
725 1079 793 1118 uel
820 1078 921 1131 fuga
947 1078 1062 1131 regis
1088 1076 1215 1119 inest.

188 1212 284 1253 Nec
310 1216 354 1251 te
383 1217 614 1265 praetereo,
642 1210 782 1265 populi
809 1211 994 1252 Fortuna
1022 1213 1204 1265 potentis

247 1280 429 1332 Publica,
460 1280 527 1320 cui
555 1281 750 1332 templum
778 1280 872 1320 luce
896 1285 1100 1332 sequente
1130 1280 1281 1320 datum.
1504 1285 1586 1323 730

188 1346 308 1386 Hanc
335 1346 405 1386 ubi
433 1346 551 1387 diues
580 1346 698 1400 aquis
729 1347 938 1400 acceperit
964 1347 1224 1401 Amphitrite,

244 1412 378 1455 Grata
405 1415 493 1455 Ioui
521 1415 658 1455 fuluae
685 1421 819 1457 rostra
845 1414 1006 1456 uidebis
1035 1415 1136 1456 auis,

184 1575 270 1611 719.
304 1581 387 1611 star.
414 1575 600 1621 (stacione
625 1574 686 1620 D)
715 1575 851 1624 recepit
877 1577 1157 1611 BDEnw.sec.
1173 1575 1259 1612 GN
1267 1573 1286 1610 b
1314 1574 1465 1623 aliquot.

180 1627 269 1661 720.
304 1626 449 1662 solliciti
470 1628 516 1662 B.
556 1625 623 1662 sid.
652 1632 804 1674 uterque
821 1623 1018 1662 AOZ22
1038 1630 1123 1661 tres.
1227 1627 1314 1661 721.
1343 1627 1404 1674 qui
1431 1631 1583 1674 quaeret

128 1676 212 1712 622
239 1675 322 1712 duo.
374 1687 434 1722 ag.
461 1688 555 1725 quae
579 1677 649 1712 sint
681 1688 804 1713 mma.
818 1687 909 1724 prus
933 1681 1018 1713 tres.
1064 1674 1150 1724 qnid
1177 1675 1222 1711 sit
1251 1677 1297 1711 D.
1407 1677 1496 1712 722.
1533 1676 1583 1712 Et

127 1732 250 1762 tamen
284 1723 335 1763 Ψ.
389 1727 496 1770 Quae
528 1734 603 1762 tum
637 1728 672 1762 in
700 1729 823 1763 Ema.
841 1739 897 1775 pr.
950 1734 1070 1761 tamen
1104 1725 1256 1761 infames
1283 1725 1352 1762 hoe
1376 1725 1406 1772 f.
1459 1733 1581 1763 tamen

127 1777 284 1813 infantes
317 1776 386 1813 hoc
418 1780 480 1813 28.
531 1783 651 1814 tamen
685 1778 840 1813 infantes
873 1777 962 1813 haec
996 1788 1108 1825 quoq.
1143 1778 1204 1812 33.
1255 1776 1288 1811 in
1322 1776 1423 1812 sestis
1448 1773 1580 1824 11413

131 1826 262 1864 Tuar.
277 1839 349 1864 scr.
401 1828 436 1863 in
469 1827 608 1863 faustus
634 1839 682 1863 m.
732 1827 815 1863 fast.
845 1827 900 1862 hie
926 1838 1072 1876 quoque
1095 1824 1156 1863 A.
1205 1838 1352 1876 quoque
1385 1839 1517 1865 nomen
1545 1839 1579 1864 s.

127 1884 241 1927 temp.
266 1877 378 1914 habet
402 1889 510 1914 rma.
528 1890 584 1927 pr.
604 1890 695 1915 corr.
713 1879 759 1913 33
788 1879 953 1926 quinque.
1072 1878 1160 1913 723.
1192 1889 1295 1926 sequ.
1323 1877 1381 1914 die
1409 1880 1453 1914 B.
1501 1880 1578 1922 Ita,

129 1929 232 1977 erig„
264 1929 311 1965 G.
350 1929 506 1977 erigonis
539 1929 577 1965 G.
626 1930 816 1978 erigoneus
843 1931 893 1964 D.
943 1928 1041 1964 canis
1067 1926 1150 1963 hinc
1174 1927 1356 1976 erigonius
1385 1925 1437 1964 (D.
1485 1929 1579 1965 erio·-

126 1980 229 2015 neius
254 1978 286 2025 f.
326 1979 505 2027 erigonius
527 1979 666 2028 reliqui.
769 1980 857 2015 724.
890 1978 1033 2016 Gloss.:
1057 1978 1265 2022 alio-loco]
1294 1979 1376 2028 quia
1395 1979 1442 2014 sit
1458 1986 1579 2015 trans-

124 2029 238 2066 latum
259 2031 310 2065 D.
350 2041 418 2065 111.
438 2028 487 2065 kl‘
507 2030 590 2065 maii
613 2029 669 2065 uel
695 2028 835 2077 reddita
861 2030 896 2065 in
925 2029 1045 2065 ouidio
1066 2040 1197 2077 magno
1222 2031 1267 2065 E.
1370 2028 1458 2065 725.
1485 2029 1578 2066 Pro-

126 2080 222 2116 xima
249 2080 370 2115 lucani
400 2091 432 2116 s.
484 2080 580 2116 uulc.
608 2079 702 2116 libri.
751 2082 825 2124 Ita,
853 2080 970 2124 tubil.‚
998 2082 1023 2115 4
1041 2084 1074 2115 ct
1095 2081 1144 2115 48
1161 2083 1309 2127 uterque
1320 2091 1386 2128 pro
1403 2091 1576 2117 transcr-

125 2137 181 2166 est
203 2130 262 2166 ubi
278 2129 402 2166 lusti-ia
415 2129 484 2167 dic.
500 2130 958 2176 Zt'm481723282933
972 2132 1032 2166 34.
1060 2137 1234 2179 estquam
1249 2130 1374 2166 lustria
1398 2129 1576 2176 dic-„cae-

125 2183 206 2218 teri.
318 2182 405 2216 726.
441 2193 530 2230 quas
555 2182 642 2228 fuga
668 2182 761 2230 regis
786 2182 879 2217 inest
905 2186 931 2217 t.
982 2180 1068 2216 fecit
1099 2181 1128 2217 G
1148 2185 1227 2216 test.
1254 2182 1367 2218 Gron.
1415 2180 1490 2217 fact
1513 2181 1575 2226 ille

125 2233 176 2267 Β.
222 2230 294 2267 sac.
323 2232 401 2280 ipse
426 2231 487 2268 A.
598 2233 685 2268 727.
719 2233 903 2275 Quattuor
928 2231 1088 2278 fortasse
1112 2233 1305 2268 Heinsiani
1332 2230 1381 2268 ad
1407 2231 1461 2268 cd.
1488 2230 1571 2268 Elz.

128 2281 271 2329 collati,
299 2281 422 2317 nullus
447 2294 559 2319 meus.
621 2282 704 2318 inde
738 2283 818 2318 lotis
850 2294 1046 2330 mmmpr.
1096 2281 1179 2317 iude
1212 2283 1298 2318 locis
1331 2284 1443 2318 223.
1490 2279 1571 2318 ord.

124 2332 244 2368 ductis
270 2334 332 2368 29.
435 2335 523 2369 728.
560 2334 652 2381 regis
679 2333 747 2369 erit
774 2335 825 2370 N.
928 2335 1014 2369 729.
1054 2339 1090 2369 te
1121 2332 1260 2381 petiero
1287 2345 1334 2368 m.
1380 2332 1465 2368 sort.
1493 2330 1571 2367 sre-

124 2383 267 2432 queutis
301 2379 357 2419 Π.
408 2390 574 2433 potentes
608 2386 669 2419 44.
783 2385 870 2420 730.
905 2383 1080 2432 templum
1115 2388 1170 2418 est
1206 2383 1287 2419 luce
1321 2379 1366 2418 Π
1386 2380 1467 2430 Ψρ
1489 2392 1568 2417 sex.

121 2444 199 2482 seq.
226 2432 332 2468 datur
363 2430 501 2470 Ψιιαν.
522 2446 592 2471 scr.
640 2433 765 2471 datum
791 2441 846 2471 est
875 2428 1568 2471 BDEFGwAMNOPAETb

120 2482 227 2531 ofyr
251 2485 380 2531 uigfintt
406 2489 440 2521 et
462 2489 550 2521 velt.
574 2483 628 2522 ed.
739 2484 829 2533 7333
856 2487 946 2532 734,
971 2487 1058 2531 731,
1084 2486 1160 2520 732
1190 2488 1296 2520 trans
1323 2509 1332 2519 .
1362 2485 1396 2519 F
1405 2479 1455 2518 Φ.

170 2536 257 2570 731.
287 2534 388 2570 Hanc
415 2535 476 2571 tibi
498 2547 534 2584 9.
581 2535 656 2571 diu.
684 2548 796 2585 aquas
821 2537 884 2572 29.
931 2549 951 2572 a
982 2562 991 2571 .
1019 2547 1129 2570 conce
1159 2535 1225 2570 erit
1300 2559 1309 2566 .
1356 2544 1415 2582 aq.
1443 2544 1566 2570 susce-

118 2584 214 2634 perit
241 2586 360 2620 1022.
398 2586 622 2635 amphitrites
647 2548 1113 2624 BDEFAMNHOPH
1167 2581 1447 2632 ΔΣΤηιρνε.
1487 2595 1565 2620 am-

118 2633 293 2684 phitrides
322 2634 438 2681 cof.
479 2636 713 2685 amphytrites
739 2635 790 2673 Φ.
831 2637 1087 2687 amphitriones
1113 2634 1219 2670 hma-
1235 2645 1292 2682 pr.
1394 2636 1482 2670 732.
1510 2635 1564 2670 io-

117 2686 171 2722 uis
202 2681 333 2722 O‘Fe.
379 2685 501 2734 sulgae
526 2687 557 2732 t'.
605 2687 739 2724 uidebit
765 2687 874 2725 bma.
892 2701 949 2736 pr.
1053 2688 1139 2722 733.
1173 2686 1251 2731 Ita,
1279 2684 1445 2732 Auserat,
1476 2681 1565 2720 ΦΖ

115 2739 166 2773 20
190 2732 313 2773 altus?
361 2736 488 2774 Aufert
515 2737 660 2774 BGcm
685 2749 763 2777 sex.
811 2738 947 2776 Afferet
971 2749 1003 2774 s.
1051 2734 1162 2773 Auser
1187 2741 1225 2772 et
1252 2746 1296 2772 ex
1322 2735 1355 2782 f.
1409 2735 1562 2773 Auferet
