1685 2954
682 136 883 166 SELECTIS
1336 135 1518 166 ccxxvn

169 240 334 278 Ianum
359 238 465 277 deum
483 236 545 287 qui
564 236 650 274 nihil
672 248 833 287 unquam
858 235 969 273 fuisse
988 235 1170 284 dixerunt,
1197 247 1307 287 quam
1333 236 1517 277 initiorum

69 309 183 354 atque
208 303 374 340 introitus
400 300 588 348 exitusque
614 305 816 349 potentem,
842 298 1053 347 Hartungus
1080 304 1117 335 et
1136 293 1362 347 Clausenius,
1390 300 1518 338 uiden-

64 362 132 402 tur
157 364 244 401 mihi
268 364 453 412 ignorasse
485 360 674 397 discrimen
706 360 805 410 quod
838 366 893 396 est
923 360 1019 396 inter
1043 360 1152 398 deum
1179 367 1319 398 certum
1345 366 1382 398 et
1408 360 1518 400 deum

69 427 255 463 selectum.
305 423 467 460 Deorum
504 429 687 459 certorum
721 422 939 471 praesertim
973 434 1018 458 ex
1052 422 1333 472 indigitamentis
1365 422 1519 473 simplex

70 494 126 525 est
151 488 267 534 notio,
293 486 374 535 ipso
401 485 547 521 nomine
573 484 724 531 inclusa,
753 483 897 533 qualem
918 483 1045 520 Ianum
1065 485 1339 522 commemorari
1365 485 1519 522 uidimus

69 563 92 587 a
118 550 284 587 Varrone
309 547 371 583 lib.
391 546 491 594 XIV,
518 545 564 582 sr.
583 546 621 593 5,
649 545 716 582 cfr.
744 546 895 595 August.
925 559 957 583 c.
986 545 1023 583 d.
1051 549 1090 594 7,
1108 550 1143 584 3.
1198 547 1426 584 Selectorum
1451 559 1521 598 per

70 611 206 648 cultum
233 608 376 645 ciuilem
404 615 440 644 et
467 607 714 645 additamenta
732 608 925 658 peregrina
948 609 1168 659 amplificata
1193 614 1247 647 est
1273 609 1353 658 ipsa
1378 608 1440 645 illa
1463 609 1522 645 in-

67 671 236 709 formatio
263 670 435 721 primaria
472 676 509 707 et
541 670 587 707 ad
615 671 787 707 maiorem
814 676 941 706 euecta
967 670 1192 720 dignitatem.
1246 670 1341 706 Cum
1366 670 1523 719 primum

68 725 223 784 publice*
242 732 290 768 ad
317 732 459 779 Ianum,
487 739 527 769 ut
552 738 658 782 puto,
686 732 808 776 imum,
837 732 941 777 (nihil
961 733 1056 769 enim
1076 733 1304 782 exploratum
1331 733 1421 778 est,)
1447 732 1524 769 lani

68 795 241 832 sacellum
268 806 351 831 cum
380 794 538 831 bifronte
565 795 720 843 imagine
750 792 954 831 dedicatum
981 802 1048 840 est,
1075 794 1149 832 on.
1174 798 1210 841 1,
1228 794 1317 839 257,
1335 793 1425 841 275,
1453 793 1521 832 cfr.

69 856 228 894 Tertull.
257 855 304 892 ad
333 862 407 892 nat.
429 860 468 903 2,
489 856 534 892 15
563 863 600 893 et
623 855 795 892 Gothosr.
819 868 855 905 p.
872 857 959 902 172,
987 855 1085 892 unde
1104 856 1280 892 Geminus
1307 853 1424 892 dictus
1450 861 1524 904 est,

69 917 242 969 quicquid
279 924 408 954 contra
443 918 530 954 dicit
565 918 736 955 Sachsius
770 917 890 953 deser.
917 917 1059 954 Romae
1087 921 1130 965 l,
1163 929 1201 966 p.
1222 917 1400 963 97,127:
1437 921 1526 953 tunc

69 981 179 1018 etiam
209 980 325 1018 Glusit
351 987 388 1017 et
414 980 573 1017 Patulcii
598 979 897 1030 appellationem,
924 977 1000 1015 Ou.
1026 980 1114 1026 129,
1141 977 1305 1015 Macrob.
1333 983 1403 1014 sat.
1430 981 1468 1026 1,
1485 979 1526 1026 9,

70 1043 247 1080 coaluisse
274 1043 309 1079 in
336 1054 447 1079 unam
474 1043 657 1079 notionem
690 1046 837 1090 oportet
869 1047 906 1077 et
939 1047 1063 1077 natum
1097 1041 1198 1077 illum
1231 1038 1336 1077 deum
1362 1037 1526 1087 deorum,

70 1117 178 1154 quem
206 1104 295 1141 Salii
322 1104 550 1150 cecinerunt,
589 1103 702 1139 Macr.
730 1102 755 1137 l.
785 1101 860 1140 ind.
913 1101 1010 1138 Nam
1048 1102 1147 1152 quod
1180 1102 1264 1139 hinc
1289 1107 1327 1139 et
1352 1100 1435 1138 hinc
1460 1101 1529 1138 ini-

70 1168 162 1203 tium
188 1165 372 1214 finemque
396 1165 535 1201 nullum
563 1164 687 1212 habet,
714 1163 813 1213 quod
836 1177 916 1200 cum
944 1164 1138 1213 clauditur,
1167 1164 1262 1201 idem
1289 1163 1466 1213 aperitur,
1491 1161 1531 1199 id

72 1233 295 1277 perpetuum
325 1232 380 1262 est
405 1231 443 1262 et
468 1225 668 1262 infinitum.-
705 1226 857 1262 deorum
894 1221 980 1263 uero
1007 1227 1125 1276 prima
1151 1226 1266 1262 uirtus
1293 1232 1349 1262 est
1373 1224 1531 1262 infinitos

71 1300 165 1326 esse.
218 1287 317 1324 Nihil
343 1287 505 1323 tribuere
530 1288 631 1324 soleo
658 1287 995 1338 philosophematis,
1021 1288 1088 1325 nisi
1115 1287 1177 1324 ubi
1201 1288 1303 1337 ipsae
1328 1297 1387 1323 res
1413 1285 1533 1336 philo-

69 1350 285 1400 sophantur.
338 1348 416 1386 Sed
449 1348 549 1399 quod
581 1349 674 1396 dixi,
710 1349 778 1386 nisi
812 1350 862 1385 ita
898 1348 1032 1398 fuerit,
1068 1348 1291 1386 credendum
1323 1355 1378 1385 est
1404 1348 1532 1385 lanum

69 1412 310 1449 Etruscorum
337 1423 420 1448 cum
447 1411 617 1464 Romano
643 1412 761 1448 minus
797 1412 972 1448 tenaciter
998 1412 1196 1448 conflatum
1223 1422 1326 1458 esse,
1361 1421 1472 1460 quam
1495 1409 1534 1445 in

70 1473 142 1510 deo
168 1471 305 1510 selecto
332 1485 401 1523 par
426 1479 493 1510 est.
548 1474 655 1510 lanus
682 1473 919 1509 Etruscorum
949 1472 1093 1509 habitus
1121 1479 1177 1510 est
1203 1486 1272 1523 pro
1303 1472 1420 1519 caelo,
1447 1470 1535 1508 uide

68 1535 117 1572 fr.
135 1537 175 1583 4,
207 1535 360 1572 Faleriis
386 1536 501 1585 captis
527 1536 684 1572 Romam
713 1536 856 1571 uenisse
882 1533 1115 1584 quadrifrons
1142 1541 1295 1584 propter
1321 1533 1414 1570 caeli
1449 1544 1536 1568 car-

70 1596 172 1634 dines
199 1596 357 1645 dicitur,
390 1597 500 1634 Seru.
528 1605 566 1634 et
591 1598 751 1646 interpp.
778 1596 865 1633 Maii
891 1596 937 1633 ad
966 1597 1060 1634 Aen.
1088 1599 1126 1644 7,
1148 1598 1235 1634 607.
1289 1595 1332 1633 Si
1359 1594 1395 1631 id
1422 1593 1536 1631 tradi-

71 1664 148 1694 tum
185 1665 241 1695 est
274 1658 321 1696 de
357 1658 544 1696 deditione
577 1671 674 1696 anno
702 1659 749 1696 V.
778 1659 822 1695 C.
851 1660 949 1704 361,
985 1658 1068 1696 Liu.
1095 1660 1135 1706 5,
1161 1660 1235 1707 27,
1271 1670 1346 1694 non
1381 1663 1437 1694 est
1462 1656 1537 1694 fide

70 1719 333 1769 dignissimum.
379 1720 608 1757 Crediderim
634 1720 769 1756 samam
797 1726 917 1757 ortam
943 1732 988 1757 ex
1015 1720 1134 1757 ueteri
1161 1719 1309 1756 nomine
1334 1718 1409 1767 dei,
1436 1717 1538 1769 quod

69 1780 183 1817 fuisse
208 1787 299 1830 puto
326 1780 403 1817 diui
430 1784 550 1830 patris
569 1781 754 1829 Falacris,
781 1781 890 1818 Varr.
910 1781 957 1818 de
976 1782 1002 1818 l.
1020 1782 1044 1819 l.
1063 1784 1099 1827 5,
1114 1783 1186 1829 843
1214 1783 1252 1827 7,
1266 1780 1334 1817 45:
1362 1781 1539 1816 Etrusco-

72 1855 153 1879 rum
188 1854 315 1879 uocem
349 1843 538 1889 existimo,
574 1843 636 1893 qui
670 1842 866 1889 solandum
897 1841 1069 1879 dixerunt
1101 1844 1265 1890 caelum,
1299 1841 1404 1878 Paul.
1431 1841 1538 1880 Diac-

71 1917 110 1954 p.
131 1906 196 1951 88,
217 1907 277 1941 12.
333 1903 467 1940 Falerii
501 1910 623 1940 autem
658 1905 744 1941 urbs
781 1916 805 1941 a
831 1903 926 1951 salis
952 1904 1029 1950 (ita
1054 1904 1165 1953 lege)
1192 1904 1289 1940 dicta
1315 1908 1394 1949 est,
1429 1901 1537 1939 Paul.

70 1979 109 2016 p.
125 1968 244 2013 91‚8.
294 1965 370 2002 Iam
393 1979 474 2003 eam
501 1966 548 2003 de
574 1966 662 2003 lano
689 1967 900 2015 opinionem
928 1977 1000 2001 non
1028 1971 1172 2002 tantum
1195 1978 1217 2002 a
1237 1966 1405 2002 Varrone
1429 1963 1497 2001 frr.
1512 1964 1539 2000 4

70 2034 109 2065 et
128 2029 177 2063 14
201 2033 313 2076 atque
341 2027 475 2065 Ouidio
505 2041 540 2064 u.
566 2028 654 2074 125,
677 2028 764 2074 139,
792 2026 858 2063 sed
885 2029 994 2063 etiam
1021 2038 1044 2063 a
1071 2027 1181 2077 uulgo
1209 2026 1405 2077 antiquitus
1432 2038 1540 2063 usur-

70 2096 195 2139 patam
220 2100 300 2126 esse
333 2089 489 2139 primum
528 2089 659 2126 mirum
693 2101 766 2125 non
798 2088 918 2136 soret,
953 2100 1036 2124 nam
1071 2088 1200 2124 infiniti
1235 2088 1354 2136 imago
1382 2087 1540 2124 maxime

70 2156 127 2187 est
151 2150 188 2186 in
215 2150 333 2198 caelo,
361 2150 494 2189 deinde
520 2162 703 2200 apparere
731 2149 876 2186 uidetur
901 2162 947 2186 ex
972 2162 1043 2198 eo,
1072 2149 1171 2199 quod
1197 2150 1235 2186 in
1264 2149 1394 2199 quouis
1420 2149 1538 2186 sacri-

69 2211 153 2248 ficio
180 2211 287 2247 Ianus
313 2211 560 2261 adorabatur,
590 2212 666 2251 Ou.
695 2225 731 2249 u.
749 2214 818 2248 171
844 2224 920 2261 sq.=
957 2211 995 2248 id
1021 2211 1218 2261 significari
1243 2211 1410 2261 suspicor
1434 2222 1539 2248 more

72 2272 135 2309 illo
156 2273 275 2322 prisco
303 2273 341 2309 in
368 2273 438 2311 deo
458 2274 647 2311 adorando
673 2286 713 2310 se
739 2273 970 2310 dextrorsum
991 2273 1273 2323 circumagendi,
1301 2272 1375 2310 Ou.
1393 2275 1432 2320 3,
1445 2274 1537 2321 283,

75 2346 148 2384 quo
177 2333 264 2370 nihil
290 2334 515 2385 frequentius
543 2336 643 2387 apud
665 2336 835 2373 Plautum
863 2342 900 2373 et
926 2335 1029 2384 alios,
1058 2336 1141 2372 uide
1164 2335 1327 2371 Brisson.
1351 2333 1398 2371 de
1425 2333 1535 2371 form.

75 2398 194 2445 p.36,
216 2398 264 2433 37
284 2395 342 2432 ed.
367 2398 484 2435 1592:
512 2410 586 2448 qua
616 2410 656 2435 re
682 2398 772 2435 caeli
798 2397 965 2447 cardines
989 2397 1260 2434 collustrantur.
1316 2396 1419 2433 Caeli
1446 2407 1535 2432 uero

72 2457 239 2511 regiones
266 2470 348 2494 cum
375 2466 497 2496 terrae
518 2462 626 2497 etiam
652 2460 781 2496 limites
806 2459 890 2506 sint,
917 2460 1130 2508 praesertim
1153 2472 1197 2496 ex
1217 2457 1404 2508 disciplina
1421 2457 1535 2494 Etru-

75 2529 231 2568 scorum,
259 2520 412 2569 posthac
438 2522 705 2569 Romanorum,
733 2520 808 2557 uid.
837 2521 963 2557 Muell.
991 2521 1138 2559 Etrusc.
1166 2521 1227 2558 lib.
1248 2524 1270 2556 3
1298 2532 1378 2569 cap.
1396 2520 1434 2567 6,
1460 2532 1534 2569 po-

76 2580 145 2615 tuit
175 2588 275 2618 certe
301 2582 408 2618 lanus
444 2583 491 2619 ad
528 2585 811 2633 perpetuitatem
849 2589 971 2618 terrae
1009 2582 1161 2631 referri,
1194 2583 1295 2619 cuius
1333 2582 1385 2618 rei
1410 2581 1533 2618 tenuia

73 2647 158 2676 sunt
180 2642 328 2691 uestigia
354 2643 453 2693 apud
475 2644 640 2681 Macrob.
662 2646 687 2681 1.
708 2644 782 2681 ind.
806 2656 888 2680 cum
913 2648 1030 2682 rector
1049 2647 1196 2683 uiarum
1221 2644 1368 2691 dicitur,
1396 2649 1434 2680 et
1455 2641 1529 2688 otu.

78 2712 116 2737 u.
137 2704 233 2740 1222
268 2700 463 2754 perpetuae
481 2707 584 2751 uiae,
618 2705 834 2756 quibuscum
859 2705 1025 2745 conseres
1050 2718 1189 2758 pronas
1214 2707 1303 2744 uias
1328 2704 1467 2742 Tibulli
1492 2706 1530 2752 1,

1130 2768 1161 2806 Ρ
1189 2771 1214 2805 2
