1718 2998
228 550 322 600 DE
359 549 701 601 OBSCVRIS
738 549 954 600 OVIDII
987 548 1392 603 FASTORVM.

748 714 793 773 g.
827 714 862 756 1.

79 798 206 867 Quae
233 821 278 858 ad
307 822 375 859 hoc
411 835 556 859 carmen
595 835 638 859 ea
672 823 899 873 potissimum
937 820 1083 868 forma,
1121 833 1196 870 qua
1229 821 1349 859 editur
1374 835 1397 860 a
1422 825 1541 874 nobis,

76 884 350 934 intelligendum
378 885 578 920 necessaria
605 890 710 930 sunt,
749 883 804 919 his
831 882 986 933 plagulis
1014 882 1393 934 comprehendentur,
1422 899 1542 936 quan-

76 953 152 983 tum
180 946 325 996 quidem
352 953 539 995 praestare
567 958 712 994 possum
740 951 777 980 et
804 945 990 994 expectati
1016 957 1085 993 par
1112 951 1192 992 est,
1222 947 1355 983 omnia.
1409 947 1541 998 Neque

76 1010 170 1045 enim
208 1014 272 1043 aut
298 1008 343 1042 ab
380 1008 456 1043 aliis
492 1007 677 1056 disputata
716 1007 887 1043 uolebam
923 1013 1116 1056 repetere,
1152 1013 1216 1043 aut
1249 1007 1336 1044 nihil
1372 1008 1542 1057 ignorare

75 1075 254 1119 poteram.
311 1069 600 1116 Quaestionum,
638 1082 727 1119 quas
756 1069 801 1105 de
828 1069 937 1105 rebus
966 1069 1159 1119 uerbisque
1188 1070 1453 1106 obscurioribus
1479 1071 1538 1107 in-

73 1130 173 1167 stitui
200 1137 238 1167 et
267 1131 303 1167 in
332 1132 430 1167 locos
459 1132 652 1181 capitaque
678 1131 874 1181 descripsi,
903 1144 1036 1181 corpus
1064 1131 1150 1167 data
1178 1144 1291 1182 opera
1318 1144 1390 1168 non
1418 1131 1539 1181 effeci,

75 1193 201 1229 cinuus
229 1193 376 1243 quidam
414 1192 509 1229 ultro
546 1195 685 1241 extitit,
719 1206 802 1230 raro
828 1193 1033 1230 sufficiente
1060 1193 1213 1230 aliorum
1241 1205 1353 1244 opera
1381 1200 1419 1231 et
1445 1194 1540 1231 mili-

73 1261 175 1291 tante
201 1256 382 1292 interdum
410 1255 443 1291 in
474 1257 581 1292 armis
616 1256 793 1293 solidioris
829 1256 1088 1305 grammaticae
1116 1257 1344 1293 coniectura:
1382 1268 1540 1306 eumque

72 1309 260 1364 ordinem,
288 1317 349 1367 qui
376 1330 496 1368 neque
523 1319 652 1355 latebit
679 1330 922 1367 quemquam,
952 1330 1072 1368 neque
1099 1319 1341 1355 remorabitur
1366 1330 1388 1355 a
1415 1319 1539 1368 primis

71 1377 119 1414 ad
146 1377 271 1416 ultima
298 1388 528 1429 pergentem,
558 1382 731 1417 intactum
761 1380 902 1430 reliqui.
948 1380 1002 1416 Ita
1030 1381 1125 1416 enim
1153 1381 1238 1430 quia
1265 1380 1402 1417 exordii
1429 1393 1539 1418 causa

72 1447 110 1477 et
136 1443 228 1478 ratio
259 1443 294 1478 in
321 1442 395 1479 fine
422 1450 499 1490 est,
529 1456 600 1480 non
630 1443 749 1478 habeo
777 1455 869 1491 opus
898 1441 1034 1478 aditum
1060 1442 1106 1478 ad
1134 1443 1223 1479 illud
1251 1444 1404 1480 munire.
1458 1442 1539 1480 No-

71 1509 150 1539 tum
179 1510 236 1540 est
262 1504 541 1555 interpretatum
569 1517 648 1542 esse
677 1504 848 1542 Ouidium
875 1504 989 1541 fastos
1017 1511 1054 1541 et
1081 1517 1289 1543 enarrasse:
1318 1517 1362 1542 ea
1388 1517 1538 1542 enarra-

70 1568 121 1602 tio
144 1566 211 1602 nisi
237 1567 382 1615 cognita
409 1568 470 1603 illa
498 1580 550 1614 re,
581 1579 675 1617 quae
697 1574 901 1611 enarratur,
930 1580 1004 1603 non
1025 1569 1138 1617 magis
1165 1567 1399 1616 intelligetur,
1428 1578 1536 1617 quam

70 1625 176 1675 haec,
203 1640 297 1677 quae
324 1641 420 1665 nunc
445 1630 654 1673 scribimus,
681 1629 727 1664 ab
755 1640 823 1676 eo,
854 1629 915 1677 qui
942 1641 1087 1665 carmen
1117 1628 1239 1666 Ouidii
1266 1641 1452 1679 nunquam
1480 1630 1536 1665 le-

71 1688 135 1736 git.
173 1689 301 1738 Itaque
326 1703 406 1726 cum
431 1690 591 1726 nonnihil
614 1697 791 1726 mutatum
820 1691 857 1726 in
884 1690 985 1727 fastis
1008 1692 1154 1741 publica
1175 1692 1392 1728 auctoritate
1413 1689 1536 1727 Ouidii

72 1761 165 1786 aeuo
192 1750 355 1797 dicatur,
381 1752 417 1786 id
445 1753 642 1800 cuiusmodi
672 1753 804 1799 fuerit,
832 1753 1125 1800 cognoscendum
1153 1760 1232 1799 est,
1259 1754 1336 1788 siue
1365 1751 1409 1787 ad
1441 1750 1534 1788 Oui-

71 1811 168 1848 dium
195 1812 374 1861 pertinet,
410 1813 486 1848 siue
522 1825 593 1847 non
629 1813 798 1860 pertinet.
851 1812 946 1846 Nam
984 1815 1011 1848 si
1040 1826 1110 1849 non
1140 1815 1298 1863 pertinet
1322 1813 1533 1862 factumque

70 1880 126 1910 est
143 1881 383 1923 posteaquam
411 1885 555 1908 carmen
578 1880 689 1921 poeta
710 1873 926 1922 composuit,
954 1885 1116 1910 seorsum
1141 1887 1162 1911 a
1184 1876 1396 1925 quaestione
1418 1887 1532 1925 quae-

69 1934 152 1972 dam
179 1943 264 1972 sunt
289 1934 478 1971 habenda:
517 1935 545 1969 si
574 1947 661 1970 uero
690 1936 872 1984 pertinet,
909 1935 1103 1972 uidendum
1132 1944 1210 1984 est,
1238 1937 1394 1974 fueritne
1421 1950 1464 1974 ea
1491 1949 1532 1975 re

67 1997 291 2046 potissimum
314 1996 360 2033 ad
389 1996 616 2032 scribendum
645 2005 772 2032 auctor
792 2003 994 2045 permotus.
1036 1998 1144 2040 Quae
1169 1999 1277 2047 igitur
1296 1999 1342 2035 de
1360 2000 1529 2048 Augusto

67 2059 201 2096 tradita
227 2060 371 2105 inueni,
406 2058 497 2094 haec
524 2065 631 2104 sunt,
668 2060 823 2107 primum
851 2059 1026 2095 Sextilem
1054 2072 1213 2096 mensem
1248 2061 1283 2096 in
1310 2062 1385 2097 eius
1412 2061 1529 2098 hono-

66 2133 144 2158 rem
170 2122 393 2171 appellatum
422 2132 500 2157 esse
528 2122 728 2169 Augustum
755 2132 800 2156 ex
827 2120 868 2157 S.
898 2121 958 2168 C.,
994 2121 1094 2158 cuius
1129 2123 1240 2158 uerba
1277 2128 1401 2159 extant
1427 2121 1527 2173 apud

65 2183 291 2220 Macrobium
319 2183 397 2220 Sat.
423 2187 460 2229 l,
483 2187 544 2229 12,
572 2194 667 2218 anno
689 2183 734 2218 V.
756 2183 799 2219 C.
821 2184 895 2219 746
922 2189 1079 2219 testante
1105 2184 1223 2221 Dione
1250 2185 1375 2221 Cassio
1396 2184 1460 2231 55,
1481 2185 1526 2230 63

66 2245 113 2282 de
148 2248 221 2295 qua
258 2258 297 2282 re
332 2245 440 2282 ualde
477 2245 610 2281 errauit
645 2245 842 2293 Fogginius
877 2245 978 2281 Fast.
1015 2245 1148 2282 Praen.
1183 2259 1222 2296 p.
1247 2246 1344 2294 1253
1392 2245 1526 2282 deinde

64 2307 181 2357 ipsum
208 2319 368 2344 errorem
402 2308 437 2343 in
473 2305 721 2343 intercalando
755 2307 825 2342 iam
854 2313 1015 2343 ueterem
1051 2307 1238 2345 sustulisse
1264 2314 1369 2345 sexto
1396 2314 1435 2345 et
1458 2308 1523 2344 tri-

3 2400 10 2411 ,
65 2371 197 2406 cesimo
223 2381 319 2405 anno
346 2376 431 2419 post
457 2370 650 2414 Caesarem
678 2368 915 2417 dictatorem,
956 2369 1025 2406 hoc
1051 2376 1105 2406 est
1131 2370 1177 2406 V.
1207 2370 1250 2407 C.
1279 2371 1369 2417 746,
1406 2369 1522 2406 Macr.

65 2433 103 2478 1,
131 2431 180 2467 14
213 2430 317 2477 Suet.
345 2430 434 2469 Oct.
461 2435 530 2479 313
574 2438 650 2467 tum
684 2430 790 2467 ludos
817 2443 1021 2480 perennes,
1055 2431 1126 2468 hoc
1152 2438 1230 2480 est,
1257 2432 1318 2481 qui
1345 2432 1380 2467 in
1407 2430 1521 2467 fastos

0 2503 13 2518 ··=
63 2491 307 2538 referrentur,
344 2496 418 2530 eius
446 2493 556 2529 natali
583 2492 641 2529 die
669 2492 834 2529 decretos
860 2494 945 2530 item
973 2506 1069 2530 anno
1095 2495 1170 2530 746
1196 2493 1396 2531 secundum
1424 2493 1520 2529 Dio-

0 2549 28 2598 ’ᾊ
64 2553 119 2589 nis
143 2554 261 2591 locum
287 2555 510 2603 indicatum3
545 2561 737 2604 quartum,
773 2555 820 2591 ab
846 2566 890 2592 eo
918 2562 1035 2592 certos
1069 2556 1144 2593 dies
1182 2557 1323 2593 senatui
1349 2553 1519 2591 habendo

65 2616 275 2653 constitutos
311 2629 414 2666 esse,
451 2613 680 2654 narrantibus
712 2617 888 2655 Suetonio
913 2629 944 2654 c.
973 2617 1021 2654 35
1057 2624 1095 2655 et
1129 2617 1248 2655 Dione
1274 2618 1340 2666 55,
1367 2619 1419 2666 3,
1456 2616 1518 2666 qui

1098 2681 1126 2716 Α
1156 2683 1180 2715 2
