1685 2954
545 137 648 166 Lm.
679 135 965 165 snchnvs
1424 118 1481 164 83

147 237 356 294 Exiguum
383 236 525 290 templi
553 241 670 279 tecta
696 236 878 279 {oramen
905 234 1070 278 habent.
1396 239 1479 276 670

92 309 296 360 Termine,
324 309 419 359 post
445 303 543 345 illud
571 304 720 346 leuitas
748 304 823 344 tibi
851 303 978 344 libera
1005 315 1086 344 non
1117 307 1204 345 est:

147 376 242 429 Qua
268 373 427 428 positus
453 370 581 413 fueris
610 372 651 413 in
680 370 873 424 statione,
902 383 1035 411 mane.

90 445 186 486 Nec
213 449 257 484 tu
284 438 418 481 uicino
443 440 661 493 quicquam
689 439 875 481 concede
904 436 1078 492 roganti,

146 512 215 552 Ne
237 507 402 549 uidear-e
423 506 627 548 hominem
647 506 939 561 praeposuisse
958 504 1056 546 loui.

91 579 148 620 Et
175 588 252 617 seu
280 574 527 627 uomeribus,
556 587 634 616 seu
662 580 714 616 tuv
736 574 954 629 pulsabere
981 572 1137 625 rastris,
1401 575 1481 614 675

20 678 22 680 .
81 683 84 686 .
146 644 349 695 clamato,
379 654 482 684 suus
509 648 578 684 est
602 643 671 685 hio
699 656 813 698 ager,
841 640 909 683 ille
938 647 1046 682 tuus,

88 714 170 754 Est
197 712 266 753 uia
296 723 403 765 quae
434 711 628 764 populum
655 711 886 753 Laurentes
915 709 1030 751 ducit
1056 706 1097 749 in
1124 719 1261 762 agros,

147 777 364 832 Quondam
390 776 597 819 Dardanio
625 791 756 832 regna
783 778 915 831 petita
943 777 1048 819 duci.

89 848 162 888 Illa
189 846 362 901 lanigeri
384 845 546 898 pecoris
574 844 658 898 tibi,
688 846 890 899 Termine,
913 845 1026 886 fibris

146 915 278 956 Sacra
305 913 420 954 uidet
447 911 536 954 fieri
564 919 712 953 sextus
740 912 791 953 ab
820 912 920 953 urbe
947 912 1064 964 lapis.
1404 912 1485 948 680

91 982 298 1025 Gentibus
327 988 393 1023 est
420 982 512 1022 aliis
539 980 662 1021 tellus
691 978 788 1019 data
813 978 939 1020 limite
968 984 1104 1020 certo:

147 1051 360 1092 Romanae
389 1049 566 1103 spatium
595 1052 662 1087 est
689 1046 800 1088 urbis
828 1053 873 1088 et
901 1047 1012 1088 orbis
1039 1045 1163 1087 idem.

93 1183 221 1224 Nunc
249 1180 346 1223 mihi
374 1179 551 1221 dicenda
579 1184 647 1220 est
674 1181 789 1234 regis
816 1183 931 1237 fuga.
971 1181 1096 1223 traxit
1121 1181 1172 1222 ab
1201 1180 1268 1221 illa

145 1250 305 1290 Sextus
333 1247 385 1288 ab
415 1252 601 1288 extremo
629 1248 792 1291 nomina
820 1263 964 1291 mense
994 1249 1097 1290 dies.

89 1317 246 1359 Vltima
274 1313 519 1369 Tarquinius
552 1327 745 1357 romanae
781 1317 922 1372 gentis
959 1316 1142 1357 habebat
1406 1316 1487 1355 685

148 1385 323 1440 Regna,
352 1384 414 1424 uir
442 1383 640 1437 iniustus,
669 1384 787 1426 fortis
813 1385 866 1426 ad
895 1397 1006 1426 arma
1033 1391 1186 1426 tamen.

37 1543 120 1577 tera
142 1541 182 1577 in
205 1552 283 1578 ras.
304 1542 428 1589 posita
444 1539 588 1589 Ilfeld„
614 1545 730 1579 totum
745 1542 784 1578 in
802 1553 879 1579 ras.
895 1554 944 1578 m.
1056 1542 1143 1579 671.
1171 1545 1255 1590 post
1280 1539 1377 1576 illam
1402 1542 1489 1576 tres.

89 1592 177 1626 672.
209 1591 331 1627 fueras
363 1588 724 1640 ΟΟΠΨῃτηαφν.
753 1592 884 1637 decem
916 1589 1034 1641 (DPp
1050 1603 1215 1629 uar.scr.
1259 1602 1385 1626 manes
1410 1589 1491 1626 AB

45 1638 295 1678 ΟΕΕΦπια.
307 1653 376 1678 sec.
397 1646 439 1678 ut
457 1646 491 1678 et
507 1641 575 1688 ΠΤ.
594 1640 746 1680 TAM
757 1640 1282 1691 OPHAEbeyhpv-sw
1293 1644 1340 1677 41
1354 1641 1402 1676 43
1428 1642 1491 1677 wi·-

38 1692 133 1740 9imti
157 1695 231 1727 tres
255 1695 288 1727 et
308 1695 395 1728 uett.
413 1691 468 1728 ed.
518 1694 629 1730 Vetus
646 1695 831 1743 scriptura
849 1696 888 1731 ᾶη
908 1693 975 1741 Ilf.
996 1694 1216 1741 agnoscitur.
1319 1692 1407 1728 673.
1433 1691 1490 1727 ui-

41 1742 124 1778 cino
150 1741 249 1777 illum
275 1742 468 1790 quicquam
492 1754 524 1778 r.
627 1744 714 1780 674.
741 1744 822 1780 Nec
849 1744 921 1782 uid.
947 1745 1039 1781 ΑΡ.
1082 1755 1253 1792 praepos.
1280 1741 1350 1778 deo
1381 1742 1428 1778 G.

93 1792 180 1828 675.
207 1798 248 1828 tu
276 1791 459 1829 uiolabere
486 1798 590 1829 rastr.
610 1794 653 1829 F.
695 1793 789 1842 puls.
817 1794 904 1830 rotis
928 1793 960 1840 f.
1062 1795 1149 1830 676.
1176 1796 1251 1836 Ita,
1276 1803 1375 1836 suus,
1397 1786 1492 1827 DA

42 1846 78 1879 et
102 1841 187 1879 duo.
234 1854 336 1878 meus
362 1843 449 1878 629
477 1843 563 1888 (see.
582 1842 753 1879 schedas:
781 1847 826 1879 11
853 1845 892 1880 in
919 1848 1044 1880 annot.
1066 1841 1194 1893 impr.)
1234 1849 1318 1879 tuus
1349 1841 1490 1890 reliqua).

42 1900 128 1929 tuus
152 1892 209 1928 hic
234 1899 290 1928 est
317 1904 404 1941 ager
427 1890 489 1940 fy.
527 1904 615 1941 ager
641 1893 707 1939 iste
737 1894 785 1930 G.
825 1893 886 1930 ille
910 1907 997 1930 suus
1021 1894 1142 1930 Ama.
1153 1905 1223 1930 sec.
1239 1893 1490 1930 BGMPma.

41 1955 113 1981 sec.
133 1940 413 1980 ²15Tbhmma.
426 1954 494 1979 sec.
506 1954 588 1991 prs
613 1941 796 1981 duodecim
821 1948 855 1980 et
876 1949 961 1981 uett.
977 1944 1032 1981 etl.
1073 1944 1196 1982 Gloss.
1217 1945 1263 1981 C.-
1287 1955 1386 1989 suus,
1411 1942 1435 1979 i.
1454 1954 1491 1979 e.

43 1994 153 2031 illius.
257 1994 345 2030 677.
373 1993 431 2029 uia
456 1993 640 2030 laurentes
665 1995 842 2044 populum
868 2007 963 2044 quae
989 1995 1090 2032 ducis
1115 1995 1151 2031 in
1178 1991 1227 2032 Γ.
1270 1993 1426 2043 populos
1453 1994 1490 2028 D

42 2046 88 2082 N
109 2045 274 2094 quinque.
313 2043 497 2080 laureatos
523 2043 591 2090 llf.
610 2048 778 2082 ma.tert.
799 2056 819 2082 r
835 2057 911 2083 ma.
923 2058 993 2084 sec.
1095 2047 1183 2082 678.
1211 2042 1410 2081 dardanido
1437 2045 1489 2080 D.

42 2094 149 2132 dard.
186 2102 283 2132 terra
315 2100 391 2144 pet.
423 2091 570 2131 ‹DZbr
590 2094 672 2132 duo.
723 2094 827 2132 dard.
856 2102 952 2132 terra
1012 2096 1100 2133 otita
1130 2108 1238 2133 tutus.
1286 2105 1400 2143 regna
1425 2105 1493 2142 pe-

42 2144 155 2182 tenda
180 2156 288 2182 tonus.
391 2146 478 2181 679.
506 2145 591 2181 lllac
616 2143 712 2182 ΒΓ.
750 2146 827 2182 Illic
851 2144 962 2184 AM
1017 2145 1313 2195 Pyhma.sec.s
1336 2142 1493 2181 undeui-

40 2197 134 2244 ginti
158 2200 193 2232 et
215 2194 304 2232 Αἶά.
319 2197 447 2246 primm
471 2192 524 2231 Π
533 2207 616 2233 uar.
630 2208 702 2233 scr.
745 2196 811 2233 Illo
839 2201 886 2233 12
914 2197 1022 2235 anus.
1063 2198 1129 2234 Ille
1152 2209 1264 2241 unus;
1289 2205 1491 2245 puar.scr.

42 2246 227 2295 lanigerae
247 2247 292 2283 O.
395 2248 482 2283 680.
512 2245 627 2283 Sacra
652 2248 751 2284 iubet
769 2249 814 2284 P.
857 2248 956 2285 uides
976 2252 1147 2298 quatuor;
1178 2248 1377 2285 (Inar-scr.
1413 2244 1494 2281 fieri

43 2303 152 2334 Vltus
177 2294 227 2334 Γ.
267 2297 356 2334 orbe
381 2296 413 2343 f.
513 2299 601 2341 631.
628 2297 715 2334 data
741 2298 853 2335 limite
879 2303 1087 2336 atert.ma.
1104 2301 1143 2335 in
1156 2310 1234 2335 ras,
1250 2294 1375 2343 Ilfeld.
1413 2294 1493 2332 aliis

45 2346 132 2384 data
159 2347 266 2385 tellus
292 2348 318 2386 h
335 2351 422 2384 uett.
443 2346 498 2384 ed.
538 2348 645 2385 tellus
672 2349 707 2384 in
733 2349 844 2385 limite
865 2351 1144 2398 BDmma.pr.
1171 2349 1336 2397 quinque.
1370 2345 1494 2382 limine

45 2394 95 2435 Γ.
133 2397 270 2435 lumine
294 2410 314 2436 r
327 2410 401 2435 nia.
421 2410 479 2447 pr.
581 2400 668 2436 682.
695 2399 868 2436 Romanis
888 2402 936 2436 D.
974 2400 1142 2436 Romano
1161 2411 1185 2448 p
1200 2410 1283 2435 παῦ’.
1297 2408 1369 2434 scr.
1407 2408 1494 2446 spa-

47 2446 140 2484 cium
163 2447 385 2495 Ilfeld.DE
398 2449 445 2486 G.
555 2450 642 2485 683.
682 2449 792 2486 Nunc
817 2450 970 2487 dicenda
1002 2450 1087 2486 mihi
1119 2451 1213 2499 regis
1238 2448 1258 2485 b
1273 2451 1317 2484 ll
1335 2447 1396 2483 14.
1437 2452 1495 2483 est

49 2507 174 2546 regum
194 2496 273 2536 ΡΣ
283 2502 322 2537 3.
361 2500 408 2536 ab
427 2499 488 2536 illo
508 2502 545 2536 D
563 2499 673 2538 altus.
775 2502 863 2537 684.
895 2500 1053 2544 Quintus
1072 2501 1118 2537 ab
1144 2505 1183 2537 2.
1219 2498 1406 2549 Septimus
1429 2508 1496 2534 ex-

49 2552 165 2585 tremo
189 2550 231 2586 N
244 2552 290 2597 7;
317 2553 366 2588 M
383 2562 466 2588 aar.
486 2562 559 2588 scr.
606 2551 653 2587 ab
681 2550 821 2588 alterno
849 2552 994 2588 nomine
1019 2562 1143 2588 mense
1170 2552 1206 2587 6.
1255 2555 1418 2586 extrema
1443 2549 1494 2589 D.

49 2596 98 2633 ab
123 2603 247 2636 eterno
269 2598 401 2638 (Dma.
420 2613 478 2651 pr.
517 2601 563 2638 ab
589 2607 739 2639 externo
762 2599 803 2638 Φ
818 2613 892 2639 ma.
909 2613 979 2640 sec.
1083 2601 1170 2641 685.
1195 2600 1343 2638 habebit
1367 2600 1403 2635 Ε
1417 2609 1494 2634 ma.

0 2674 1 2683 ,
49 2658 109 2695 pr.
210 2650 296 2689 686.
322 2652 380 2688 uir
405 2651 563 2690 incestus
588 2651 620 2699 f.
665 2651 770 2690 fortis
795 2653 832 2690 in
858 2664 960 2690 arma
987 2649 1029 2690 <D
1045 2664 1127 2691 aar.
1144 2664 1217 2690 scr.
1232 2651 1333 2700 (test.
1348 2649 1497 2696 Heius.)

51 2707 154 2736 arma
179 2700 279 2739 uenit
305 2701 339 2740 0
353 2713 428 2742 ma.
445 2713 506 2752 pr.

1130 2764 1186 2801 6*
