1685 2954
204 99 279 143 164
755 115 1074 147 rns'ronvm

309 279 499 321 Caedunt
527 282 692 323 iactatis
719 283 814 323 uilia
842 284 1020 326 membra
1050 286 1187 327 comis.
1672 324 1674 327 .

252 348 419 388 Talibus
442 349 600 389 Aoniae
630 349 805 391 facunda
835 363 940 392 uoce
969 353 1178 394 Camenae
1548 354 1628 392 245
1667 339 1674 394 ¹3

308 414 484 455 Reddita
514 415 689 469 quaesiti
719 428 846 458 causa
874 419 1017 460 furoris
1048 428 1145 461 erat.

252 482 344 521 Hoc
371 495 544 536 quoque,
576 484 659 524 dux
688 485 835 537 operis,
865 498 1033 527 moneas
1060 482 1213 540 precor,
1247 486 1353 527 unde
1380 487 1509 539 petita

303 549 486 591 Venerit.
526 563 578 592 an
607 557 747 592 nostra
776 564 937 605 semper
965 553 1005 592 in
1034 554 1132 593 urbe
1162 551 1266 594 suit?

1661 0 1685 113 i

253 212 380 254 Venit
408 213 448 253 in
477 213 706 267 exemplum
735 217 841 257 furor
868 217 947 270 hic,
978 217 1201 272 mollesque
1232 218 1399 260 ministri
1672 127 1685 269 ‘4⁴‘

248 615 476 671 Dindymon
507 623 551 658 et
578 617 765 672 Cybelen
793 623 838 657 et
865 629 1075 659 amoenam
1106 618 1282 659 fontibus
1310 618 1408 659 Iden
1666 626 1681 653 ε’

304 684 478 736 Semper
502 690 545 724 et
571 683 718 725 Iliacas
746 684 881 725 Mater
909 685 1062 725 amauit
1090 698 1203 738 opes.
1549 689 1630 724 250
1660 714 1662 717 .

245 749 353 791 Cum
384 747 544 790 Troiam
571 751 740 790 Aeneas
768 751 893 791 Italos
920 757 1102 804 portaret
1131 751 1170 792 in
1200 764 1335 806 agro-³,

302 818 380 857 Est
408 817 486 857 dea
515 817 732 857 sacriferas
760 829 894 870 paene
925 824 1072 860 secuta
1100 825 1221 860 rates.

245 882 334 923 Sed
362 883 538 923 nondum
571 884 667 924 fatis
694 878 814 925 Latio
848 898 926 926 sua
953 885 1115 925 numina
1144 884 1261 938 posci
1659 882 1681 926 *⁴³

302 950 513 1001 Senserat,
544 951 726 991 assuetis
754 952 1079 1006 substiteratque
1108 952 1220 993 locis.

246 1017 349 1058 Post
376 1023 421 1058 ut
450 1017 582 1057 Roma
608 1022 758 1069 potens
787 1019 931 1072 opibus
958 1018 1038 1059 iam
1067 1019 1236 1060 saecula
1263 1018 1437 1072 quinque
1548 1025 1627 1061 255

301 1083 430 1138 Vidit,
460 1090 504 1125 et
532 1083 709 1125 edomito
740 1086 905 1126 sustulit
931 1086 1027 1126 orbe
1057 1092 1194 1139 caput,
1676 1088 1679 1098 '

242 1150 447 1193 Carminis
476 1151 648 1193 Euboici
677 1152 816 1192 fatalia
845 1153 970 1193 uerba
998 1153 1195 1194 sacerdos

300 1219 479 1272 Inspicit.
525 1219 755 1271 inspectum
790 1220 875 1259 tale
908 1220 1038 1261 fuisse
1074 1221 1224 1262 ferunt:

243 1286 381 1327 Mater
409 1286 540 1326 abest.
578 1291 746 1327 matrem
776 1287 908 1339 iube0‚
936 1288 1132 1341 Romane,
1163 1287 1356 1341 requiras.
1660 1309 1676 1341 2

298 1354 405 1396 Cum
432 1352 584 1406 ueniet,
614 1359 733 1395 casta
760 1361 825 1395 est
855 1353 1096 1408 accipienda
1124 1368 1257 1396 manu.
1545 1362 1626 1396 260

237 1467 327 1501 243.
361 1466 395 1501 in
429 1466 594 1516 exemplo
620 1464 670 1503 Γ.
718 1467 754 1503 in
789 1471 972 1502 assuetum
1006 1465 1076 1503 sur.
1104 1463 1160 1502 Π.
1212 1466 1315 1502 furor
1345 1465 1427 1502 hinc
1449 1464 1624 1511 -I'(?)33.
1662 1457 1675 1538 ³

186 1528 260 1565 que
285 1517 443 1565 magistri
468 1515 492 1563 f
504 1529 649 1566 mmm.
752 1519 837 1552 244.
873 1516 986 1553 Caed.
1015 1518 1149 1552 uittatis
1175 1518 1236 1552 44.
1281 1517 1364 1555 iact.
1392 1517 1513 1553 mollia
1538 1516 1625 1560 dum
1661 1517 1673 1554 ”.

183 1579 242 1615 91)
257 1578 339 1603 uer.
354 1578 426 1604 scr.
472 1568 621 1604 menbra
651 1568 698 1603 G.
809 1567 896 1602 245.
930 1566 1059 1602 aonide
1086 1564 1127 1602 Γ
1125 1594 1134 1603 .
1169 1567 1354 1603 ‘saecunda
1385 1567 1455 1603 Gm
1473 1578 1548 1602 ma.
1567 1578 1625 1616 pr.
1669 1562 1674 1569 ⁴

185 1617 394 1653 Camoenae
419 1619 606 1664 incertum,
634 1629 720 1654 mzm
746 1616 828 1653 libri.
855 1618 979 1653 Heius.
1091 1619 1177 1653 246.
1205 1616 1324 1653 Redd.
1352 1616 1537 1665 quaerenti
1565 1621 1590 1652 t.

238 1668 325 1703 247.
353 1667 453 1703 Haec
471 1680 615 1717 quoque
636 1669 779 1712 BDN;
798 1679 911 1715 puar.
920 1679 990 1703 scr.
1023 1667 1117 1702 Huic
1133 1678 1277 1716 quoque
1297 1669 1347 1702 20
1360 1666 1443 1703 duo.
1478 1672 1623 1702 moneat

185 1717 235 1753 A.
271 1728 402 1765 precor
419 1730 488 1753 om.
512 1719 558 1754 G.
662 1720 750 1753 248.
771 1718 930 1754 Venerat
946 1714 998 1753 A.
1034 1716 1183 1752 Venerit
1210 1728 1255 1752 na
1282 1729 1327 1752 an
1346 1719 1394 1753 D.
1432 1729 1477 1753 an
1505 1722 1623 1752 uestra

184 1780 233 1803 m.
273 1774 396 1803 nostra
417 1780 524 1803 causa
548 1768 583 1803 in
601 1770 789 1815 Dma.pr.
810 1778 903 1804 corr.
943 1767 978 1802 in
1005 1766 1096 1803 aede
1114 1766 1182 1803 suit
1202 1770 1246 1802 12
1257 1769 1319 1803 20.
1421 1768 1508 1804 249.
1534 1766 1623 1802 Din-

184 1817 306 1853 donon
336 1820 384 1853 D.
424 1817 616 1865 Digdimon
644 1821 689 1854 E.
728 1817 920 1853 Dindimon
943 1814 993 1853 Γ.
1034 1818 1172 1865 cibelen
1202 1820 1249 1853 D.
1288 1817 1425 1853 cibelon
1452 1820 1497 1854 Ε.
1538 1817 1622 1852 cibi·
1666 1827 1673 1836 ¹

184 1867 241 1903 len
266 1865 378 1914 Gsf.
419 1868 558 1904 cibilem
575 1868 612 1904 h.
652 1880 723 1904 arn.
744 1866 931 1903 frondibus
953 1866 978 1903 h
995 1872 1149 1915 ‹letatuor
1168 1863 1371 1916 Aldqffim.
1411 1867 1501 1903 sont.
1528 1866 1620 1902 idem
1662 1878 1665 1880 ’

185 1919 259 1965 Gp.
310 1918 401 1954 sont.
430 1918 523 1953 idam
551 1918 678 1967 reliqui
703 1919 872 1966 exceptis,
898 1929 987 1965 quos
1012 1929 1150 1966 sequor,
1177 1915 1430 1954 ABDFGF
1427 1915 1476 1953 A
1483 1915 1523 1953 A
1531 1914 1592 1952 ΣΙ)
1601 1915 1625 1963 f

180 1979 426 2017 ymrmaqnz
452 1971 551 2004 1343
577 1969 707 2015 uiyimi
732 1973 863 2016 septem
891 1968 987 2004 aliis.
1103 1968 1189 2004 251.
1229 1969 1415 2004 ῐνοίθῃἛΣ.
1460 1980 1541 2004 aen.
1568 1967 1621 2003 la-
1663 1965 1669 1977 ⁴

183 2019 251 2053 tios
281 2021 323 2054 'lt
374 2018 447 2054 ital.
476 2019 634 2067 portauit
664 2015 1033 2054 DFGOEAPWA
1046 2017 1276 2066 beflhrs,·
1302 2020 1519 2055 Nunnscr.

232 2068 319 2106 252,
360 2080 477 2117 paene
508 2070 619 2117 petita
649 2071 767 2104 Bma.
787 2080 854 2104 sec.
963 2069 1050 2104 253.
1088 2069 1196 2105 nond.
1225 2070 1315 2104 lucio
1341 2068 1423 2104 satis
1448 2080 1480 2105 r.
1528 2068 1618 2104 lacio
1641 2083 1666 2119 ,εξ

186 2119 232 2154 G.
277 2130 341 2153 sua
369 2119 513 2154 nomina
539 2116 629 2154 EA
641 2122 690 2155 20
709 2118 796 2163 dum
826 2118 947 2155 Geuzr.
962 2131 1031 2155 scr.
1081 2131 1147 2154 sua
1179 2131 1327 2154 munera
1355 2121 1388 2154 P
1410 2119 1517 2155 alius.
1651 2110 1656 2121 ⁴

231 2169 318 2205 254.
346 2177 479 2205 assuet.
508 2170 789 2218 constiteratque
818 2166 1614 2205 DFFAMNOPIIETb310224041
1639 2121 1668 2262 ἐ

180 2217 308 2255 decem.
351 2225 484 2255 assuet.
507 2220 663 2256 constitit
690 2227 800 2267 atque
827 2220 895 2254 loc.
919 2221 964 2255 G.
1001 2221 1306 2268 constitueretque
1327 2231 1360 2256 r.
1400 2217 1615 2254 considerat·
1663 2257 1665 2265 .

179 2281 251 2317 que
278 2281 308 2305 s.
412 2270 498 2305 255.
536 2269 623 2306 Post
650 2270 709 2304 ubi
740 2271 985 2307 G0m‹1.sec.
1005 2268 1146 2306 s2‘?20
1172 2270 1364 2307 duodecim.
1405 2268 1491 2304 Post
1517 2267 1615 2315 quod

180 2330 280 2355 roma
307 2317 361 2355 Il.
401 2319 597 2367 Postquam
627 2331 725 2355 roma
757 2318 977 2356 (Ditem-..cmx
1019 2321 1146 2369 opibus
1174 2328 1246 2356 tam
1273 2332 1366 2356 saec.
1396 2315 1446 2353 Φ.
1485 2319 1614 2365 opibus
1662 2319 1665 2324 '

180 2369 233 2403 bis
259 2382 354 2406 saec.
376 2367 432 2406 Π.
468 2370 588 2407 Gloss.
608 2373 658 2406 E:
686 2371 881 2418 Quingenti
909 2372 992 2406 anni
1020 2377 1109 2406 teste
1136 2371 1316 2406 macrobio
1342 2380 1362 2404 a
1389 2368 1526 2403 romulo
1555 2380 1612 2402 us-

177 2431 249 2466 que
275 2420 319 2455 ad
349 2418 557 2469 scipionem.
661 2422 747 2456 256.
784 2427 819 2455 et
847 2432 868 2455 e
893 2420 1027 2456 domito
1059 2417 1345 2467 FMNOHp.
1394 2425 1429 2453 et
1456 2417 1612 2453 adomito

174 2480 207 2504 τ.
247 2471 365 2517 capud
386 2474 430 2506 E.
532 2471 617 2506 257.
648 2471 796 2506 euboeci
818 2473 997 2519 Eminpr.
1039 2471 1164 2506 euboci
1184 2471 1229 2506 G.
1267 2467 1366 2504 fatal.
1389 2468 1490 2515 signa
1505 2477 1611 2503 nantas.

179 2517 301 2556 Gloss.
324 2523 371 2555 E:
398 2521 454 2557 De
479 2521 618 2556 euboea
653 2527 829 2556 uenerunt
861 2522 920 2569 qui
948 2532 1068 2556 cumas
1100 2521 1273 2556 fecerunt.
1384 2519 1471 2554 258.
1503 2517 1613 2553 fuisse
1636 2533 1640 2540 ·

175 2568 287 2604 refert
309 2572 356 2605 D.
400 2571 491 2618 iusp.
519 2572 605 2606 talia
633 2571 743 2606 uerba
772 2570 883 2606 refert
914 2572 960 2607 G.
1062 2571 1147 2605 259.
1177 2568 1278 2604 adest
1304 2579 1469 2615 rmwpr.
1511 2567 1610 2602 abest

174 2618 279 2654 iubeo
307 2625 455 2655 matrem
484 2633 572 2656 rom.
608 2619 689 2667 ⁴1¹9.
738 2629 887 2656 matrem
915 2622 1036 2656 iubeas
1062 2619 1238 2666 frumpr.
1344 2620 1428 2654 260.
1462 2618 1609 2654 Conue-

174 2669 246 2704 niet
272 2671 329 2704 M.
