1685 2954
172 123 257 168 228
729 131 1051 188 rAsronvnr

284 238 449 289 Iamque
475 233 516 274 in
543 232 700 286 priuato
720 223 901 287 *pascere
928 231 1071 274 inertis
1096 236 1198 287 uerat.

229 301 369 344 Plebis
396 301 448 342 ad
477 301 630 342 aediles
657 301 856 353 perducta
881 301 1047 342 licentia
1075 299 1169 340 talis

287 367 506 408 Publicios.
545 368 702 408 animus
732 369 862 409 defuit
894 374 989 409 ante
1017 367 1126 408 uiris.

231 435 338 476 Rem
364 435 537 488 populus
565 435 721 488 recipit,
748 436 915 475 multam
944 435 1105 475 subiere
1134 439 1351 476 nocentes.

286 502 528 543 Vindicibus
556 501 668 542 laudi
696 502 858 554 publica
886 514 981 542 cura
1010 501 1097 542 fuit.
1537 506 1617 542 290

234 569 366 610 Multa
393 569 490 610 data
518 576 585 610 est
612 581 667 609 ex
695 574 811 621 parte
838 569 946 621 mihi,
977 581 1208 625 magnoque
1237 569 1375 609 fauore

289 636 483 678 Victores
510 636 628 677 ludos
655 635 868 675 instituere
896 647 1045 674 nouos:

233 703 358 742 Parte
390 704 528 744 locant
559 705 721 753 cliuum,
750 701 818 753 qui
846 707 946 740 tunc
976 707 1063 740 erat
1092 700 1216 741 ardua
1243 715 1379 755 rupes,

291 771 405 810 Vtile
434 782 541 811 nunc
569 769 646 810 iter
676 772 755 818 est,
786 765 1092 818 Publiciumque
1124 773 1288 807 uocant.

236 837 385 877 Annua
414 837 663 877 credideram
692 832 933 885 spectacula
962 833 1084 874 facta.
1130 836 1314 890 negauit,
1541 839 1619 874 295

290 904 459 944 Addidit
488 909 531 943 et
559 901 681 943 dictis
713 900 841 940 altera
871 900 996 941 uerba
1025 900 1133 942 suis:
1169 935 1179 940 -

236 972 328 1012 Nos
356 983 517 1024 quoque
545 970 679 1022 tangit
709 968 846 1008 honor.
884 967 1003 1008 festis
1033 968 1262 1023 gaudemus
1292 976 1335 1010 et
1365 969 1458 1021 aris,

294 1039 513 1090 Turbaque
543 1036 752 1075 caelestes
782 1034 997 1076 ambitiosa
1028 1049 1183 1077 sumus.

237 1105 376 1158 Saepe
405 1104 508 1144 deos
537 1101 683 1156 aliquis
710 1100 922 1154 peccando
951 1103 1051 1142 fecit
1081 1103 1254 1157 iniquos,

293 1174 350 1213 Et
378 1184 449 1225 pro
479 1170 640 1210 delictis
665 1167 802 1210 hostia
828 1168 976 1209 blanda
1004 1170 1091 1210 fuit.
1547 1175 1625 1209 300

239 1241 377 1292 Saepe
406 1241 543 1278 Iouem
571 1236 666 1288 uidi,
697 1249 789 1276 cum
820 1237 899 1276 iam
926 1249 1003 1277 sua
1031 1237 1194 1278 mittere
1223 1239 1349 1278 uellet

293 1304 494 1356 Fulmina,
522 1304 640 1342 thure
670 1301 765 1342 dato
794 1302 1043 1343 sustinuisse
1072 1317 1246 1345 manum.

240 1375 299 1414 At
327 1374 362 1414 si
391 1370 647 1424 negligimur,
675 1370 837 1422 magnis
866 1370 1007 1410 iniuria
1038 1370 1183 1423 poenis

297 1440 489 1489 Soluitur‚
521 1442 564 1477 et
592 1438 742 1476 iustum
772 1438 968 1489 praeterit
996 1438 1054 1477 ira
1082 1438 1256 1479 modum.

241 1507 422 1560 Respice
451 1502 716 1545 Thestiaden.
756 1503 927 1546 flammis
957 1505 1197 1546 absentibus
1225 1505 1342 1546 arsit:
1546 1510 1626 1546 305

235 1631 324 1667 286.
351 1629 423 1666 lam
444 1639 588 1677 quoque
606 1628 698 1677 priu.
720 1626 802 1664 duo.
839 1639 938 1677 pasc.
958 1628 1100 1664 inermis
1119 1626 1249 1664 (Duar.
1258 1639 1328 1664 scr.
1430 1627 1518 1663 287.
1544 1639 1630 1676 per-

186 1680 282 1717 dicta
302 1677 350 1715 Γ.
392 1679 472 1716 aed.
501 1677 620 1714 delata
646 1678 702 1714 lic.
726 1680 784 1713 13.
825 1677 906 1716 aed.
934 1679 1110 1726 promissa
1136 1679 1301 1728 potentia
1328 1677 1390 1714 tal.
1417 1680 1477 1712 ll.
1519 1677 1630 1714 licen-

188 1732 243 1767 cia
272 1727 361 1767 GF.
472 1730 557 1764 288.
592 1728 800 1777 Pupplicios
827 1725 875 1763 Γ.
923 1728 1091 1764 Publiciis
1117 1732 1179 1764 23.
1228 1729 1364 1764 animos
1390 1727 1427 1763 h.
1477 1728 1583 1763 animi
1609 1727 1630 1763 b

188 1793 263 1818 ma.
280 1792 339 1830 pr.
448 1780 536 1814 289.
573 1790 645 1814 rec.
682 1777 783 1813 multi
817 1776 947 1814 DGF
956 1776 1011 1814 M
1016 1778 1235 1828 frma.pr.;
1262 1775 1304 1814 A
1313 1790 1336 1827 p
1363 1777 1630 1827 quatuordecim
1670 1798 1676 1806 .

187 1843 273 1868 aar.
288 1841 358 1867 scr.
408 1829 543 1864 multae
567 1840 603 1863 m
621 1839 762 1875 mmpr.
812 1829 924 1863 multa
950 1828 975 1864 h
1000 1828 1082 1866 diuo.
1137 1829 1267 1864 multas
1293 1840 1400 1864 unus.
1451 1828 1571 1864 subire
1597 1830 1632 1864 E

188 1892 329 1928 maam.
431 1880 518 1914 290.
546 1878 660 1914 laudis
693 1875 1000 1915 GFANOPH
1015 1876 1392 1925 ²J1A2bfrmmec.
1414 1890 1558 1922 nouem;
1583 1881 1633 1915 M

187 1941 389 1981 puar.scr.
441 1928 533 1965 ludis
559 1928 663 1964 bma.
679 1940 747 1964 sec.
796 1928 909 1967 Vind.
935 1928 1009 1964 ludi
1043 1932 1091 1966 33
1118 1929 1200 1966 dno.
1250 1928 1357 1965 vind.
1384 1928 1489 1964 subdi
1520 1940 1630 1965 unies.
1673 1947 1676 1950 ·

188 1981 362 2031 pupplica
379 1977 426 2015 Γ.
467 1979 565 2028 publ.
587 1990 694 2014 causa
714 1977 744 2024 f.
845 1980 931 2014 291.
959 1979 1069 2016 Nulla
1089 1981 1138 2015 44
1152 1991 1316 2016 uar.scr.
1358 1972 1479 2015 Gloss.
1496 1978 1629 2024 Multa]

188 2033 268 2067 laus
292 2032 384 2067 DG.
488 2030 573 2064 292.
601 2030 773 2065 Auctores
799 2028 873 2065 lud.
901 2041 933 2065 s.
977 2029 1051 2066 lud.
1079 2030 1298 2066 constituere
1329 2026 1420 2065 ΟΣ.
1462 2028 1536 2065 lud.
1564 2029 1630 2064 im-

219 2092 346 2117 osuere
374 2081 433 2115 14.
477 2079 558 2114 inst.
586 2091 668 2114 suos
696 2081 744 2115 M
758 2091 838 2115 aar.
855 2091 926 2116 scr.
1030 2082 1117 2116 293.
1144 2080 1214 2116 loc.
1242 2080 1326 2116 cliui
1353 2077 1389 2115 Ε
1397 2077 1498 2115 ΖΗΝ
1507 2075 1634 2116 ΟΡΠ

247 2128 284 2166 Σ
297 2129 452 2178 ΤῘ91Μ·
477 2128 591 2165 decem
616 2128 690 2174 fere
715 2133 747 2164 et
773 2133 857 2165 neit.
878 2129 932 2166 cd.
986 2130 1066 2166 cliui
1093 2141 1187 2179 quae
1216 2137 1303 2166 ωηο
1328 2142 1434 2166 unus.
1489 2130 1534 2166 cl.
1560 2138 1630 2177 qua

192 2187 280 2218 tunc
299 2184 345 2217 Z.
389 2180 433 2215 cl.
463 2179 559 2228 quod
588 2186 672 2214 tunc
699 2181 760 2214 29.
801 2181 848 2216 cl.
874 2192 947 2229 quo
975 2188 1060 2216 ωηο
1086 2192 1192 2217 uitus.
1234 2188 1320 2217 tunc
1346 2181 1416 2216 suit
1432 2178 1494 2216 A.
1527 2179 1631 2226 *rupis

192 2231 223 2277 f.
267 2231 344 2267 ard.
371 2236 510 2266 montes
530 2226 579 2265 Γ.
617 2229 694 2265 ard.
719 2230 829 2266 moles
856 2233 916 2266 29.
1020 2232 1107 2267 294.
1139 2229 1242 2267 Vnde
1270 2243 1365 2267 nunc
1383 2228 1431 2267 Γ.
1471 2229 1532 2265 Vt.
1558 2239 1631 2263 non

194 2283 233 2317 it.
260 2294 310 2318 m.
363 2280 523 2329 pupplic.
554 2277 601 2314 Γ.
713 2281 799 2315 295.
834 2287 949 2329 spect.
987 2288 1093 2330 pacta
1125 2280 1154 2326 f.
1265 2283 1352 2317 296.
1387 2287 1424 2317 et
1448 2278 1563 2314 uerbis
1590 2275 1632 2312 A
1684 2315 1685 2318 ,

195 2331 303 2367 alins.
346 2331 431 2366 dict.
453 2330 538 2366 talia
564 2342 746 2379 πημονὴ
766 2334 851 2366 tres.
895 2331 1005 2366 uerba
1033 2332 1118 2367 meis
1132 2334 1180 2367 M
1191 2343 1275 2368 nur.
1285 2343 1355 2368 scr.
1453 2329 1537 2363 297·
1564 2327 1632 2363 ho-
1684 2369 1685 2373 ,

195 2393 260 2416 nos
290 2378 508 2418 BGE‘Hmn
525 2392 664 2417 nortem.
766 2383 854 2417 298.
881 2382 1074 2417 ambiciosa
1100 2379 1239 2418 EGF.
1340 2380 1423 2416 299.
1448 2377 1536 2413 deos
1562 2378 1633 2414 aris
1683 2387 1685 2396 ⁴

195 2442 294 2479 pecc.
321 2431 404 2467 «luo.
459 2431 543 2479 aliq.
573 2429 749 2478 placando
780 2434 838 2468 10.
894 2432 940 2468 al.
969 2431 1166 2480 spectando
1197 2443 1302 2468 aetius.
1411 2429 1496 2464 300.
1537 2427 1633 2464 host.

194 2492 325 2528 magna
349 2493 372 2527 9
392 2480 475 2517 duo.
515 2481 607 2516 host.
634 2480 753 2515 danda
780 2482 840 2516 35.
881 2481 974 2518 host.
1003 2489 1104 2529 grata
1129 2481 1198 2518 deo
1216 2484 1442 2517 Mmtr.scr.
1543 2480 1632 2514 301.

195 2531 314 2566 iouem
341 2532 462 2565 dicunt
486 2543 566 2565 cum
584 2529 645 2566 A.
687 2530 758 2566 uidi
784 2531 852 2567 iam
881 2543 962 2567 cum
981 2532 1059 2577 Nf.
1099 2533 1167 2567 iam
1193 2531 1368 2566 dimittere
1396 2528 1477 2564 uell.
1505 2541 1529 2576 p
1547 2539 1632 2564 aar.

195 2591 266 2617 ser.
367 2582 452 2615 302.
490 2581 653 2615 Flumina
678 2593 709 2616 r.
756 2581 841 2616 dato
868 2584 1098 2631 supposuisse
1123 2582 1183 2617 35.
1229 2591 1354 2615 manus
1380 2578 1442 2616 A.
1546 2581 1632 2614 303.

195 2629 386 2679 negligitur
415 2630 501 2664 034
527 2635 692 2677 (mutuor.
803 2634 888 2667 304.
923 2633 1024 2668 Solu.
1060 2633 1094 2667 in
1125 2631 1205 2665 iust.
1235 2633 1294 2665 M.
1346 2630 1428 2665 iust.
1455 2627 1632 2665 contrahit

196 2682 250 2716 ira
278 2681 335 2716 14.
377 2686 492 2727 praet.
522 2680 579 2714 illa
605 2692 635 2714 e.
681 2681 732 2716 ira
752 2688 886 2717 metum
911 2683 1130 2727 (1ηιίιιιι.ρι·.
1235 2680 1321 2717 305.
1353 2680 1481 2728 Aspice
1504 2690 1527 2726 9
1548 2682 1630 2714 tres.
