1685 2954
137 107 318 140 cxxxxn
656 133 660 138 .
738 106 796 136 DE
822 107 967 144 sacmss

136 220 220 259 sqq.
245 206 418 245 facillime
441 203 659 242 inuenisset:
685 204 838 244 Claudia
857 218 952 258 quae
972 212 1275 244 commemoratur
1300 218 1338 244 u.
1354 206 1442 256 155,
1465 208 1496 245 si
1523 219 1582 246 es-

138 277 196 309 set
220 269 282 307 illa
306 268 464 316 Magnae
490 265 614 303 matris
640 267 844 306 testimonio
870 268 1050 319 probata,
1077 269 1129 306 uti
1155 269 1282 306 uolunt
1306 268 1521 318 interpretes
1545 275 1584 307 et

139 329 357 374 Clausenius
383 341 423 378 p.
442 327 533 375 850,
558 339 656 365 anno
681 327 896 367 duodecimo
921 336 1004 381 post
1029 329 1163 368 famam
1190 332 1236 368 ab
1263 342 1307 368 ea
1332 336 1585 379 recuperatam

137 399 239 432 terra
265 390 342 428 dies
367 388 731 439 duodequadraginta
754 393 881 440 micuit,
907 392 990 429 Liu.
1020 394 1080 437 35,
1108 395 1170 430 40.
1223 392 1299 429 Sed
1325 403 1404 429 eam
1430 390 1586 429 Ouidius

138 457 178 502 4,
207 456 296 501 313,
333 451 458 495 Liuius
485 453 549 500 29,
576 453 639 499 14,
678 451 882 490 Macrobius
908 458 977 490 sat.
1005 457 1044 501 2,
1072 453 1112 501 5,
1138 466 1176 504 p.
1196 457 1271 490 237
1297 460 1500 491 matronam
1523 453 1588 490 fa-

138 516 256 560 ciunt,
287 526 361 552 non
387 514 579 564 uirginem.
635 513 760 557 Quare
786 514 1006 563 praestiterit
1032 527 1157 552 uersus
1183 514 1306 553 Ouidii
1332 516 1371 563 5,
1399 515 1488 562 155,
1515 515 1588 551 156

138 577 307 627 accipere
333 575 381 612 de
407 574 562 612 Claudia
587 574 730 612 Vestali
754 574 898 624 aliqua3
925 587 1033 611 unam
1058 576 1134 613 eius
1160 578 1312 614 nominis
1337 577 1462 614 Valer.
1488 576 1589 614 Max.

137 638 180 686 5,
205 639 246 686 4,
271 639 296 675 6
321 637 433 675 habet
466 643 504 674 et
537 643 657 674 terrae
691 642 828 672 motum
865 635 941 672 eius
974 643 1094 674 aetate
1120 638 1346 687 consignauit
1370 638 1438 675 Iul.
1466 637 1591 675 Obse-

138 711 255 751 quens
282 702 380 739 286
394 699 494 746 (25),
521 710 557 737 a.
584 698 633 736 v.
659 697 705 734 c,
733 698 820 741 620,
847 708 880 734 c.
898 697 947 732 89
965 697 1064 747 (27),
1090 710 1124 737 a.
1143 699 1195 736 -v.
1225 700 1269 736 c,
1290 701 1377 736 627.
1429 699 1487 736 De
1511 685 1591 736 Le-

138 761 341 800 muralibus
367 762 546 812 pleraque
571 764 672 796 recte
696 757 889 794 illustrauit
914 757 1105 807 Neapolis,
1133 760 1306 796 Varronis
1323 771 1469 809 quoque
1491 759 1593 808 frag·

139 829 265 861 mento
292 836 337 861 ex
363 824 388 860 l.
409 827 429 859 1
457 822 504 859 de
533 822 609 858 uita
634 833 672 870 p.
698 819 770 855 Ro.
798 817 897 868 apud
924 818 1023 856 Non.
1051 833 1088 870 p.
1115 821 1203 868 135,
1229 822 1276 856 16
1302 819 1485 857 adhibito:
1521 820 1594 856 ori·

141 885 277 936 ginatio
297 885 449 921 nominis
468 883 652 921 Ouidiana
676 893 762 918 num
787 880 945 917 indidem
972 880 1165 931 desumpta
1193 883 1252 929 sit,
1278 882 1486 930 ignoratur:
1511 880 1595 918 leue

143 947 220 984 eius
258 946 311 983 rei
336 945 506 982 indicium
541 943 704 981 inuenies
730 941 829 992 apud
856 942 964 979 Seru.
991 943 1038 979 ad
1064 944 1156 980 Aen.
1183 947 1219 988 1,
1245 944 1338 980 276:
1372 945 1488 980 Remo
1519 943 1596 980 sci-

142 1007 225 1045 ticet
250 1009 462 1056 interempto
489 1029 539 1037 --
564 1010 691 1043 natam
718 1008 859 1042 constat
884 1004 1149 1054 pestilentiam,
1180 1004 1276 1042 unde
1308 1004 1474 1042 consulta
1505 1016 1596 1042 ora-

144 1069 229 1106 cula
255 1068 425 1106 dixerunt
448 1067 649 1120 placandos
674 1078 750 1103 esse
779 1078 905 1104 manes
935 1066 1069 1112 fratris
1099 1069 1262 1105 extincti.
1313 1066 1399 1104 Non
1424 1066 1596 1104 Lemuria

142 1136 231 1168 tunc
257 1131 421 1167 instituta
446 1131 636 1167 dicunturz
669 1127 735 1165 sed
770 1134 892 1165 tamen
926 1128 1132 1177 pestilentia
1161 1129 1270 1165 etiam
1299 1127 1506 1165 Parentalia
1532 1139 1597 1164 ex-

144 1198 227 1231 acta
244 1198 344 1240 sunt,
371 1191 446 1230 Ou.
467 1196 504 1237 2,
526 1192 615 1238 547,
633 1189 721 1237 548,
742 1191 831 1238 553,
858 1189 918 1226 ubi
944 1189 1170 1226 suburbanos
1194 1201 1303 1238 rogos
1328 1189 1459 1226 festiue
1484 1190 1598 1226 inter·

145 1259 314 1304 pretatur
348 1254 558 1304 Hartungus
596 1256 631 1296 1,
658 1264 697 1301 p.
719 1251 790 1288 55:
827 1250 978 1288 brunate
1010 1250 1072 1288 des
1100 1251 1245 1288 Nachts
1279 1250 1353 1298 auf
1379 1249 1512 1287 einmal
1542 1248 1600 1286 die

146 1327 267 1364 yamze
292 1315 405 1353 Stadt
427 1317 497 1353 wie
521 1317 579 1352 ein
604 1315 761 1361 einziyer
783 1313 927 1361 yrol'ser
953 1313 1259 1360 Scheiterhaufen.
1298 1313 1355 1349 De
1373 1312 1484 1348 sacris
1498 1311 1601 1348 Mar·

145 1378 195 1416 tis
213 1378 352 1415 Vltoris
380 1377 467 1414 nihil
494 1377 668 1427 comperi.
720 1375 778 1411 De
808 1374 928 1411 Idibus
953 1374 1057 1410 Maiis
1084 1374 1313 1411 consentiunt
1338 1373 1504 1413 Macrob.
1529 1377 1600 1411 sat.

149 1443 189 1487 1,
217 1443 281 1487 12,
308 1452 347 1489 p.
367 1441 460 1476 1712
497 1438 564 1476 lioc
596 1449 715 1474 iriense
738 1441 954 1473 mercatores
981 1447 1102 1473 omnes
1128 1438 1260 1473 Maiae
1283 1437 1424 1484 pariter
1447 1437 1602 1471 Mercu-

146 1502 271 1549 rioque
304 1499 537 1546 sacrificant,
574 1506 611 1537 et
639 1498 762 1548 Lydus
791 1498 838 1534 de
864 1509 980 1534 mens.
1005 1499 1045 1544 4,
1071 1498 1135 1544 53,
1161 1510 1200 1546 p.
1222 1499 1316 1533 244:
1355 1490 1528 1544 ηὔχοντο
1556 1491 1602 1532 δὲ

147 1559 274 1614 Ma'i'q
301 1573 343 1598 τε
370 1558 436 1597 καὶ
458 1554 586 1611 Ἑρμῇ
619 1556 658 1596 οἳ
690 1555 997 1608 πραγματευταὶ
1035 1553 1228 1594 ἀκίνδυνα
1261 1554 1313 1594 τὰ
1346 1556 1425 1594 τῶν
1450 1553 1602 1605 κερδῶν

150 1614 262 1669 εἶναι,
291 1628 332 1659 ut
357 1621 513 1658 eundem
540 1622 635 1658 diem
653 1621 823 1658 uideatur
837 1621 954 1657 Varro
982 1619 1139 1656 innuisse
1156 1618 1254 1669 apud
1274 1619 1462 1655 Censorio.
1484 1630 1516 1654 c.
1533 1621 1602 1655 22:

1661 498 1664 503 .
1643 191 1665 483 ,mmmmm-sd
1650 138 1663 185 'su—³
1646 0 1662 132 “ov-...ki

152 1683 248 1733 quod
274 1696 314 1721 eo
339 1695 458 1720 mense
482 1688 560 1720 tam
586 1687 729 1721 Romae
754 1695 864 1732 quam
897 1687 1004 1719 extra
1037 1683 1074 1717 in
1102 1682 1216 1718 Latio
1250 1692 1308 1717 res
1342 1679 1468 1717 diuina
1493 1680 1604 1716 Maio
1656 1714 1661 1717 ,

150 1743 220 1795 fiat
240 1749 274 1782 et
290 1747 491 1784 Mercurio.
536 1746 656 1782 Maiae
681 1757 769 1793 ergo
796 1757 856 1780 sus
876 1755 1081 1793 praegnans
1099 1742 1169 1778 hoc
1186 1741 1245 1777 die
1262 1748 1417 1778 mactata
1435 1747 1490 1779 est
1508 1747 1602 1779 teste
1640 1763 1642 1765 >

151 1806 340 1844 Macrobio
366 1804 391 1844 Ι.
419 1806 492 1842 ind.
547 1806 662 1843 Huius
688 1806 780 1842 sacri
814 1818 887 1841 non
915 1798 1075 1841 meminit
1102 1802 1275 1840 Ouidius:
1311 1802 1358 1839 de
1383 1815 1480 1854 aqua
1505 1803 1604 1841 Mer-

152 1868 242 1905 curii
275 1881 365 1904 uero
401 1879 497 1918 quae
532 1873 817 1914 commemorat,
853 1866 1024 1903 uidentur
1059 1865 1230 1902 illustrari
1266 1863 1320 1901 his
1356 1864 1450 1914 Lydi
1485 1865 1604 1902 uerbis

154 1942 194 1980 p.
214 1931 311 1967 2382
348 1927 415 1967 καὶ
441 1923 589 1980 ἔφορον
617 1925 662 1966 δὲ
690 1928 769 1967 τῶν
795 1922 956 1965 ὑδάτων
993 1922 1062 1964 τὸν
1082 1920 1235 1974 Ἑρμῆν
1262 1918 1360 1963 εἶναι
1387 1925 1607 1975 παραλαμ-

155 1988 356 2041 βάνομεν,
393 1989 460 2028 καὶ
494 1987 564 2027 διὰ
595 1986 748 2039 ταύτην
782 1986 855 2038 τὴν
892 1986 1023 2026 αἰτίαν
1059 1985 1099 2025 ἐν
1134 1990 1220 2032 τοῖς
1247 1982 1371 2024 αὐτοῦ
1399 1987 1487 2034 (hoc
1512 1988 1607 2025 male
1674 1990 1679 2027 ἲ

154 2051 275 2090 reddit
299 2052 413 2089 Ruth.
439 2055 478 2090 in
503 2055 580 2090 eius
605 2052 727 2100 fanis)
762 2048 885 2101 πηγαὶ
913 2046 1174 2088 ἀνατίθενται
1201 2044 1228 2097 ’ἢ
1257 2044 1412 2098 φρέατα
1439 2043 1605 2098 ὀρύτῐε-
1676 2039 1679 2067 t

154 2125 236 2152 ται.
280 2113 455 2151 Nonnihil
480 2114 527 2151 de
553 2115 727 2152 sacrificio
752 2114 925 2151 Mercurii
951 2120 1006 2150 est
1033 2112 1130 2162 apud
1157 2112 1258 2149 Fest.
1278 2112 1417 2161 p.297,
1439 2111 1485 2147 15
1507 2109 1603 2147 dext.

155 2175 214 2213 De
238 2175 415 2212 Kalendis
442 2177 549 2213 Iuniis
583 2178 826 2226 fragmentum
852 2176 1027 2211 Varronis
1063 2182 1118 2211 est
1152 2173 1250 2223 apud
1277 2172 1436 2209 Nonium
1462 2183 1498 2220 p.
1513 2171 1604 2217 341,

157 2238 231 2274 29:
268 2237 362 2287 quod
388 2238 571 2275 Kalendis
596 2240 716 2276 Iuniis
742 2243 775 2275 et
802 2237 938 2286 publice
963 2242 997 2273 et
1022 2238 1198 2285 priuatim
1223 2234 1396 2282 sanatam
1420 2233 1464 2278 (Ι.
1487 2230 1604 2280 faba-

159 2299 271 2345 ciam)
296 2299 431 2348 pultem
458 2299 515 2337 dis
539 2304 690 2337 mactat.
745 2300 797 2336 lbi
826 2298 923 2349 quod
951 2298 1082 2334 dicitur
1105 2297 1259 2347 publice,
1294 2295 1448 2345 pertinet
1471 2292 1606 2329 sortas-

158 2360 206 2398 εἰς
231 2360 278 2396 ad
303 2373 447 2398 sacrum
471 2361 618 2398 Iunonis
644 2361 680 2398 in
704 2362 900 2411 Capitolio,
928 2361 984 2396 cui
1011 2361 1161 2410 posthac
1183 2356 1354 2394 Hadriani
1379 2353 1605 2404 imperatoris

159 2427 325 2470 tempore
363 2423 473 2460 alium
509 2423 616 2459 ritum
652 2422 813 2460 additum
850 2429 1110 2459 commemorat
1141 2419 1265 2469 Lydus
1299 2419 1337 2464 4,
1364 2417 1426 2460 57,
1459 2428 1496 2465 p.
1515 2417 1603 2454 248.

159 2482 256 2520 Nam
284 2489 361 2519 toto
387 2495 510 2521 mense
535 2484 644 2520 rebus
677 2484 806 2520 diuinis
832 2483 934 2520 sabas
961 2483 1139 2520 adhibitas
1165 2480 1275 2518 tradit
1302 2477 1507 2515 Macrobius
1536 2482 1605 2513 sat.

160 2547 200 2591 1,
220 2547 282 2589 12»
310 2557 347 2594 p.
371 2547 457 2592 173,
485 2558 604 2595 neque
630 2544 774 2582 uidetur
798 2544 921 2583 Ouidii
946 2552 1067 2581 aetate
1091 2542 1260 2580 sacellum
1281 2541 1424 2577 Carnae
1448 2539 1484 2575 in
1511 2539 1606 2576 Cae·

159 2605 210 2643 lio
236 2613 385 2653 monte,
418 2605 516 2654 quod
545 2606 640 2643 idem
667 2607 873 2644 Macrobius
901 2607 1024 2649 nouit,
1057 2602 1288 2653 superfuisse.
1343 2600 1383 2638 Si
1408 2600 1608 2649 superfuis-

161 2672 240 2715 set,
267 2667 358 2704 sacri
384 2668 504 2720 potius
532 2668 602 2705 illic
629 2667 736 2716 sacti,
763 2679 872 2719 quam
901 2667 1046 2705 Helerni
1074 2679 1108 2704 u.
1139 2664 1209 2702 105
1237 2662 1454 2701 meminisset
1481 2667 1605 2714 poeta,
