1685 2954
97 30 243 64 cova
729 24 787 53 m?-
814 23 912 54 nms

100 132 166 180 34,
189 128 339 179 Dionys.
351 129 393 176 7,
407 130 442 171 1,
466 129 553 176 post
570 127 780 161 semestrem
798 123 836 161 in
852 123 976 161 Sicilia
996 123 1317 162 commorationem
1342 129 1381 162 et
1405 124 1547 163 insulae

101 191 439 235 circumuectionem
449 208 466 236 ‚-
488 186 598 224 Dion.
625 189 718 234 c.2,
748 185 970 222 frumentum
996 187 1095 236 plebi
1120 185 1292 223 esurienti
1319 188 1547 235 conquisiue-

103 258 204 292 runt.
255 251 350 287 Hinc
375 255 453 298 est,
489 247 590 298 quod
615 259 639 284 a
662 246 761 297 plebe
785 252 888 284 Anna
915 247 1069 294 colitur,
1102 247 1177 285 Ou.
1205 250 1244 294 3,
1262 246 1352 283 525.
1404 247 1547 286 Nomen

104 314 258 360 mansit,
292 323 426 348 numen
452 314 629 346 mutatum
659 315 698 346 et
729 308 775 346 ad
801 319 968 345 annonae
993 309 1212 346 leuationem
1240 307 1550 345 accommodatum

104 380 176 422 est,
202 383 298 423 quae
323 372 399 409 eius
424 371 516 409 deae
543 369 701 420 auspicio
726 368 826 406 facta
851 368 1055 406 uideretur:
1089 370 1154 407 sed
1181 376 1302 406 tamen
1331 369 1466 418 probra
1486 369 1552 405 illa

105 440 145 473 et
169 434 350 471 obscaena
375 445 422 471 ex
451 432 645 482 peregrino
678 431 777 468 cultu
808 430 1180 480 -transmigrauerunt;
1217 442 1335 480 neque
1366 428 1553 465 miraberis

106 508 190 533 cum
217 496 364 533 Aeneae
388 493 515 531 fabula
540 492 731 530 Lanuuina
758 492 898 528 Annam
926 492 1101 529 coaluisse
1127 493 1264 539 denuo,
1290 504 1371 529 cum
1398 491 1554 540 primum

106 557 157 595 de
180 557 332 595 Veneris
367 555 442 592 filio
467 554 565 591 fama
590 553 782 591 increbuit.
834 552 957 600 Magni
983 552 1172 590 interforet
1196 554 1310 600 scire,
1347 565 1420 602 quo
1445 550 1555 588 modo

108 619 257 657 Melitae
279 624 317 655 et
335 616 382 654 atl
402 615 613 654 Crathidem
633 626 792 661 amnem,
820 612 895 650 Ou.
910 616 947 658 3,
964 613 1051 658 567,
1069 615 1156 659 581,
1182 615 1280 651 culta
1303 614 1414 651 fuerit
1434 614 1556 650 Anna:

110 679 248 719 cultam
271 678 382 716 fuisse
407 689 482 713 non
505 675 648 723 dubito,
674 675 773 725 quin·
793 680 891 711 recte
911 674 1126 712 Clausenius
1149 675 1366 712 diuinauerit
1392 687 1430 724 p.
1443 677 1534 711 720.

211 741 271 780 De
295 738 595 787 Proserpina,
631 748 740 785 quam
767 735 961 784 superioris
988 736 1067 772 libri
1092 736 1139 773 fr.
1157 738 1182 772 7
1209 735 1315 772 deam
1342 742 1478 772 certam
1504 735 1560 772 iu-

113 803 449 854 digitamentorum,
475 797 574 848 apud
602 796 776 835 Ouidium
804 803 924 832 autem
951 797 987 840 4,
1004 797 1078 832 417
1097 809 1153 846 sq.
1181 809 1407 834 communem
1434 795 1562 844 habes,

113 864 340 904 commodius
368 874 440 902 una
465 873 547 898 cum
566 861 703 898 Cerere
728 864 845 895 matre
871 864 1012 907 agetur.
1063 857 1121 894 De
1147 857 1337 895 Laribus
1362 857 1563 895 Praesti·

113 928 237 965 tibus
259 926 296 971 5,
325 925 398 964 129
424 929 461 960 et
486 921 532 958 de
557 920 822 958 lemuribus
846 932 883 955 u.
904 921 977 955 483
1005 927 1180 968 quantum
1207 931 1300 969 opus
1327 920 1414 964 erit,
1448 919 1561 968 paulo

115 987 281 1035 inferius,
305 985 366 1022 ubi
391 984 438 1020 de
464 983 562 1020 Lara
587 983 665 1020 siue
692 981 834 1028 Mania,
861 992 978 1029 agam.

216 1048 259 1085 In
294 1047 451 1083 Matre
490 1044 703 1090 Matuta,
751 1041 1055 1092 quemadmodum
1096 1043 1238 1081 Romae
1280 1043 1416 1080 cultam
1454 1054 1566 1094 supra

114 1123 159 1162 p.
179 1119 377 1148 chxxxv
405 1105 568 1153 ostendi,
597 1105 658 1142 uix
685 1104 877 1153 quicquam
903 1110 981 1152 est,
1020 1104 1108 1154 quin
1133 1117 1155 1142 a
1181 1106 1333 1142 Graecis
1360 1104 1564 1155 profectum

118 1171 314 1210 existimari
340 1168 469 1219 possit,
495 1173 644 1217 praeter
669 1165 816 1216 quidem
842 1165 960 1215 ipsum
987 1177 1133 1205 nomen.
1188 1167 1269 1204 Hoc
1294 1165 1476 1203 difficilem
1502 1177 1567 1204 ex·

119 1233 294 1283 plicatum
321 1230 454 1271 habet:
481 1228 581 1279 apud
600 1228 751 1266 Festum
772 1239 810 1276 p.
829 1226 916 1274 158,
935 1230 986 1264 30
1004 1228 1090 1274 sin.‚
1118 1240 1156 1277 p.
1174 1229 1261 1274 161,
1279 1226 1303 1262 5
1323 1226 1422 1264 dext.
1450 1226 1568 1264 dedu-

118 1295 216 1333 scitur
240 1305 263 1331 a
287 1304 409 1339 mano,
436 1291 459 1328 i.
482 1303 516 1330 e.
541 1291 653 1338 bono,
681 1295 745 1325 aut
770 1300 792 1325 a
818 1293 975 1326 mmm-0.
1029 1289 1200 1325 Notabile
1231 1287 1426 1325 admodum
1453 1294 1508 1326 est
1533 1289 1569 1326 in

122 1355 249 1392 ritibus
272 1354 384 1394 vsacris
409 1351 584 1394 Romanis
611 1350 699 1387 nihil
725 1348 843 1397 tradi,
877 1350 977 1399 quod
1004 1350 1050 1387 ad
1076 1350 1327 1388 Leucotheam
1354 1350 1569 1387 maritimam

123 1415 231 1453 deam
257 1415 384 1452 referri
409 1413 598 1464 postulet,
620 1411 742 1448 omnia
768 1409 816 1447 ad
843 1410 1060 1448 Bacchicam
1087 1411 1297 1460 religionem
1325 1423 1404 1448 esse
1428 1416 1572 1448 accom-

123 1477 294 1515 modata:
331 1477 430 1514 nulla
457 1475 565 1512 etiam
591 1472 805 1513 Latinorum
832 1472 938 1516 urbs,
966 1485 1060 1522 quae
1085 1473 1264 1510 Matutam
1292 1473 1426 1520 coluit,
1452 1484 1573 1522 neque

122 1539 323 1585 Satricum,
349 1538 430 1577 Liu.
458 1538 497 1584 6,
520 1538 583 1583 33,
609 1546 729 1584 neque
756 1533 868 1580 Cora,
897 1532 1013 1571 Orell.
1041 1535 1149 1573 inser.
1178 1535 1290 1581 1501,
1317 1546 1417 1572 mare
1442 1534 1574 1583 attigit.

124 1601 237 1641 Ratio
262 1601 371 1649 igitur
397 1605 451 1635 est
478 1597 681 1635 existimare
700 1593 898 1631 Bacchicas
924 1596 1137 1632 cerimonias
1163 1607 1208 1632 eo
1234 1603 1401 1645 tempore
1425 1607 1576 1633 romano

125 1661 264 1698 numini
291 1660 487 1703 obductas,
520 1671 594 1708 quo
621 1656 866 1694 Bacchanalia
892 1661 970 1696 tota
996 1657 1113 1695 Italia
1138 1659 1215 1693 ium
1237 1656 1375 1706 pridem
1401 1662 1486 1694 ante
1510 1668 1577 1694 an·

127 1734 215 1759 num
236 1721 282 1762 V.
304 1721 353 1766 C,
367 1722 442 1758 566
466 1726 560 1756 teste
585 1719 772 1758 Postumio
799 1718 948 1754 consule
975 1718 1073 1767 apud
1099 1718 1244 1755 Liuium
1273 1720 1337 1766 39,
1358 1717 1406 1754 15
1431 1719 1579 1768 ingrue-

128 1789 224 1823 rant.
277 1781 418 1821 Eodem
445 1786 612 1830 tempore
633 1779 811 1818 Stimulae
839 1791 972 1816 numen
999 1780 1256 1830 interpolatum
1281 1792 1360 1817 esse
1385 1780 1496 1829 paulo
1520 1780 1577 1817 in·

130 1843 243 1885 serius
269 1841 551 1889 demonstrabo,
588 1840 635 1877 de
660 1840 766 1879 Bona
792 1840 861 1877 dea
886 1840 982 1878 idem
1008 1842 1183 1892 suspicari
1208 1842 1340 1879 licebit.
1393 1841 1505 1886 Quod
1530 1841 1579 1879 ad

127 1903 362 1945 Leucotheae
391 1914 524 1940 numen
550 1902 728 1941 marinum
756 1902 897 1950 attinet,
925 1902 960 1938 id
988 1902 1125 1953 aliquot
1150 1903 1302 1941 saeculis
1328 1909 1413 1940 ante
1430 1904 1578 1941 Cicero-

128 1979 215 2007 nem
243 1966 356 2005 Tusc.
379 1969 416 2013 1,
433 1968 493 2009 12,
507 1966 558 2000 28
585 1970 623 2002 et
648 1964 849 2002 Varronem
877 1964 976 2014 apud
1002 1967 1156 2014 August.
1183 1977 1214 2004 c.
1234 1964 1270 2002 d.
1301 1967 1365 2012 18,
1381 1966 1430 2001 14
1455 1971 1578 2003 notum

127 2027 239 2068 fuisse
264 2025 372 2065 facile
399 2026 659 2072 concesserim,
699 2026 835 2064 cultum
861 2024 973 2063 fuisse
1007 2025 1151 2076 publice
1179 2037 1331 2070 uereor,
1366 2032 1407 2062 ut
1431 2025 1576 2075 proban‘

128 2088 255 2138 possit.
307 2087 392 2124 Nun
419 2093 474 2124 est
500 2087 706 2137 negandum
743 2087 828 2127 inde
860 2087 907 2123 ab
933 2099 1029 2126 anno
1056 2088 1101 2127 V,
1128 2088 1172 2125 C.
1190 2080 1272 2125 '443
1300 2088 1377 2124 siue
1401 2088 1475 2123 437
1500 2099 1576 2123 rem

128 2150 347 2188 maritimam
373 2149 623 2187 Romanorum
651 2162 695 2186 eo
723 2149 871 2186 numine
898 2148 1107 2197 indiguisse,
1136 2149 1208 2188 uid.
1231 2149 1312 2188 Liu.
1328 2151 1366 2196 9,
1380 2151 1440 2192 30,
1468 2146 1578 2186 Nioh.

129 2211 168 2247 11.
185 2211 234 2250 R.
254 2214 292 2258 3,
320 2223 357 2260 p.
372 2212 466 2248 282:
495 2221 614 2259 neque
641 2211 763 2249 illicita
787 2210 884 2248 foret
911 2211 1119 2250 coniectura
1140 2211 1285 2249 Atilium
1305 2208 1483 2259 Regulum
1499 2209 1579 2259 Ma-

131 2278 234 2310 tutae
260 2272 419 2308 marinae
445 2272 621 2321 templum
649 2272 806 2319 uouisse,
835 2271 919 2308 uide
939 2284 1051 2321 supra
1071 2286 1107 2323 p.
1127 2284 1222 2310 cxl..
1267 2271 1342 2309 Sed
1368 2271 1579 2307 certioribus

133 2344 227 2381 opus
255 2339 309 2369 est
335 2333 572 2382 argumentiS‚
599 2344 694 2381 quae
721 2333 922 2378 uideamus,
951 2346 1035 2373 num
1063 2346 1106 2371 ex
1133 2346 1176 2371 eo
1203 2333 1280 2383 peti
1305 2331 1456 2381 possint,
1482 2330 1579 2379 quod

133 2392 298 2434 Matutae
333 2392 426 2429 filins
461 2393 646 2430 Portunus
679 2393 808 2433 dicitur
845 2394 943 2444 apud
971 2394 1144 2432 Ouidium
1169 2397 1208 2442 6,
1234 2396 1308 2433 537
1332 2405 1411 2442 sqq.
1466 2393 1581 2430 Huius

135 2452 194 2492 dei
221 2452 351 2501 triplex
377 2453 445 2491 suit
472 2455 700 2493 existImatio.
747 2457 870 2495 Prima
896 2457 1124 2506 graecanica,
1150 2456 1263 2505 qualis
1290 2461 1344 2491 cst
1372 2454 1470 2504 apud
1491 2453 1583 2491 Oui-

138 2513 237 2553 dium
265 2514 288 2550 Ι.
316 2513 406 2562 ind.,
439 2515 625 2564 Virgilium
658 2528 717 2565 ge.
746 2522 782 2566 1,
811 2521 899 2566 437,
935 2519 1025 2555 Aen.
1053 2517 1090 2564 5,
1116 2519 1204 2563 823,
1241 2515 1300 2551 ubi
1333 2528 1414 2553 cum
1441 2516 1583 2553 Glauco

137 2575 388 2626 coniungitur,
425 2577 622 2616 Arnobium
648 2580 687 2626 3,
714 2581 778 2626 23,
814 2579 1032 2620 Mattianum
1061 2578 1249 2630 Capellam
1276 2582 1314 2625 1,
1339 2580 1379 2625 4,
1415 2578 1476 2616 ubi
1503 2589 1585 2616 cum
