1685 2954
93 55 97 58 ·
107 35 195 68 CCX
442 51 445 54 ·
734 35 792 66 DE
821 36 917 68 m-:ls

110 145 191 176 tum
215 134 324 175 elisae
348 135 443 172 inter
469 128 619 171 uocales*
646 135 682 172 V
703 135 847 175 litterae
873 139 1018 189 copiam
1043 139 1141 190 apud
1162 138 1377 178 Schneider.
1401 153 1555 191 gramm.

110 197 177 236 lat.
202 198 338 248 copios.
368 199 406 244 l,
430 198 469 243 1,
493 207 538 246 p..
554 197 644 244 361,
661 198 759 241 362„
800 201 915 240 Sanci
941 201 1050 250 igitur
1074 214 1209 240 nomen
1234 214 1280 239 ex
1305 202 1556 252 indigitamen-

111 258 156 296 tis
181 258 400 296 Sabinorum
425 256 656 308 desumptum
688 259 849 304 existimo
876 267 920 301 et
950 262 1152 312 significare
1186 263 1295 301 deum
1327 264 1391 313 qui
1426 266 1554 314 sancit,

110 321 212 358 uelut
235 320 341 356 Aium
367 319 431 368 qui
456 320 530 367 ait,
565 319 745 370 Subigum
771 322 833 372 qui
857 323 1002 372 subigit.
1054 325 1110 362 Ab
1145 325 1275 363 eodem
1310 325 1426 362 uerbo
1459 326 1555 364 dicta

107 385 192 416 sunt
224 379 423 418 secundum
448 381 480 420 F
483 388 606 421 estum
625 394 664 432 p.
683 386 772 432 321,
791 387 838 420 21
860 384 928 421 sin.
955 386 1148 434 sagmina,
1182 387 1367 424 uerbenae
1398 399 1443 423 ex
1474 388 1555 425 loco

106 447 234 478 sancto
259 442 512 492 decerpendae
543 455 569 480 α
594 444 755 490 consule,
788 449 970 493 praetore,
1008 446 1138 496 legatis
1168 446 1475 496 proficiscentibus
1506 447 1556 485 ad

104 503 236 550 foedus
259 502 478 551 faciendum.
520 504 612 542 Eam
639 506 686 542 ob
713 517 860 543 causam
886 509 948 557 qui
975 508 1070 545 uiam
1097 508 1421 557 proficiscebantur
1446 510 1556 546 sacri-

105 563 266 602 ficabant
291 565 436 613 Sanco,
469 566 531 615 qui
556 565 713 616 hospitia
737 572 864 603 sancta
889 575 1074 617 seruaret,
1102 569 1176 606 uid.
1203 570 1304 608 Fest.
1331 584 1370 621 p.
1394 572 1483 618 229,
1506 575 1556 608 12

105 627 173 664 sin.
220 627 370 664 Scilicet
398 634 552 677 propter
575 627 719 677 hospitii
744 627 1016 664 sanctimoniam
1042 629 1100 666 hic
1125 630 1215 671 deus
1241 640 1474 669 consecratus
1501 632 1556 668 di-

105 688 199 725 citur
224 700 246 726 a
273 688 504 726 Tertulliano
529 688 575 725 fr.
603 688 640 727 5.
690 687 859 737 Denique
893 689 929 724 in
964 689 1073 726 titulis
1108 691 1311 739 ueteribus,
1350 706 1442 742 quos
1470 693 1554 731 uide

105 750 205 800 apud
229 751 445 801 interpretes
463 749 599 798 Ouidii,
625 750 733 786 scribi
758 749 852 786 solet
869 751 1014 786 Sancus
1032 752 1204 800 Sanctus,
1234 753 1331 802 quod
1353 754 1403 789 ita
1421 754 1556 791 dictum

105 819 161 849 est
179 812 227 849 ad
253 810 525 862 exprimendam
547 811 699 848 numinis
726 811 812 858 uim,
842 817 881 847 ut
900 811 1047 848 Faunus
1066 812 1221 861 Fatuus,
1248 818 1351 852 Anna
1370 814 1555 864 Perenna,

104 875 193 911 Aius
217 873 415 921 Locutius,
447 873 567 910 Mater
591 874 753 920 Matuta,
786 872 951 909 Fortuna
977 873 1084 911 Fors.
1138 875 1327 912 Vetustam
1363 876 1399 912 in
1433 876 1555 913 Sanco

103 935 198 973 hanc
223 946 302 972 esse
327 936 505 972 rationem
533 935 697 972 docuerit
720 935 940 983 Augustinus
967 947 999 972 c.
1029 935 1066 972 d.
1097 937 1158 983 18,
1189 938 1255 972 19:
1290 937 1421 974 Sabini
1445 940 1554 975 etiam

101 1008 220 1045 regem
243 1008 350 1034 ,ςιηιηι
375 998 533 1046 primum
559 999 743 1044 Sancum,
777 997 871 1041 siue,
898 1000 939 1032 ut
963 996 1029 1033 alii
1055 999 1115 1046 qui
1142 997 1348 1046 appellant,
1375 1000 1554 1035 Sanctum

101 1057 302 1096 retulerunt
325 1060 365 1095 in
391 1057 488 1096 deos.
541 1058 737 1095 Semonem
764 1057 923 1095 Sancum
961 1059 1021 1107 qui
1048 1059 1192 1096 Sabinis
1227 1060 1408 1096 diceretur
1444 1066 1482 1096 et
1514 1061 1551 1096 in

103 1121 212 1158 rebus
238 1115 541 1168 solleinnioribus‚
566 1120 664 1157 feriis
690 1120 882 1166 fastorum,
907 1118 1193 1157 dedicationibus
1216 1127 1253 1157 et
1273 1121 1439 1168 ostentis,
1467 1121 1550 1158 Liu.

99 1184 140 1230 8,
159 1184 229 1229 203
257 1185 320 1228 32,
344 1185 363 1216 1
392 1181 509 1219 dictus
536 1188 604 1229 est,
632 1183 756 1230 latine,
784 1181 883 1218 uelut
910 1181 944 1216 in
972 1181 1081 1216 sacris
1098 1182 1297 1231 Argeorum
1323 1181 1422 1231 apud
1444 1183 1550 1220 Varr.

100 1243 149 1280 de
183 1243 208 1280 l.
235 1243 259 1280 l.
288 1243 326 1290 5,
353 1243 418 1291 52,
450 1243 557 1280 Dium
587 1243 732 1280 Fidium
767 1242 1022 1289 enunciatum,
1059 1243 1165 1292 eique
1200 1243 1430 1292 explicationi
1465 1243 1551 1282 nihil

99 1306 245 1342 obstare
272 1304 396 1352 credo,
423 1305 489 1341 nisi
516 1304 614 1354 quod
639 1305 812 1342 facillima
838 1311 907 1351 est,
936 1303 1005 1340 hoc
1030 1311 1100 1351 est,
1126 1303 1224 1352 quod
1250 1305 1281 1340 si
1308 1316 1395 1341 uera
1421 1306 1467 1341 sit
1488 1317 1552 1342 ue-

99 1375 195 1404 teres
222 1367 336 1403 latere
355 1378 427 1403 non
448 1367 608 1415 potuisse
636 1365 791 1402 uidetur.
834 1365 884 1401 Et
911 1371 1031 1401 tamen
1057 1365 1086 1401 si
1113 1365 1159 1402 de
1184 1366 1280 1403 louis
1306 1366 1379 1402 filio
1401 1372 1437 1402 et
1459 1367 1551 1402 Her-

99 1430 180 1466 cule
214 1428 549 1478 interpretationem
586 1428 724 1477 primus
750 1426 871 1464 Aelius
903 1427 997 1463 Stilo
1033 1427 1249 1474 excogitauit
1283 1439 1326 1463 ac
1356 1427 1550 1476 Dionysius

98 1491 183 1527 Hal.
212 1494 252 1538 2,
278 1492 328 1526 49
363 1501 450 1526 uera
487 1488 597 1526 tradit
637 1489 690 1525 his
733 1488 871 1525 uerbis:
915 1482 1067 1525 Κάτων
1103 1484 1147 1524 δὲ
1179 1482 1361 1537 Πόρκιος
1396 1483 1441 1525 τὸ
1477 1484 1551 1535 μέν

97 1547 226 1601 ὄνομα
252 1551 309 1604 τῷ
337 1547 526 1599 Σαβίνων
553 1544 663 1588 ἔθνει
690 1547 865 1598 τεθῆναί
889 1561 1013 1600 φησιν
1041 1547 1103 1586 ἐπὶ
1125 1545 1265 1596 Σάβου
1291 1549 1362 1585 τοῦ
1389 1545 1550 1598 Σάγκου

98 1611 292 1662 δαίμονος
327 1609 570 1661 ἐπιχωρίου,
603 1611 749 1649 τοῦτον
784 1608 828 1648 δὲ
864 1609 934 1649 τὸν
961 1607 1121 1661 Σάγκον
1154 1605 1232 1646 ind
1261 1622 1380 1647 τινων
1402 1607 1550 1654 Πίςιον

97 1675 314 1713 καλεῖσθαι
332 1673 431 1722 Δία,
458 1677 573 1710 altera
598 1674 791 1717 sententia,
819 1686 927 1722 quam
951 1674 1044 1710 Cato
1065 1673 1180 1719 nouit,
1208 1678 1355 1721 praeter
1381 1671 1549 1710 traditam

96 1751 118 1776 a
145 1749 256 1787 supra
283 1737 473 1773 nominatis
498 1742 535 1772 et
560 1735 752 1771 Lactantio
782 1738 819 1781 1,
849 1736 895 1771 15
922 1742 987 1771 aut
1014 1747 1057 1771 ea
1083 1735 1166 1781 suit,
1193 1733 1240 1770 de
1264 1745 1337 1783 qua
1363 1734 1548 1771 coniectu-

96 1812 173 1837 ram
199 1799 284 1846 feci,
312 1804 375 1835 aut
402 1797 475 1842 illa,
502 1808 611 1846 quam
633 1809 678 1832 ex
699 1796 867 1832 Varrone
893 1797 1033 1833 referre
1064 1795 1207 1832 uidetur
1225 1795 1418 1844 Dionysius
1444 1800 1483 1843 2,
1497 1799 1546 1833 48

94 1862 144 1899 de
167 1861 291 1898 Modio
315 1857 468 1895 Fabidio
493 1859 571 1895 siue
589 1858 714 1895 Medio
737 1858 858 1905 Fidio,
890 1859 1033 1901 Quirini
1058 1858 1146 1905 filio,
1172 1858 1320 1893 Curium
1348 1857 1547 1894 conditore.

95 1925 196 1961 Haec
222 1922 347 1959 sabula
372 1921 401 1957 si
428 1921 608 1957 recentior
630 1932 701 1956 non
723 1926 778 1956 est
799 1920 1015 1964 Catoniana,
1045 1932 1125 1955 cum
1149 1918 1339 1961 absurdior
1358 1918 1419 1965 sit,
1445 1925 1545 1954 utra·

94 1997 167 2036 que
192 1990 291 2021 certe
317 1982 489 2019 recedere
522 1993 543 2018 a
578 1982 761 2030 religionis
787 1981 947 2018 Sabinae
985 1982 1150 2030 ingenio,
1186 1985 1358 2030 quantum
1386 1978 1544 2015 iudicare

94 2049 194 2094 licet,
222 2045 366 2082 uidetur
391 2052 428 2082 et
455 2045 571 2081 altera
597 2042 748 2079 alteram
775 2044 925 2080 euertit:
954 2043 1155 2080 inauditum
1182 2043 1275 2079 enim
1303 2039 1540 2077 est‘Sancum

93 2117 131 2147 et
161 2108 306 2145 Fidium
332 2106 496 2144 diuersos
530 2118 610 2142 esse
642 2104 752 2152 deos,
783 2116 852 2140 nec
879 2103 1033 2140 Ouidius
1068 2105 1104 2140 in
1139 2116 1184 2141 eo
1219 2102 1420 2140 discrimine
1444 2099 1540 2138 aliud

92 2170 193 2220 qnid,
216 2180 324 2219 quam
352 2168 447 2204 lusit.

193 2232 378 2267 Hactenus
404 2229 452 2266 de
479 2229 578 2276 deis,
616 2240 771 2278 quorum
800 2227 945 2264 nomina
978 2234 1118 2264 tantum
1146 2226 1412 2263 obsoleuerant.
1464 2223 1537 2259 Ve-

91 2294 151 2330 nio
179 2293 224 2329 ad
252 2293 407 2329 alterum
433 2303 546 2339 genus
572 2290 723 2326 deorum
748 2289 980 2330 incertorum.
1031 2289 1274 2326 Carmenta
1299 2284 1382 2335 post
1402 2285 1537 2320 Varro·

91 2367 174 2392 nem
201 2354 279 2390 sere
306 2353 428 2389 habita
454 2359 509 2388 est
535 2364 602 2401 pro
630 2351 699 2387 dea
725 2350 884 2395 fatidica,
910 2363 933 2386 a
960 2351 1109 2399 Virgilio
1140 2352 1226 2385 Aen.
1252 2351 1287 2392 8,
1306 2347 1536 2394 339—341,

84 2416 271 2453 Strabone
296 2415 334 2460 5,
358 2418 394 2460 3,
423 2426 458 2462 p.
478 2416 551 2449 373
579 2412 763 2459 Tauchn„
791 2413 965 2460 Dionysio
995 2412 1076 2448 Hal.
1109 2415 1144 2457 l,
1167 2413 1230 2456 31,
1248 2411 1308 2453 40,
1336 2407 1471 2444 Ouidio
1500 2412 1535 2454 1,

90 2477 320 2522 ⁵15—536‚
349 2476 592 2524 584,.quibus
627 2475 662 2510 in
699 2474 785 2510 locis
820 2475 880 2510 uix
917 2480 994 2520 est,
1034 2473 1120 2521 quin
1156 2471 1359 2507 uetustioris
1385 2470 1534 2509 alicuius

88 2546 244 2589 poetae,
280 2537 387 2573 Ennii
422 2537 604 2583 fortassis,
638 2536 736 2571 fictio
774 2542 986 2584 repetatur,
1023 2532 1119 2568 unde
1152 2531 1285 2568 deinde
1314 2531 1467 2568 Ouidius
1492 2532 1532 2578 6,

87 2600 306 2638 536--542
333 2599 538 2646 exemplum
570 2598 732 2646 sumpsit.
798 2598 965 2633 Porrima
999 2595 1074 2630 siue
1103 2594 1331 2642 Amatoria,
1367 2593 1530 2630 Macrob.

1664 1253 1685 1639 ῖ-..ςῡῖ-υ-Ξῐῦτ-πῖ-ῑ-δῧίῧ
