<?xml version="1.0" encoding="UTF-8"?>
<!DOCTYPE html PUBLIC "-//W3C//DTD XHTML 1.0 Transitional//EN"
    "http://www.w3.org/TR/xhtml1/DTD/xhtml1-transitional.dtd">
<html xmlns="http://www.w3.org/1999/xhtml" xml:lang="en" lang="en">
 <head>
  <title>
</title>
<meta http-equiv="Content-Type" content="text/html;charset=utf-8" />
  <meta name='ocr-system' content='tesseract 3.04.00' />
  <meta name='ocr-capabilities' content='ocr_page ocr_carea ocr_par ocr_line ocrx_word'/>
</head>
<body>
  <div class='ocr_page' id='page_1' title='image "./fastorumlibrisex00oviduoft_0018.png"; bbox 0 0 1630 2921; ppageno 0'>
   <div class='ocr_carea' id='block_1_1' title="bbox 87 153 1007 187">
    <p class='ocr_par' dir='ltr' id='par_1_1' title="bbox 87 153 1007 187">
     <span class='ocr_line' id='line_1_1' title="bbox 87 153 1007 187; baseline 0.011 -10"><span class='ocrx_word' id='word_1_1' title='bbox 87 155 118 182; x_wconf 69' lang='grc' dir='ltr'>χ</span> <span class='ocrx_word' id='word_1_2' title='bbox 597 153 708 184; x_wconf 73' lang='lat' dir='ltr'>,LVDI</span> <span class='ocrx_word' id='word_1_3' title='bbox 739 154 1007 187; x_wconf 74' lang='lat' dir='ltr'>CONSVLARES</span> 
     </span>
    </p>
   </div>
   <div class='ocr_carea' id='block_1_2' title="bbox 59 254 1573 2773">
    <p class='ocr_par' dir='ltr' id='par_1_2' title="bbox 59 254 1573 2773">
     <span class='ocr_line' id='line_1_2' title="bbox 84 254 1529 309; baseline 0.006 -18"><span class='ocrx_word' id='word_1_4' title='bbox 84 254 195 292; x_wconf 82' lang='lat' dir='ltr'>niano</span> <span class='ocrx_word' id='word_1_5' title='bbox 221 266 301 292; x_wconf 84' lang='lat' dir='ltr'>eam</span> <span class='ocrx_word' id='word_1_6' title='bbox 327 254 375 292; x_wconf 92' lang='lat' dir='ltr'>ob</span> <span class='ocrx_word' id='word_1_7' title='bbox 399 261 569 301; x_wconf 81' lang='lat' dir='ltr'>causam,</span> <span class='ocrx_word' id='word_1_8' title='bbox 593 254 692 306; x_wconf 88' lang='lat' dir='ltr'>quod</span> <span class='ocrx_word' id='word_1_9' title='bbox 718 255 869 305; x_wconf 87' lang='lat' dir='ltr'>posthac</span> <span class='ocrx_word' id='word_1_10' title='bbox 894 264 1046 308; x_wconf 84' lang='lat' dir='ltr'>propter</span> <span class='ocrx_word' id='word_1_11' title='bbox 1071 258 1226 309; x_wconf 82' lang='lat' dir='ltr'>reliquas</span> <span class='ocrx_word' id='word_1_12' title='bbox 1251 258 1336 296; x_wconf 90' lang='lat' dir='ltr'>Diui</span> <span class='ocrx_word' id='word_1_13' title='bbox 1361 259 1529 300; x_wconf 83' lang='lat' dir='ltr'>Caesaris</span> 
     </span>
     <span class='ocr_line' id='line_1_3' title="bbox 84 315 1528 372; baseline 0.006 -21"><span class='ocrx_word' id='word_1_14' title='bbox 84 315 254 352; x_wconf 85' lang='lat' dir='ltr'>uictorias</span> <span class='ocrx_word' id='word_1_15' title='bbox 273 315 386 352; x_wconf 87' lang='lat' dir='ltr'>feriae</span> <span class='ocrx_word' id='word_1_16' title='bbox 405 315 550 365; x_wconf 87' lang='lat' dir='ltr'>quidem</span> <span class='ocrx_word' id='word_1_17' title='bbox 568 316 732 366; x_wconf 82' lang='lat' dir='ltr'>agendae</span> <span class='ocrx_word' id='word_1_18' title='bbox 748 325 882 366; x_wconf 91' lang='lat' dir='ltr'>essent,</span> <span class='ocrx_word' id='word_1_19' title='bbox 900 319 976 356; x_wconf 89' lang='lat' dir='ltr'>ludi</span> <span class='ocrx_word' id='word_1_20' title='bbox 995 332 1082 356; x_wconf 88' lang='lat' dir='ltr'>uero</span> <span class='ocrx_word' id='word_1_21' title='bbox 1100 320 1146 357; x_wconf 90' lang='lat' dir='ltr'>ad</span> <span class='ocrx_word' id='word_1_22' title='bbox 1167 332 1290 357; x_wconf 89' lang='lat' dir='ltr'>eorum</span> <span class='ocrx_word' id='word_1_23' title='bbox 1311 324 1528 372; x_wconf 87' lang='lat' dir='ltr'>exemplum,</span> 
     </span>
     <span class='ocr_line' id='line_1_4' title="bbox 83 377 1530 430; baseline 0.006 -17"><span class='ocrx_word' id='word_1_24' title='bbox 83 389 176 427; x_wconf 85' lang='lat' dir='ltr'>quos</span> <span class='ocrx_word' id='word_1_25' title='bbox 201 377 380 414; x_wconf 87' lang='lat' dir='ltr'>Parilibus</span> <span class='ocrx_word' id='word_1_26' title='bbox 405 384 558 428; x_wconf 89' lang='lat' dir='ltr'>propter</span> <span class='ocrx_word' id='word_1_27' title='bbox 582 379 857 429; x_wconf 83' lang='lat' dir='ltr'>Hispaniensem</span> <span class='ocrx_word' id='word_1_28' title='bbox 894 381 1079 418; x_wconf 88' lang='lat' dir='ltr'>uictoriam</span> <span class='ocrx_word' id='word_1_29' title='bbox 1107 382 1191 419; x_wconf 89' lang='lat' dir='ltr'>olim</span> <span class='ocrx_word' id='word_1_30' title='bbox 1226 383 1430 430; x_wconf 87' lang='lat' dir='ltr'>institutos,</span> <span class='ocrx_word' id='word_1_31' title='bbox 1463 383 1530 422; x_wconf 85' lang='lat' dir='ltr'>sed</span> 
     </span>
     <span class='ocr_line' id='line_1_5' title="bbox 80 439 1529 493; baseline 0.003 -18"><span class='ocrx_word' id='word_1_32' title='bbox 80 445 171 475; x_wconf 80' lang='lat' dir='ltr'>tunc</span> <span class='ocrx_word' id='word_1_33' title='bbox 196 439 350 488; x_wconf 90' lang='lat' dir='ltr'>primum</span> <span class='ocrx_word' id='word_1_34' title='bbox 377 441 562 490; x_wconf 88' lang='lat' dir='ltr'>neglectos</span> <span class='ocrx_word' id='word_1_35' title='bbox 583 440 653 477; x_wconf 93' lang='lat' dir='ltr'>Dio</span> <span class='ocrx_word' id='word_1_36' title='bbox 679 447 845 486; x_wconf 89' lang='lat' dir='ltr'>testatur,</span> <span class='ocrx_word' id='word_1_37' title='bbox 872 443 1134 481; x_wconf 82' lang='lat' dir='ltr'>omitterentur.</span> <span class='ocrx_word' id='word_1_38' title='bbox 1174 444 1269 481; x_wconf 88' lang='lat' dir='ltr'>Nam</span> <span class='ocrx_word' id='word_1_39' title='bbox 1296 455 1339 480; x_wconf 88' lang='lat' dir='ltr'>ex</span> <span class='ocrx_word' id='word_1_40' title='bbox 1366 455 1410 479; x_wconf 85' lang='lat' dir='ltr'>eo</span> <span class='ocrx_word' id='word_1_41' title='bbox 1434 444 1529 493; x_wconf 84' lang='lat' dir='ltr'>ipso,</span> 
     </span>
     <span class='ocr_line' id='line_1_6' title="bbox 77 498 1530 554; baseline 0.003 -18"><span class='ocrx_word' id='word_1_42' title='bbox 77 499 181 550; x_wconf 80' lang='lat' dir='ltr'>quod</span> <span class='ocrx_word' id='word_1_43' title='bbox 208 499 279 535; x_wconf 89' lang='lat' dir='ltr'>Dio</span> <span class='ocrx_word' id='word_1_44' title='bbox 305 500 370 548; x_wconf 81' lang='lat'>45,</span> <span class='ocrx_word' id='word_1_45' title='bbox 393 503 418 537; x_wconf 91' lang='lat'><strong>7</strong></span> <span class='ocrx_word' id='word_1_46' title='bbox 443 503 504 551; x_wconf 90' lang='lat' dir='ltr'>qui</span> <span class='ocrx_word' id='word_1_47' title='bbox 531 501 606 538; x_wconf 70' lang='lat' dir='ltr'>ludi</span> <span class='ocrx_word' id='word_1_48' title='bbox 631 509 765 548; x_wconf 87' lang='lat' dir='ltr'>essent,</span> <span class='ocrx_word' id='word_1_49' title='bbox 793 498 1022 552; x_wconf 76' lang='grc' dir='ltr'><em>ἱερομηνίας</em></span> <span class='ocrx_word' id='word_1_50' title='bbox 1048 501 1262 549; x_wconf 72' lang='grc' dir='ltr'><strong><em>ἐπινικίους</em></strong></span> <span class='ocrx_word' id='word_1_51' title='bbox 1287 504 1389 553; x_wconf 86' lang='lat' dir='ltr'><strong>dixit,</strong></span> <span class='ocrx_word' id='word_1_52' title='bbox 1417 517 1530 554; x_wconf 86' lang='lat' dir='ltr'>argu-</span> 
     </span>
     <span class='ocr_line' id='line_1_7' title="bbox 62 560 1529 616; baseline 0.004 -18"><span class='ocrx_word' id='word_1_53' title='bbox 62 568 243 598; x_wconf 88' lang='lat' dir='ltr'>·mentum</span> <span class='ocrx_word' id='word_1_54' title='bbox 269 560 457 609; x_wconf 83' lang='lat' dir='ltr'>duxerim,</span> <span class='ocrx_word' id='word_1_55' title='bbox 490 562 576 599; x_wconf 90' lang='lat' dir='ltr'>dum</span> <span class='ocrx_word' id='word_1_56' title='bbox 604 564 739 601; x_wconf 90' lang='lat' dir='ltr'>Caesar</span> <span class='ocrx_word' id='word_1_57' title='bbox 765 565 876 613; x_wconf 89' lang='lat' dir='ltr'>uiuit,</span> <span class='ocrx_word' id='word_1_58' title='bbox 914 566 1070 616; x_wconf 90' lang='lat' dir='ltr'>reliquas</span> <span class='ocrx_word' id='word_1_59' title='bbox 1097 578 1244 616; x_wconf 90' lang='lat' dir='ltr'>quoque</span> <span class='ocrx_word' id='word_1_60' title='bbox 1269 567 1345 603; x_wconf 87' lang='lat' dir='ltr'>eius</span> <span class='ocrx_word' id='word_1_61' title='bbox 1369 567 1529 616; x_wconf 87' lang='lat' dir='ltr'>singulas</span> 
     </span>
     <span class='ocr_line' id='line_1_8' title="bbox 78 622 1528 678; baseline 0.005 -20"><span class='ocrx_word' id='word_1_62' title='bbox 78 622 275 670; x_wconf 85' lang='lat' dir='ltr'>uictorias,</span> <span class='ocrx_word' id='word_1_63' title='bbox 303 623 431 672; x_wconf 89' lang='lat' dir='ltr'>quibus</span> <span class='ocrx_word' id='word_1_64' title='bbox 457 624 492 660; x_wconf 91' lang='lat' dir='ltr'>in</span> <span class='ocrx_word' id='word_1_65' title='bbox 520 625 778 674; x_wconf 85' lang='lat' dir='ltr'>posterioribus</span> <span class='ocrx_word' id='word_1_66' title='bbox 804 625 906 663; x_wconf 79' lang='lat' dir='ltr'>fastis</span> <span class='ocrx_word' id='word_1_67' title='bbox 930 627 1045 665; x_wconf 73' lang='lat' dir='ltr'>feriae</span> <span class='ocrx_word' id='word_1_68' title='bbox 1070 634 1266 675; x_wconf 86' lang='lat' dir='ltr'>notantur,</span> <span class='ocrx_word' id='word_1_69' title='bbox 1291 634 1444 678; x_wconf 87' lang='lat' dir='ltr'>propter</span> <span class='ocrx_word' id='word_1_70' title='bbox 1468 628 1528 665; x_wconf 91' lang='lat' dir='ltr'>lu-</span> 
     </span>
     <span class='ocr_line' id='line_1_9' title="bbox 81 684 1527 738; baseline 0.005 -19"><span class='ocrx_word' id='word_1_71' title='bbox 81 685 164 720; x_wconf 90' lang='lat' dir='ltr'>bam</span> <span class='ocrx_word' id='word_1_72' title='bbox 186 684 384 731; x_wconf 87' lang='lat' dir='ltr'>deuictum,</span> <span class='ocrx_word' id='word_1_73' title='bbox 411 685 661 722; x_wconf 84' lang='lat' dir='ltr'>Alexandriam</span> <span class='ocrx_word' id='word_1_74' title='bbox 683 693 825 736; x_wconf 88' lang='lat' dir='ltr'>captam</span> <span class='ocrx_word' id='word_1_75' title='bbox 852 688 1014 738; x_wconf 85' lang='lat' dir='ltr'>aliasque</span> <span class='ocrx_word' id='word_1_76' title='bbox 1040 701 1097 725; x_wconf 89' lang='lat' dir='ltr'>res</span> <span class='ocrx_word' id='word_1_77' title='bbox 1121 697 1256 738; x_wconf 86' lang='lat' dir='ltr'>gestas,</span> <span class='ocrx_word' id='word_1_78' title='bbox 1284 689 1377 726; x_wconf 92' lang='lat' dir='ltr'>ludis</span> <span class='ocrx_word' id='word_1_79' title='bbox 1397 702 1527 726; x_wconf 89' lang='lat' dir='ltr'>consu-</span> 
     </span>
     <span class='ocr_line' id='line_1_10' title="bbox 79 745 1526 800; baseline 0.004 -18"><span class='ocrx_word' id='word_1_80' title='bbox 79 747 213 782; x_wconf 80' lang='lat' dir='ltr'>laribus</span> <span class='ocrx_word' id='word_1_81' title='bbox 239 745 434 783; x_wconf 88' lang='lat' dir='ltr'>honoratas</span> <span class='ocrx_word' id='word_1_82' title='bbox 459 745 582 784; x_wconf 80' lang='lat' dir='ltr'>fuisse.</span> <span class='ocrx_word' id='word_1_83' title='bbox 621 747 817 785; x_wconf 84' lang='lat' dir='ltr'>Decretum</span> <span class='ocrx_word' id='word_1_84' title='bbox 845 750 939 785; x_wconf 84' lang='lat' dir='ltr'>enim</span> <span class='ocrx_word' id='word_1_85' title='bbox 965 749 1033 787; x_wconf 79' lang='lat' dir='ltr'>fuit</span> <span class='ocrx_word' id='word_1_86' title='bbox 1059 746 1287 798; x_wconf 80' lang='grc' dir='ltr'><strong><em>ῗερομηνίαν</em></strong></span> <span class='ocrx_word' id='word_1_87' title='bbox 1315 747 1526 800; x_wconf 72' lang='grc' dir='ltr'><strong><em>ἐξαίρετον,</em></strong></span> 
     </span>
     <span class='ocr_line' id='line_1_11' title="bbox 77 800 1526 861; baseline 0.003 -16"><span class='ocrx_word' id='word_1_88' title='bbox 77 800 221 850; x_wconf 78' lang='grc' dir='ltr'><strong><em>ὅσάκις</em></strong></span> <span class='ocrx_word' id='word_1_89' title='bbox 246 801 296 844; x_wconf 78' lang='grc' dir='ltr'>ἂν</span> <span class='ocrx_word' id='word_1_90' title='bbox 321 804 409 856; x_wconf 82' lang='grc' dir='ltr'><strong><em>νίκη</em></strong></span> <span class='ocrx_word' id='word_1_91' title='bbox 438 819 499 852; x_wconf 86' lang='grc' dir='ltr'>τις</span> <span class='ocrx_word' id='word_1_92' title='bbox 524 808 675 860; x_wconf 83' lang='grc' dir='ltr'><em>συμβῇ,</em></span> <span class='ocrx_word' id='word_1_93' title='bbox 703 805 769 845; x_wconf 82' lang='grc' dir='ltr'>καὶ</span> <span class='ocrx_word' id='word_1_94' title='bbox 795 807 947 847; x_wconf 78' lang='grc' dir='ltr'><strong><em>θυσίαν</em></strong></span> <span class='ocrx_word' id='word_1_95' title='bbox 974 806 1039 847; x_wconf 73' lang='grc' dir='ltr'>ἐπ’</span> <span class='ocrx_word' id='word_1_96' title='bbox 1070 806 1174 861; x_wconf 78' lang='grc' dir='ltr'><em>αὐτῇ</em></span> <span class='ocrx_word' id='word_1_97' title='bbox 1199 809 1430 861; x_wconf 70' lang='grc' dir='ltr'><strong><em>γίγνεσθαι,</em></strong></span> <span class='ocrx_word' id='word_1_98' title='bbox 1455 812 1526 849; x_wconf 85' lang='grc' dir='ltr'>1)ῐο</span> 
     </span>
     <span class='ocr_line' id='line_1_12' title="bbox 76 866 1522 922; baseline 0.003 -17"><span class='ocrx_word' id='word_1_99' title='bbox 76 870 142 917; x_wconf 82' lang='lat'>43,</span> <span class='ocrx_word' id='word_1_100' title='bbox 156 870 220 907; x_wconf 84' lang='lat'>44.</span> <span class='ocrx_word' id='word_1_101' title='bbox 256 869 437 906; x_wconf 87' lang='lat' dir='ltr'>Increbuit</span> <span class='ocrx_word' id='word_1_102' title='bbox 462 870 491 907; x_wconf 86' lang='lat' dir='ltr'>is</span> <span class='ocrx_word' id='word_1_103' title='bbox 517 883 595 907; x_wconf 92' lang='lat' dir='ltr'>mos</span> <span class='ocrx_word' id='word_1_104' title='bbox 620 872 687 907; x_wconf 91' lang='lat' dir='ltr'>sub</span> <span class='ocrx_word' id='word_1_105' title='bbox 717 870 934 909; x_wconf 85' lang='lat' dir='ltr'>Octauiano.</span> <span class='ocrx_word' id='word_1_106' title='bbox 971 876 1074 908; x_wconf 85' lang='lat' dir='ltr'>Anno</span> <span class='ocrx_word' id='word_1_107' title='bbox 1092 873 1167 908; x_wconf 89' lang='lat'>714</span> <span class='ocrx_word' id='word_1_108' title='bbox 1195 866 1220 920; x_wconf 81' lang='grc' dir='ltr'><em>ἦ</em></span> <span class='ocrx_word' id='word_1_109' title='bbox 1249 867 1472 922; x_wconf 82' lang='grc' dir='ltr'><strong><em>πανήγυρις</em></strong></span> <span class='ocrx_word' id='word_1_110' title='bbox 1495 867 1522 922; x_wconf 81' lang='grc' dir='ltr'><em>ἧ</em></span> 
     </span>
     <span class='ocr_line' id='line_1_13' title="bbox 76 926 1526 984; baseline 0.002 -16"><span class='ocrx_word' id='word_1_111' title='bbox 76 928 140 968; x_wconf 74' lang='grc' dir='ltr'>ἐπὶ</span> <span class='ocrx_word' id='word_1_112' title='bbox 160 930 217 983; x_wconf 82' lang='grc' dir='ltr'>τῷ</span> <span class='ocrx_word' id='word_1_113' title='bbox 239 927 401 982; x_wconf 75' lang='grc' dir='ltr'><strong><em>πολέμῳ</em></strong></span> <span class='ocrx_word' id='word_1_114' title='bbox 423 931 479 984; x_wconf 77' lang='grc' dir='ltr'>τῷ</span> <span class='ocrx_word' id='word_1_115' title='bbox 501 928 603 981; x_wconf 87' lang='grc' dir='ltr'><strong><em>πρὸς</em></strong></span> <span class='ocrx_word' id='word_1_116' title='bbox 622 928 716 977; x_wconf 76' lang='grc' dir='ltr'><strong><em>τοὺς</em></strong></span> <span class='ocrx_word' id='word_1_117' title='bbox 735 931 916 983; x_wconf 76' lang='grc' dir='ltr'><em>σφαγέας</em></span> <span class='ocrx_word' id='word_1_118' title='bbox 936 927 1129 980; x_wconf 75' lang='grc' dir='ltr'>εὐχθεῒσα</span> <span class='ocrx_word' id='word_1_119' title='bbox 1154 926 1249 970; x_wconf 70' lang='grc' dir='ltr'>’ὑπὸ</span> <span class='ocrx_word' id='word_1_120' title='bbox 1278 934 1370 971; x_wconf 84' lang='grc' dir='ltr'>τῶν</span> <span class='ocrx_word' id='word_1_121' title='bbox 1395 928 1526 971; x_wconf 58' lang='lat' dir='ltr'>&amp;nd-</span> 
     </span>
     <span class='ocr_line' id='line_1_14' title="bbox 74 987 1525 1046; baseline 0.001 -15"><span class='ocrx_word' id='word_1_122' title='bbox 74 1005 174 1031; x_wconf 81' lang='grc' dir='ltr'>των</span> <span class='ocrx_word' id='word_1_123' title='bbox 202 987 391 1041; x_wconf 74' lang='grc' dir='ltr'><strong><em>ἐποιήθη.</em></strong></span> <span class='ocrx_word' id='word_1_124' title='bbox 444 993 569 1031; x_wconf 83' lang='lat' dir='ltr'>Ludos</span> <span class='ocrx_word' id='word_1_125' title='bbox 599 995 741 1032; x_wconf 79' lang='lat' dir='ltr'>uotiuos</span> <span class='ocrx_word' id='word_1_126' title='bbox 777 1002 929 1046; x_wconf 89' lang='lat' dir='ltr'>propter</span> <span class='ocrx_word' id='word_1_127' title='bbox 965 994 1120 1032; x_wconf 84' lang='lat' dir='ltr'>reditum</span> <span class='ocrx_word' id='word_1_128' title='bbox 1146 995 1304 1045; x_wconf 85' lang='lat' dir='ltr'>Augusti</span> <span class='ocrx_word' id='word_1_129' title='bbox 1328 996 1404 1032; x_wconf 87' lang='lat'>746</span> <span class='ocrx_word' id='word_1_130' title='bbox 1429 1008 1525 1033; x_wconf 92' lang='lat' dir='ltr'>anno</span> 
     </span>
     <span class='ocr_line' id='line_1_15' title="bbox 75 1054 1525 1105; baseline 0.001 -13"><span class='ocrx_word' id='word_1_131' title='bbox 75 1056 241 1105; x_wconf 83' lang='lat' dir='ltr'>sequenti</span> <span class='ocrx_word' id='word_1_132' title='bbox 266 1054 431 1091; x_wconf 87' lang='lat' dir='ltr'>fecerunt</span> <span class='ocrx_word' id='word_1_133' title='bbox 456 1054 539 1092; x_wconf 89' lang='lat' dir='ltr'>Piso</span> <span class='ocrx_word' id='word_1_134' title='bbox 567 1057 691 1094; x_wconf 91' lang='lat' dir='ltr'>consul</span> <span class='ocrx_word' id='word_1_135' title='bbox 718 1064 754 1094; x_wconf 88' lang='lat' dir='ltr'>et</span> <span class='ocrx_word' id='word_1_136' title='bbox 780 1058 887 1094; x_wconf 83' lang='lat' dir='ltr'>Caius</span> <span class='ocrx_word' id='word_1_137' title='bbox 915 1058 1051 1094; x_wconf 80' lang='lat' dir='ltr'>Caesar</span> <span class='ocrx_word' id='word_1_138' title='bbox 1084 1057 1164 1093; x_wconf 89' lang='lat' dir='ltr'>loco</span> <span class='ocrx_word' id='word_1_139' title='bbox 1193 1057 1331 1094; x_wconf 85' lang='lat' dir='ltr'>Tiberii</span> <span class='ocrx_word' id='word_1_140' title='bbox 1357 1057 1525 1105; x_wconf 86' lang='lat' dir='ltr'>consulis,</span> 
     </span>
     <span class='ocr_line' id='line_1_16' title="bbox 75 1115 1526 1169; baseline 0.001 -15"><span class='ocrx_word' id='word_1_141' title='bbox 75 1116 146 1154; x_wconf 90' lang='lat' dir='ltr'>Dio</span> <span class='ocrx_word' id='word_1_142' title='bbox 174 1115 238 1163; x_wconf 77' lang='lat'>⁵5,</span> <span class='ocrx_word' id='word_1_143' title='bbox 260 1118 298 1153; x_wconf 88' lang='lat'>8.</span> <span class='ocrx_word' id='word_1_144' title='bbox 363 1115 478 1161; x_wconf 87' lang='lat' dir='ltr'>Esto,</span> <span class='ocrx_word' id='word_1_145' title='bbox 503 1116 569 1153; x_wconf 87' lang='lat' dir='ltr'>hos</span> <span class='ocrx_word' id='word_1_146' title='bbox 596 1118 708 1154; x_wconf 85' lang='lat' dir='ltr'>semel</span> <span class='ocrx_word' id='word_1_147' title='bbox 734 1125 873 1156; x_wconf 86' lang='lat' dir='ltr'>tantum</span> <span class='ocrx_word' id='word_1_148' title='bbox 901 1119 1054 1155; x_wconf 82' lang='lat' dir='ltr'>sortasse</span> <span class='ocrx_word' id='word_1_149' title='bbox 1078 1118 1196 1156; x_wconf 88' lang='lat' dir='ltr'>editos</span> <span class='ocrx_word' id='word_1_150' title='bbox 1221 1131 1323 1168; x_wconf 90' lang='lat' dir='ltr'>esse,</span> <span class='ocrx_word' id='word_1_151' title='bbox 1357 1119 1526 1169; x_wconf 86' lang='lat' dir='ltr'>exemplo</span> 
     </span>
     <span class='ocr_line' id='line_1_17' title="bbox 75 1177 1526 1230; baseline 0.001 -15"><span class='ocrx_word' id='word_1_152' title='bbox 75 1190 155 1215; x_wconf 84' lang='lat' dir='ltr'>esse</span> <span class='ocrx_word' id='word_1_153' title='bbox 180 1182 354 1228; x_wconf 87' lang='lat' dir='ltr'>possunt,</span> <span class='ocrx_word' id='word_1_154' title='bbox 390 1190 438 1214; x_wconf 89' lang='lat' dir='ltr'>ne</span> <span class='ocrx_word' id='word_1_155' title='bbox 464 1177 559 1223; x_wconf 85' lang='lat' dir='ltr'>ludi,</span> <span class='ocrx_word' id='word_1_156' title='bbox 586 1179 842 1228; x_wconf 84' lang='lat' dir='ltr'>Augustalibus</span> <span class='ocrx_word' id='word_1_157' title='bbox 868 1181 929 1229; x_wconf 93' lang='lat' dir='ltr'>qui</span> <span class='ocrx_word' id='word_1_158' title='bbox 954 1179 1032 1216; x_wconf 88' lang='lat' dir='ltr'>fieri</span> <span class='ocrx_word' id='word_1_159' title='bbox 1059 1180 1219 1230; x_wconf 86' lang='lat' dir='ltr'>coepisse</span> <span class='ocrx_word' id='word_1_160' title='bbox 1247 1181 1415 1218; x_wconf 88' lang='lat' dir='ltr'>uidentur</span> <span class='ocrx_word' id='word_1_161' title='bbox 1441 1180 1526 1217; x_wconf 89' lang='lat' dir='ltr'>inde</span> 
     </span>
     <span class='ocr_line' id='line_1_18' title="bbox 73 1239 1525 1291; baseline 0.001 -15"><span class='ocrx_word' id='word_1_162' title='bbox 73 1240 120 1277; x_wconf 90' lang='lat' dir='ltr'>ab</span> <span class='ocrx_word' id='word_1_163' title='bbox 147 1252 243 1276; x_wconf 91' lang='lat' dir='ltr'>anno</span> <span class='ocrx_word' id='word_1_164' title='bbox 268 1241 357 1287; x_wconf 83' lang='lat'>734,</span> <span class='ocrx_word' id='word_1_165' title='bbox 384 1239 454 1275; x_wconf 91' lang='lat' dir='ltr'>Dio</span> <span class='ocrx_word' id='word_1_166' title='bbox 477 1239 540 1287; x_wconf 81' lang='lat'>54,</span> <span class='ocrx_word' id='word_1_167' title='bbox 563 1241 626 1288; x_wconf 85' lang='lat'>34,</span> <span class='ocrx_word' id='word_1_168' title='bbox 654 1246 806 1290; x_wconf 89' lang='lat' dir='ltr'>propter</span> <span class='ocrx_word' id='word_1_169' title='bbox 832 1241 939 1278; x_wconf 88' lang='lat' dir='ltr'>alium</span> <span class='ocrx_word' id='word_1_170' title='bbox 967 1241 1120 1277; x_wconf 88' lang='lat' dir='ltr'>reditum</span> <span class='ocrx_word' id='word_1_171' title='bbox 1146 1243 1311 1291; x_wconf 81' lang='lat' dir='ltr'>Augusti,</span> <span class='ocrx_word' id='word_1_172' title='bbox 1338 1249 1423 1280; x_wconf 90' lang='lat' dir='ltr'>ante</span> <span class='ocrx_word' id='word_1_173' title='bbox 1449 1243 1525 1279; x_wconf 91' lang='lat' dir='ltr'>eius</span> 
     </span>
     <span class='ocr_line' id='line_1_19' title="bbox 73 1301 1524 1352; baseline 0.001 -14"><span class='ocrx_word' id='word_1_174' title='bbox 73 1308 227 1338; x_wconf 87' lang='lat' dir='ltr'>mortem</span> <span class='ocrx_word' id='word_1_175' title='bbox 253 1301 300 1337; x_wconf 82' lang='lat' dir='ltr'>ab</span> <span class='ocrx_word' id='word_1_176' title='bbox 326 1302 429 1348; x_wconf 88' lang='lat' dir='ltr'>aliis,</span> <span class='ocrx_word' id='word_1_177' title='bbox 466 1313 574 1350; x_wconf 88' lang='lat' dir='ltr'>quam</span> <span class='ocrx_word' id='word_1_178' title='bbox 599 1302 830 1350; x_wconf 88' lang='lat' dir='ltr'>consulibus,</span> <span class='ocrx_word' id='word_1_179' title='bbox 857 1301 973 1339; x_wconf 77' lang='lat' dir='ltr'>factos</span> <span class='ocrx_word' id='word_1_180' title='bbox 1001 1310 1118 1352; x_wconf 89' lang='lat' dir='ltr'>putes.</span> <span class='ocrx_word' id='word_1_181' title='bbox 1170 1303 1260 1340; x_wconf 92' lang='lat' dir='ltr'>Post</span> <span class='ocrx_word' id='word_1_182' title='bbox 1285 1304 1362 1340; x_wconf 87' lang='lat' dir='ltr'>eius</span> <span class='ocrx_word' id='word_1_183' title='bbox 1387 1303 1524 1339; x_wconf 85' lang='lat' dir='ltr'>obitum</span> 
     </span>
     <span class='ocr_line' id='line_1_20' title="bbox 72 1362 1523 1413; baseline 0.001 -13"><span class='ocrx_word' id='word_1_184' title='bbox 72 1362 219 1400; x_wconf 86' lang='lat' dir='ltr'>honoris</span> <span class='ocrx_word' id='word_1_185' title='bbox 246 1375 355 1400; x_wconf 88' lang='lat' dir='ltr'>causa</span> <span class='ocrx_word' id='word_1_186' title='bbox 381 1364 540 1413; x_wconf 89' lang='lat' dir='ltr'>praetori</span> <span class='ocrx_word' id='word_1_187' title='bbox 567 1364 705 1400; x_wconf 86' lang='lat' dir='ltr'>urbano</span> <span class='ocrx_word' id='word_1_188' title='bbox 730 1364 891 1401; x_wconf 88' lang='lat' dir='ltr'>mandati</span> <span class='ocrx_word' id='word_1_189' title='bbox 916 1371 1014 1411; x_wconf 88' lang='lat' dir='ltr'>sunt,</span> <span class='ocrx_word' id='word_1_190' title='bbox 1041 1365 1134 1400; x_wconf 88' lang='lat' dir='ltr'>Tac.</span> <span class='ocrx_word' id='word_1_191' title='bbox 1162 1377 1246 1402; x_wconf 90' lang='lat' dir='ltr'>ann.</span> <span class='ocrx_word' id='word_1_192' title='bbox 1277 1368 1315 1412; x_wconf 90' lang='lat'>1,</span> <span class='ocrx_word' id='word_1_193' title='bbox 1334 1365 1394 1401; x_wconf 82' lang='lat'>15.</span> <span class='ocrx_word' id='word_1_194' title='bbox 1447 1365 1523 1402; x_wconf 88' lang='lat' dir='ltr'>Ve-</span> 
     </span>
     <span class='ocr_line' id='line_1_21' title="bbox 71 1425 1523 1475; baseline 0 -13"><span class='ocrx_word' id='word_1_195' title='bbox 71 1438 154 1463; x_wconf 82' lang='lat' dir='ltr'>rum</span> <span class='ocrx_word' id='word_1_196' title='bbox 180 1425 255 1462; x_wconf 91' lang='lat' dir='ltr'>ludi</span> <span class='ocrx_word' id='word_1_197' title='bbox 280 1425 431 1462; x_wconf 86' lang='lat' dir='ltr'>natalitii</span> <span class='ocrx_word' id='word_1_198' title='bbox 457 1425 607 1473; x_wconf 86' lang='lat' dir='ltr'>Augusti</span> <span class='ocrx_word' id='word_1_199' title='bbox 641 1437 785 1475; x_wconf 85' lang='lat' dir='ltr'>semper</span> <span class='ocrx_word' id='word_1_200' title='bbox 811 1438 833 1462; x_wconf 89' lang='lat' dir='ltr'>a</span> <span class='ocrx_word' id='word_1_201' title='bbox 861 1426 1067 1462; x_wconf 90' lang='lat' dir='ltr'>consulibus</span> <span class='ocrx_word' id='word_1_202' title='bbox 1094 1425 1254 1473; x_wconf 88' lang='lat' dir='ltr'>fiebant,</span> <span class='ocrx_word' id='word_1_203' title='bbox 1291 1426 1424 1462; x_wconf 85' lang='lat' dir='ltr'>diserte</span> <span class='ocrx_word' id='word_1_204' title='bbox 1448 1432 1523 1463; x_wconf 89' lang='lat' dir='ltr'>tra-</span> 
     </span>
     <span class='ocr_line' id='line_1_22' title="bbox 71 1482 1573 1536; baseline 0 -12"><span class='ocrx_word' id='word_1_205' title='bbox 71 1486 182 1524; x_wconf 90' lang='lat' dir='ltr'>dente</span> <span class='ocrx_word' id='word_1_206' title='bbox 208 1487 326 1523; x_wconf 89' lang='lat' dir='ltr'>Dione</span> <span class='ocrx_word' id='word_1_207' title='bbox 352 1488 414 1532; x_wconf 79' lang='lat'>56,</span> <span class='ocrx_word' id='word_1_208' title='bbox 441 1489 511 1524; x_wconf 86' lang='lat'>46:</span> <span class='ocrx_word' id='word_1_209' title='bbox 553 1483 617 1523; x_wconf 83' lang='grc' dir='ltr'>καὶ</span> <span class='ocrx_word' id='word_1_210' title='bbox 654 1483 705 1524; x_wconf 79' lang='grc' dir='ltr'>τὰ</span> <span class='ocrx_word' id='word_1_211' title='bbox 740 1484 896 1536; x_wconf 79' lang='grc' dir='ltr'><strong><em>γενέσια</em></strong></span> <span class='ocrx_word' id='word_1_212' title='bbox 932 1482 980 1523; x_wconf 80' lang='grc' dir='ltr'>οἱ</span> <span class='ocrx_word' id='word_1_213' title='bbox 1012 1482 1202 1524; x_wconf 76' lang='grc' dir='ltr'><strong><em>ὕπατοι</em></strong></span> <span class='ocrx_word' id='word_1_214' title='bbox 1239 1484 1280 1532; x_wconf 79' lang='grc' dir='ltr'>ἐξ</span> <span class='ocrx_word' id='word_1_215' title='bbox 1314 1483 1404 1524; x_wconf 80' lang='grc' dir='ltr'><strong><em>ἴσου</em></strong></span> <span class='ocrx_word' id='word_1_216' title='bbox 1440 1489 1525 1531; x_wconf 84' lang='grc' dir='ltr'><strong><em>τοῖς</em></strong></span> <span class='ocrx_word' id='word_1_217' title='bbox 1570 1490 1573 1491; x_wconf 70' lang='grc'>’</span> 
     </span>
     <span class='ocr_line' id='line_1_23' title="bbox 68 1542 1522 1599; baseline 0 -13"><span class='ocrx_word' id='word_1_218' title='bbox 68 1543 251 1598; x_wconf 74' lang='grc' dir='ltr'><strong><em>Ἀρείοις</em></strong></span> <span class='ocrx_word' id='word_1_219' title='bbox 278 1542 588 1598; x_wconf 71' lang='grc' dir='ltr'><strong><em>ἀγωνοθετῶσι,</em></strong></span> <span class='ocrx_word' id='word_1_220' title='bbox 623 1550 684 1586; x_wconf 87' lang='lat' dir='ltr'>ubi</span> <span class='ocrx_word' id='word_1_221' title='bbox 710 1549 886 1586; x_wconf 82' lang='lat' dir='ltr'>falluntur</span> <span class='ocrx_word' id='word_1_222' title='bbox 911 1551 1126 1599; x_wconf 86' lang='lat' dir='ltr'>interpretes</span> <span class='ocrx_word' id='word_1_223' title='bbox 1152 1549 1199 1587; x_wconf 92' lang='lat' dir='ltr'>de</span> <span class='ocrx_word' id='word_1_224' title='bbox 1220 1544 1404 1597; x_wconf 76' lang='grc' dir='ltr'><strong><em>Ἀρείοις</em></strong></span> <span class='ocrx_word' id='word_1_225' title='bbox 1431 1550 1522 1598; x_wconf 88' lang='lat' dir='ltr'>illis;</span> 
     </span>
     <span class='ocr_line' id='line_1_24' title="bbox 71 1610 1521 1661; baseline 0 -13"><span class='ocrx_word' id='word_1_226' title='bbox 71 1618 156 1648; x_wconf 83' lang='lat' dir='ltr'>sunt</span> <span class='ocrx_word' id='word_1_227' title='bbox 181 1612 275 1647; x_wconf 88' lang='lat' dir='ltr'>enim</span> <span class='ocrx_word' id='word_1_228' title='bbox 301 1610 376 1647; x_wconf 89' lang='lat' dir='ltr'>ludi</span> <span class='ocrx_word' id='word_1_229' title='bbox 401 1622 596 1660; x_wconf 82' lang='lat' dir='ltr'>perennes,</span> <span class='ocrx_word' id='word_1_230' title='bbox 624 1613 686 1661; x_wconf 89' lang='lat' dir='ltr'>qui</span> <span class='ocrx_word' id='word_1_231' title='bbox 712 1612 747 1648; x_wconf 90' lang='lat' dir='ltr'>in</span> <span class='ocrx_word' id='word_1_232' title='bbox 772 1611 872 1647; x_wconf 81' lang='lat' dir='ltr'>fastis</span> <span class='ocrx_word' id='word_1_233' title='bbox 906 1617 1087 1658; x_wconf 86' lang='lat' dir='ltr'>notantur,</span> <span class='ocrx_word' id='word_1_234' title='bbox 1112 1610 1239 1647; x_wconf 88' lang='lat' dir='ltr'>Martis</span> <span class='ocrx_word' id='word_1_235' title='bbox 1261 1611 1411 1659; x_wconf 88' lang='lat' dir='ltr'>Vltoris,</span> <span class='ocrx_word' id='word_1_236' title='bbox 1436 1612 1521 1648; x_wconf 90' lang='lat' dir='ltr'>item</span> 
     </span>
     <span class='ocr_line' id='line_1_25' title="bbox 70 1669 1521 1723; baseline 0 -14"><span class='ocrx_word' id='word_1_237' title='bbox 70 1673 304 1721; x_wconf 87' lang='lat' dir='ltr'>consulares,</span> <span class='ocrx_word' id='word_1_238' title='bbox 345 1684 428 1708; x_wconf 88' lang='lat' dir='ltr'>nam</span> <span class='ocrx_word' id='word_1_239' title='bbox 462 1672 531 1708; x_wconf 91' lang='lat' dir='ltr'>Dio</span> <span class='ocrx_word' id='word_1_240' title='bbox 571 1673 634 1718; x_wconf 81' lang='lat'>55,</span> <span class='ocrx_word' id='word_1_241' title='bbox 664 1675 711 1708; x_wconf 93' lang='lat' dir='ltr'>lO</span> <span class='ocrx_word' id='word_1_242' title='bbox 736 1673 808 1709; x_wconf 74' lang='lat' dir='ltr'>itaz</span> <span class='ocrx_word' id='word_1_243' title='bbox 849 1673 905 1723; x_wconf 78' lang='grc' dir='ltr'>τῷ</span> <span class='ocrx_word' id='word_1_244' title='bbox 940 1683 980 1708; x_wconf 84' lang='grc' dir='ltr'>τε</span> <span class='ocrx_word' id='word_1_245' title='bbox 1006 1669 1179 1721; x_wconf 84' lang='grc' dir='ltr'><strong><em>Λουκίῳ</em></strong></span> <span class='ocrx_word' id='word_1_246' title='bbox 1217 1669 1282 1708; x_wconf 84' lang='grc' dir='ltr'>καὶ</span> <span class='ocrx_word' id='word_1_247' title='bbox 1317 1672 1373 1723; x_wconf 79' lang='grc' dir='ltr'>τῷ</span> <span class='ocrx_word' id='word_1_248' title='bbox 1409 1670 1521 1722; x_wconf 68' lang='grc' dir='ltr'><strong><em>Γαίῳ</em></strong></span> 
     </span>
     <span class='ocr_line' id='line_1_26' title="bbox 68 1727 1521 1785; baseline 0 -15"><span class='ocrx_word' id='word_1_249' title='bbox 68 1728 202 1771; x_wconf 80' lang='grc' dir='ltr'><strong><em>πάντα</em></strong></span> <span class='ocrx_word' id='word_1_250' title='bbox 228 1728 426 1779; x_wconf 76' lang='grc' dir='ltr'><em>καθάπαξ</em></span> <span class='ocrx_word' id='word_1_251' title='bbox 455 1730 506 1771; x_wconf 79' lang='grc' dir='ltr'>τὰ</span> <span class='ocrx_word' id='word_1_252' title='bbox 535 1734 704 1771; x_wconf 80' lang='grc' dir='ltr'><strong><em>τοιαῦτα</em></strong></span> <span class='ocrx_word' id='word_1_253' title='bbox 739 1732 961 1784; x_wconf 78' lang='grc' dir='ltr'><em>ἐπιτρέψας</em></span> <span class='ocrx_word' id='word_1_254' title='bbox 993 1727 1215 1785; x_wconf 73' lang='grc' dir='ltr'><strong><em>ὕπατικῇ</em></strong></span> <span class='ocrx_word' id='word_1_255' title='bbox 1250 1732 1352 1770; x_wconf 81' lang='grc' dir='ltr'><strong><em>τινὶ</em></strong></span> <span class='ocrx_word' id='word_1_256' title='bbox 1387 1730 1521 1785; x_wconf 80' lang='grc' dir='ltr'><strong><em>ἀρχῇ</em></strong></span> 
     </span>
     <span class='ocr_line' id='line_1_27' title="bbox 68 1791 1522 1846; baseline 0.001 -15"><span class='ocrx_word' id='word_1_257' title='bbox 68 1791 175 1832; x_wconf 80' lang='grc' dir='ltr'><strong><em>κατὰ</em></strong></span> <span class='ocrx_word' id='word_1_258' title='bbox 202 1791 246 1832; x_wconf 81' lang='grc' dir='ltr'>τὸ</span> <span class='ocrx_word' id='word_1_259' title='bbox 274 1792 448 1832; x_wconf 79' lang='grc' dir='ltr'><strong><em>παλαιὸν</em></strong></span> <span class='ocrx_word' id='word_1_260' title='bbox 471 1793 714 1846; x_wconf 79' lang='grc' dir='ltr'><strong><em>χρωμένοις,</em></strong></span> <span class='ocrx_word' id='word_1_261' title='bbox 744 1797 803 1833; x_wconf 84' lang='lat' dir='ltr'>ubi</span> <span class='ocrx_word' id='word_1_262' title='bbox 829 1797 914 1832; x_wconf 87' lang='lat' dir='ltr'>item</span> <span class='ocrx_word' id='word_1_263' title='bbox 941 1802 1088 1844; x_wconf 88' lang='lat' dir='ltr'>praeter</span> <span class='ocrx_word' id='word_1_264' title='bbox 1114 1807 1189 1831; x_wconf 89' lang='lat' dir='ltr'>rem</span> <span class='ocrx_word' id='word_1_265' title='bbox 1216 1796 1335 1831; x_wconf 84' lang='lat' dir='ltr'>nescio</span> <span class='ocrx_word' id='word_1_266' title='bbox 1363 1795 1449 1845; x_wconf 93' lang='lat' dir='ltr'>quid</span> <span class='ocrx_word' id='word_1_267' title='bbox 1475 1795 1522 1833; x_wconf 90' lang='lat' dir='ltr'>de</span> 
     </span>
     <span class='ocr_line' id='line_1_28' title="bbox 66 1856 1522 1908; baseline 0.001 -15"><span class='ocrx_word' id='word_1_268' title='bbox 66 1857 266 1908; x_wconf 84' lang='lat' dir='ltr'>pontificali</span> <span class='ocrx_word' id='word_1_269' title='bbox 293 1863 330 1894; x_wconf 91' lang='lat' dir='ltr'>et</span> <span class='ocrx_word' id='word_1_270' title='bbox 355 1859 520 1906; x_wconf 86' lang='lat' dir='ltr'>augurali</span> <span class='ocrx_word' id='word_1_271' title='bbox 548 1860 733 1908; x_wconf 80' lang='lat' dir='ltr'>utriusque</span> <span class='ocrx_word' id='word_1_272' title='bbox 760 1858 934 1906; x_wconf 84' lang='lat' dir='ltr'>dignitate</span> <span class='ocrx_word' id='word_1_273' title='bbox 957 1862 1117 1892; x_wconf 88' lang='lat' dir='ltr'>monent.</span> <span class='ocrx_word' id='word_1_274' title='bbox 1159 1856 1336 1894; x_wconf 87' lang='lat' dir='ltr'>Consules</span> <span class='ocrx_word' id='word_1_275' title='bbox 1356 1857 1522 1907; x_wconf 84' lang='lat' dir='ltr'>Caligula</span> 
     </span>
     <span class='ocr_line' id='line_1_29' title="bbox 67 1918 1520 1968; baseline 0 -13"><span class='ocrx_word' id='word_1_276' title='bbox 67 1919 374 1968; x_wconf 82' lang='lat' dir='ltr'>reprehendebat,</span> <span class='ocrx_word' id='word_1_277' title='bbox 402 1919 499 1968; x_wconf 90' lang='lat' dir='ltr'>quod</span> <span class='ocrx_word' id='word_1_278' title='bbox 525 1919 711 1956; x_wconf 88' lang='lat' dir='ltr'>uictoriam</span> <span class='ocrx_word' id='word_1_279' title='bbox 733 1920 883 1968; x_wconf 78' lang='lat' dir='ltr'>Augusti</span> <span class='ocrx_word' id='word_1_280' title='bbox 905 1918 952 1954; x_wconf 89' lang='lat' dir='ltr'>de</span> <span class='ocrx_word' id='word_1_281' title='bbox 972 1918 1126 1954; x_wconf 87' lang='lat' dir='ltr'>Antonio</span> <span class='ocrx_word' id='word_1_282' title='bbox 1153 1929 1196 1953; x_wconf 85' lang='lat' dir='ltr'>ex</span> <span class='ocrx_word' id='word_1_283' title='bbox 1215 1930 1316 1954; x_wconf 88' lang='lat' dir='ltr'>more</span> <span class='ocrx_word' id='word_1_284' title='bbox 1341 1919 1520 1956; x_wconf 87' lang='lat' dir='ltr'>celebras—</span> 
     </span>
     <span class='ocr_line' id='line_1_30' title="bbox 65 1980 1522 2032; baseline 0.001 -15"><span class='ocrx_word' id='word_1_285' title='bbox 65 1987 168 2029; x_wconf 89' lang='lat' dir='ltr'>sent,</span> <span class='ocrx_word' id='word_1_286' title='bbox 203 1980 273 2017; x_wconf 80' lang='lat' dir='ltr'>Dio</span> <span class='ocrx_word' id='word_1_287' title='bbox 299 1982 365 2027; x_wconf 76' lang='lat'>59,</span> <span class='ocrx_word' id='word_1_288' title='bbox 391 1984 453 2018; x_wconf 89' lang='grc'>20.</span> <span class='ocrx_word' id='word_1_289' title='bbox 507 1980 674 2032; x_wconf 83' lang='lat' dir='ltr'>Denique</span> <span class='ocrx_word' id='word_1_290' title='bbox 707 1982 802 2018; x_wconf 91' lang='lat' dir='ltr'>idem</span> <span class='ocrx_word' id='word_1_291' title='bbox 839 1994 919 2016; x_wconf 88' lang='lat' dir='ltr'>cum</span> <span class='ocrx_word' id='word_1_292' title='bbox 957 1985 1079 2016; x_wconf 87' lang='lat' dir='ltr'>narrat</span> <span class='ocrx_word' id='word_1_293' title='bbox 1115 1990 1210 2014; x_wconf 88' lang='lat' dir='ltr'>anno</span> <span class='ocrx_word' id='word_1_294' title='bbox 1236 1980 1332 2027; x_wconf 85' lang='lat'>799,</span> <span class='ocrx_word' id='word_1_295' title='bbox 1359 1981 1423 2028; x_wconf 89' lang='lat'>60,</span> <span class='ocrx_word' id='word_1_296' title='bbox 1451 1982 1522 2018; x_wconf 84' lang='lat'>27.-</span> 
     </span>
     <span class='ocr_line' id='line_1_31' title="bbox 59 2033 1520 2093; baseline -0.001 -13"><span class='ocrx_word' id='word_1_297' title='bbox 59 2037 305 2087; x_wconf 72' lang='grc' dir='ltr'><strong><em>Ἀσιατικὸς</em></strong></span> <span class='ocrx_word' id='word_1_298' title='bbox 332 2040 377 2079; x_wconf 76' lang='grc' dir='ltr'>δὲ</span> <span class='ocrx_word' id='word_1_299' title='bbox 406 2038 626 2093; x_wconf 76' lang='grc' dir='ltr'><strong><em>ἀπεδείχθη</em></strong></span> <span class='ocrx_word' id='word_1_300' title='bbox 661 2038 736 2090; x_wconf 75' lang='grc' dir='ltr'>μὲν</span> <span class='ocrx_word' id='word_1_301' title='bbox 773 2035 827 2086; x_wconf 79' lang='grc' dir='ltr'>ὥς</span> <span class='ocrx_word' id='word_1_302' title='bbox 860 2038 926 2078; x_wconf 85' lang='grc' dir='ltr'>καὶ</span> <span class='ocrx_word' id='word_1_303' title='bbox 963 2034 1018 2076; x_wconf 81' lang='grc' dir='ltr'>δι’</span> <span class='ocrx_word' id='word_1_304' title='bbox 1049 2034 1163 2082; x_wconf 68' lang='grc' dir='ltr'><strong><em>ἔτους</em></strong></span> <span class='ocrx_word' id='word_1_305' title='bbox 1195 2033 1520 2091; x_wconf 78' lang='grc' dir='ltr'><strong><em>ὑπατεῦσων,</em></strong></span> 
     </span>
     <span class='ocr_line' id='line_1_32' title="bbox 64 2093 1520 2153; baseline -0.001 -11"><span class='ocrx_word' id='word_1_306' title='bbox 64 2100 114 2142; x_wconf 81' lang='grc' dir='ltr'>οὔ</span> <span class='ocrx_word' id='word_1_307' title='bbox 140 2093 276 2153; x_wconf 79' lang='grc' dir='ltr'><strong><em>μέντοι</em></strong></span> <span class='ocrx_word' id='word_1_308' title='bbox 302 2102 368 2141; x_wconf 83' lang='grc' dir='ltr'>καὶ</span> <span class='ocrx_word' id='word_1_309' title='bbox 397 2101 555 2153; x_wconf 74' lang='grc' dir='ltr'><strong><em>ἐποίησε</em></strong></span> <span class='ocrx_word' id='word_1_310' title='bbox 583 2105 714 2151; x_wconf 80' lang='grc' dir='ltr'><strong><em>τοῦτο,</em></strong></span> <span class='ocrx_word' id='word_1_311' title='bbox 745 2098 836 2140; x_wconf 72' lang='grc' dir='ltr'>ἀλλ’</span> <span class='ocrx_word' id='word_1_312' title='bbox 861 2099 990 2152; x_wconf 76' lang='grc' dir='ltr'><em>ἀφῆκε</em></span> <span class='ocrx_word' id='word_1_313' title='bbox 1014 2096 1086 2150; x_wconf 79' lang='grc' dir='ltr'>τὴν</span> <span class='ocrx_word' id='word_1_314' title='bbox 1116 2096 1244 2150; x_wconf 76' lang='grc' dir='ltr'><strong><em>ἀρχὴν</em></strong></span> <span class='ocrx_word' id='word_1_315' title='bbox 1257 2097 1520 2152; x_wconf 56' lang='grc' dir='ltr'><strong><em>ἐθελούσιος,</em></strong></span> 
     </span>
     <span class='ocr_line' id='line_1_33' title="bbox 65 2156 1518 2216; baseline -0.001 -12"><span class='ocrx_word' id='word_1_316' title='bbox 65 2161 89 2204; x_wconf 79' lang='grc' dir='ltr'>ὃ</span> <span class='ocrx_word' id='word_1_317' title='bbox 112 2164 178 2204; x_wconf 83' lang='grc' dir='ltr'>καὶ</span> <span class='ocrx_word' id='word_1_318' title='bbox 208 2162 338 2215; x_wconf 70' lang='grc' dir='ltr'><strong><em>ἕτεροί</em></strong></span> <span class='ocrx_word' id='word_1_319' title='bbox 362 2179 465 2210; x_wconf 74' lang='grc' dir='ltr'><strong><em>τινες</em></strong></span> <span class='ocrx_word' id='word_1_320' title='bbox 490 2161 677 2216; x_wconf 70' lang='grc' dir='ltr'><strong><em>ἔπραξαν.</em></strong></span> <span class='ocrx_word' id='word_1_321' title='bbox 706 2160 798 2202; x_wconf 70' lang='grc' dir='ltr'>ἀλλ’</span> <span class='ocrx_word' id='word_1_322' title='bbox 822 2162 960 2200; x_wconf 70' lang='grc' dir='ltr'><strong><em>ἐκεῖνοι</em></strong></span> <span class='ocrx_word' id='word_1_323' title='bbox 986 2160 1059 2210; x_wconf 75' lang='grc' dir='ltr'>μὲν</span> <span class='ocrx_word' id='word_1_324' title='bbox 1085 2156 1163 2200; x_wconf 63' lang='grc' dir='ltr'>’ὑπὸ</span> <span class='ocrx_word' id='word_1_325' title='bbox 1186 2161 1337 2212; x_wconf 76' lang='grc' dir='ltr'><strong><em>πενίας,</em></strong></span> <span class='ocrx_word' id='word_1_326' title='bbox 1366 2161 1417 2202; x_wconf 81' lang='grc' dir='ltr'>τὰ</span> <span class='ocrx_word' id='word_1_327' title='bbox 1442 2161 1518 2216; x_wconf 74' lang='grc' dir='ltr'>γὰρ</span> 
     </span>
     <span class='ocr_line' id='line_1_34' title="bbox 63 2219 1520 2276; baseline -0.001 -10"><span class='ocrx_word' id='word_1_328' title='bbox 63 2223 318 2276; x_wconf 81' lang='grc' dir='ltr'><strong><em>ἀναλώματα</em></strong></span> <span class='ocrx_word' id='word_1_329' title='bbox 354 2224 404 2265; x_wconf 77' lang='grc' dir='ltr'>τὰ</span> <span class='ocrx_word' id='word_1_330' title='bbox 432 2225 473 2265; x_wconf 76' lang='grc' dir='ltr'>ἐν</span> <span class='ocrx_word' id='word_1_331' title='bbox 511 2230 625 2272; x_wconf 87' lang='grc' dir='ltr'><strong><em>ταῖς</em></strong></span> <span class='ocrx_word' id='word_1_332' title='bbox 661 2221 1038 2274; x_wconf 76' lang='grc' dir='ltr'><strong><em>ἱπποδρομίαις</em></strong></span> <span class='ocrx_word' id='word_1_333' title='bbox 1070 2219 1282 2274; x_wconf 69' lang='grc' dir='ltr'><strong><em>γιγνόμενα</em></strong></span> <span class='ocrx_word' id='word_1_334' title='bbox 1317 2224 1379 2263; x_wconf 78' lang='grc' dir='ltr'>ἐπὶ</span> <span class='ocrx_word' id='word_1_335' title='bbox 1416 2224 1520 2264; x_wconf 81' lang='grc' dir='ltr'><strong><em>πολὺ</em></strong></span> 
     </span>
     <span class='ocr_line' id='line_1_35' title="bbox 65 2285 1518 2341; baseline -0.001 -13"><span class='ocrx_word' id='word_1_336' title='bbox 65 2285 301 2339; x_wconf 65' lang='grc' dir='ltr'><strong><em>ἐκεχωρήκει</em></strong></span> <span class='ocrx_word' id='word_1_337' title='bbox 327 2311 401 2339; x_wconf 82' lang='grc'>-,</span> <span class='ocrx_word' id='word_1_338' title='bbox 429 2303 602 2341; x_wconf 88' lang='lat' dir='ltr'>quorsum</span> <span class='ocrx_word' id='word_1_339' title='bbox 629 2289 783 2326; x_wconf 78' lang='lat' dir='ltr'>euaserit</span> <span class='ocrx_word' id='word_1_340' title='bbox 809 2287 896 2324; x_wconf 90' lang='lat' dir='ltr'>illud</span> <span class='ocrx_word' id='word_1_341' title='bbox 924 2287 1091 2323; x_wconf 87' lang='lat' dir='ltr'>ludorum</span> <span class='ocrx_word' id='word_1_342' title='bbox 1121 2288 1363 2325; x_wconf 84' lang='lat' dir='ltr'>consularium</span> <span class='ocrx_word' id='word_1_343' title='bbox 1390 2302 1518 2338; x_wconf 90' lang='lat' dir='ltr'>genus,</span> 
     </span>
     <span class='ocr_line' id='line_1_36' title="bbox 65 2349 1520 2402; baseline -0.001 -12"><span class='ocrx_word' id='word_1_344' title='bbox 65 2354 150 2391; x_wconf 88' lang='lat' dir='ltr'>olim</span> <span class='ocrx_word' id='word_1_345' title='bbox 177 2353 421 2402; x_wconf 86' lang='lat' dir='ltr'>incognitum,</span> <span class='ocrx_word' id='word_1_346' title='bbox 461 2353 631 2390; x_wconf 88' lang='lat' dir='ltr'>ostendit.</span> <span class='ocrx_word' id='word_1_347' title='bbox 684 2350 855 2397; x_wconf 88' lang='lat' dir='ltr'>Intelligis</span> <span class='ocrx_word' id='word_1_348' title='bbox 882 2349 950 2386; x_wconf 85' lang='lat' dir='ltr'>hoc</span> <span class='ocrx_word' id='word_1_349' title='bbox 976 2361 1088 2397; x_wconf 79' lang='lat' dir='ltr'>genus</span> <span class='ocrx_word' id='word_1_350' title='bbox 1114 2349 1193 2398; x_wconf 85' lang='lat' dir='ltr'>ipsa</span> <span class='ocrx_word' id='word_1_351' title='bbox 1219 2351 1520 2398; x_wconf 65' lang='lat' dir='ltr'>nouitate,&#39;nau1</span> 
     </span>
     <span class='ocr_line' id='line_1_37' title="bbox 65 2410 1519 2464; baseline -0.002 -13"><span class='ocrx_word' id='word_1_352' title='bbox 65 2415 142 2452; x_wconf 88' lang='lat' dir='ltr'>ludi</span> <span class='ocrx_word' id='word_1_353' title='bbox 169 2415 340 2451; x_wconf 83' lang='lat' dir='ltr'>uictoriae</span> <span class='ocrx_word' id='word_1_354' title='bbox 367 2415 541 2451; x_wconf 83' lang='lat' dir='ltr'>Sullanae</span> <span class='ocrx_word' id='word_1_355' title='bbox 568 2424 713 2464; x_wconf 87' lang='lat' dir='ltr'>quoque</span> <span class='ocrx_word' id='word_1_356' title='bbox 750 2424 822 2448; x_wconf 92' lang='lat' dir='ltr'>non</span> <span class='ocrx_word' id='word_1_357' title='bbox 858 2410 949 2447; x_wconf 85' lang='lat' dir='ltr'>adeo</span> <span class='ocrx_word' id='word_1_358' title='bbox 987 2416 1128 2447; x_wconf 79' lang='lat' dir='ltr'>ueteres</span> <span class='ocrx_word' id='word_1_359' title='bbox 1155 2417 1279 2458; x_wconf 86' lang='lat' dir='ltr'>erant,</span> <span class='ocrx_word' id='word_1_360' title='bbox 1316 2417 1391 2447; x_wconf 86' lang='lat' dir='ltr'>tum</span> <span class='ocrx_word' id='word_1_361' title='bbox 1420 2411 1519 2461; x_wconf 91' lang='lat' dir='ltr'>quod</span> 
     </span>
     <span class='ocr_line' id='line_1_38' title="bbox 64 2472 1519 2526; baseline -0.003 -13"><span class='ocrx_word' id='word_1_362' title='bbox 64 2488 88 2513; x_wconf 85' lang='lat' dir='ltr'>a</span> <span class='ocrx_word' id='word_1_363' title='bbox 114 2476 198 2512; x_wconf 88' lang='lat' dir='ltr'>solis</span> <span class='ocrx_word' id='word_1_364' title='bbox 224 2477 430 2513; x_wconf 90' lang='lat' dir='ltr'>consulibus</span> <span class='ocrx_word' id='word_1_365' title='bbox 470 2476 754 2526; x_wconf 85' lang='lat' dir='ltr'>procurabatur,</span> <span class='ocrx_word' id='word_1_366' title='bbox 792 2474 837 2509; x_wconf 89' lang='lat' dir='ltr'>ab</span> <span class='ocrx_word' id='word_1_367' title='bbox 872 2473 1027 2521; x_wconf 84' lang='lat' dir='ltr'>antiquis</span> <span class='ocrx_word' id='word_1_368' title='bbox 1062 2473 1129 2509; x_wconf 83' lang='lat' dir='ltr'>illis</span> <span class='ocrx_word' id='word_1_369' title='bbox 1164 2472 1256 2509; x_wconf 86' lang='lat' dir='ltr'>ludis</span> <span class='ocrx_word' id='word_1_370' title='bbox 1284 2473 1329 2508; x_wconf 87' lang='lat' dir='ltr'>ad</span> <span class='ocrx_word' id='word_1_371' title='bbox 1357 2473 1519 2510; x_wconf 86' lang='lat' dir='ltr'>diuersos</span> 
     </span>
     <span class='ocr_line' id='line_1_39' title="bbox 65 2534 1519 2587; baseline -0.003 -12"><span class='ocrx_word' id='word_1_372' title='bbox 65 2539 296 2587; x_wconf 86' lang='lat' dir='ltr'>magistratus</span> <span class='ocrx_word' id='word_1_373' title='bbox 320 2538 584 2587; x_wconf 82' lang='lat' dir='ltr'>&#39;pertinentibus</span> <span class='ocrx_word' id='word_1_374' title='bbox 610 2536 779 2583; x_wconf 79' lang='lat' dir='ltr'>differre,</span> <span class='ocrx_word' id='word_1_375' title='bbox 821 2541 1003 2570; x_wconf 84' lang='lat' dir='ltr'>caeterum</span> <span class='ocrx_word' id='word_1_376' title='bbox 1039 2535 1249 2571; x_wconf 82' lang='lat' dir='ltr'>celebritate</span> <span class='ocrx_word' id='word_1_377' title='bbox 1284 2542 1320 2570; x_wconf 89' lang='lat' dir='ltr'>et</span> <span class='ocrx_word' id='word_1_378' title='bbox 1346 2534 1519 2583; x_wconf 85' lang='lat' dir='ltr'>dignitate</span> 
     </span>
     <span class='ocr_line' id='line_1_40' title="bbox 64 2595 1518 2649; baseline -0.003 -13"><span class='ocrx_word' id='word_1_379' title='bbox 64 2611 184 2649; x_wconf 89' lang='lat' dir='ltr'>paene</span> <span class='ocrx_word' id='word_1_380' title='bbox 209 2600 450 2649; x_wconf 85' lang='lat' dir='ltr'>aequiparare</span> <span class='ocrx_word' id='word_1_381' title='bbox 483 2599 642 2636; x_wconf 85' lang='lat' dir='ltr'>eosdem.</span> <span class='ocrx_word' id='word_1_382' title='bbox 696 2599 771 2634; x_wconf 82' lang='lat' dir='ltr'>lam</span> <span class='ocrx_word' id='word_1_383' title='bbox 807 2608 895 2633; x_wconf 82' lang='lat' dir='ltr'>uero</span> <span class='ocrx_word' id='word_1_384' title='bbox 929 2609 1002 2645; x_wconf 89' lang='lat' dir='ltr'>quo</span> <span class='ocrx_word' id='word_1_385' title='bbox 1037 2604 1201 2645; x_wconf 87' lang='lat' dir='ltr'>tempore</span> <span class='ocrx_word' id='word_1_386' title='bbox 1227 2596 1297 2631; x_wconf 85' lang='lat' dir='ltr'>hoc</span> <span class='ocrx_word' id='word_1_387' title='bbox 1328 2595 1518 2632; x_wconf 88' lang='lat' dir='ltr'>consulare</span> 
     </span>
     <span class='ocr_line' id='line_1_41' title="bbox 64 2656 1518 2711; baseline -0.003 -13"><span class='ocrx_word' id='word_1_388' title='bbox 64 2673 178 2711; x_wconf 83' lang='lat' dir='ltr'>genus</span> <span class='ocrx_word' id='word_1_389' title='bbox 204 2662 357 2697; x_wconf 80' lang='lat' dir='ltr'>maximo</span> <span class='ocrx_word' id='word_1_390' title='bbox 383 2661 542 2710; x_wconf 86' lang='lat' dir='ltr'>uigebat,</span> <span class='ocrx_word' id='word_1_391' title='bbox 570 2659 658 2697; x_wconf 90' lang='lat' dir='ltr'>illud</span> <span class='ocrx_word' id='word_1_392' title='bbox 679 2671 825 2710; x_wconf 89' lang='lat' dir='ltr'>quoque</span> <span class='ocrx_word' id='word_1_393' title='bbox 846 2658 1021 2695; x_wconf 87' lang='lat' dir='ltr'>uetustius</span> <span class='ocrx_word' id='word_1_394' title='bbox 1043 2658 1188 2695; x_wconf 89' lang='lat' dir='ltr'>remotis</span> <span class='ocrx_word' id='word_1_395' title='bbox 1209 2656 1383 2694; x_wconf 89' lang='lat' dir='ltr'>aedilibus</span> <span class='ocrx_word' id='word_1_396' title='bbox 1411 2668 1518 2694; x_wconf 90' lang='lat' dir='ltr'>curu-</span> 
     </span>
     <span class='ocr_line' id='line_1_42' title="bbox 63 2718 1518 2773; baseline -0.003 -13"><span class='ocrx_word' id='word_1_397' title='bbox 63 2724 156 2760; x_wconf 86' lang='lat' dir='ltr'>libus</span> <span class='ocrx_word' id='word_1_398' title='bbox 183 2723 406 2773; x_wconf 80' lang='lat' dir='ltr'>plebeiisque</span> <span class='ocrx_word' id='word_1_399' title='bbox 431 2722 516 2760; x_wconf 82' lang='lat' dir='ltr'>solis</span> <span class='ocrx_word' id='word_1_400' title='bbox 544 2722 771 2772; x_wconf 83' lang='lat' dir='ltr'>praetoribus</span> <span class='ocrx_word' id='word_1_401' title='bbox 797 2721 968 2758; x_wconf 86' lang='lat' dir='ltr'>committi</span> <span class='ocrx_word' id='word_1_402' title='bbox 992 2720 1123 2769; x_wconf 89' lang='lat' dir='ltr'>coepit.</span> <span class='ocrx_word' id='word_1_403' title='bbox 1165 2718 1276 2764; x_wconf 89' lang='lat' dir='ltr'>Quod</span> <span class='ocrx_word' id='word_1_404' title='bbox 1304 2719 1408 2756; x_wconf 87' lang='lat' dir='ltr'>claris</span> <span class='ocrx_word' id='word_1_405' title='bbox 1435 2730 1518 2757; x_wconf 89' lang='lat' dir='ltr'>uer-</span> 
     </span>
    </p>
   </div>
   <div class='ocr_carea' id='block_1_3' title="bbox 1556 0 1630 2921">
    <p class='ocr_par' dir='ltr' id='par_1_3' title="bbox 1556 0 1630 2921">
     <span class='ocr_line' id='line_1_43' title="bbox 1556 0 1630 2921; baseline 0 0"><span class='ocrx_word' id='word_1_406' title='bbox 1556 0 1630 2921; x_wconf 95' lang='lat' dir='ltr'> </span> 
     </span>
    </p>
   </div>
  </div>
 </body>
</html>
