1685 2954
555 109 655 138 mn.
687 108 936 143 QVARTVS
1398 93 1477 138 163

94 212 166 252 llle
196 210 315 252 fidem
344 210 467 252 iussis
495 207 609 250 dedit
637 214 693 261 et,
723 207 761 249 si
788 208 971 260 mentiar,
1000 208 1142 262 inquit,

148 278 316 332 Vltima,
347 291 425 332 qua
452 277 599 329 fallam,
629 277 683 317 sit
712 287 842 316 uenus
871 273 939 315 illa
967 273 1075 316 mihi.

94 348 229 399 Fallit,
258 354 301 387 et
328 344 369 384 in
396 344 575 397 nympha
604 341 840 398 Sagaritide
867 341 1019 382 desinit
1049 354 1147 383 esse

150 413 268 464 Quod
297 411 381 452 fuit.
422 412 518 451 hinc
546 423 703 464 poenas
734 407 866 463 exigit
891 409 950 448 ira
978 408 1092 449 deae.
1398 415 1480 451 230

95 481 230 524 Naida
266 480 496 519 uolneribus
525 477 701 519 succidit
734 477 776 516 in
811 476 954 516 arbore
990 476 1125 517 factis.

150 549 220 588 Illa
247 549 363 600 perit.
398 547 528 586 fatum
556 542 702 585 naidos
731 545 848 585 arbor
877 551 978 585 erat.

92 615 172 656 Hic
199 614 305 666 furit,
334 620 378 654 et
406 613 582 655 credens
610 611 774 651 thalami
799 611 1064 664 procumbere
1093 615 1249 652 tectum

149 681 323 736 Effugit,
353 688 396 722 et
425 692 546 721 cursu
573 677 781 732 Dindyma
810 691 968 718 summa
996 679 1111 732 petit.

93 750 150 789 Et
173 749 305 801 mode,
336 749 431 789 tolle
456 749 587 799 faces,
615 758 793 797 remoue,
822 746 956 799 modo,
985 747 1167 800 uerbera,
1197 746 1365 788 clamat:
1399 750 1481 788 235

150 816 290 869 Saepe
319 816 581 857 Palaestinas
610 812 717 854 iurat
746 814 897 853 adesse
928 813 1042 853 deas.

94 884 165 924 Ille
195 884 317 924 etiam
347 896 450 924 saxo
479 893 630 934 corpus
658 881 824 921 laniauit
851 886 989 932 acuto,

150 952 378 1005 Longaque
407 952 446 990 in
474 948 678 990 immundo
709 947 876 999 puluere
905 952 1038 987 tracta
1066 958 1185 988 coma
1214 955 1292 990 est.

97 1019 274 1071 voxque
300 1019 386 1071 fuit,
415 1018 556 1070 merui,
585 1014 752 1056 meritas
780 1013 832 1053 do
861 1012 1063 1067 sanguine
1090 1026 1266 1067 poenas:

150 1086 217 1126 Ah
246 1091 414 1137 pereant
443 1090 584 1137 partes
615 1094 722 1136 quae
749 1093 928 1122 nocuere
955 1082 1073 1122 mihi!
1404 1086 1488 1125 240

95 1153 163 1193 Ah
190 1157 374 1205 pereant,
404 1151 570 1191 dicebat
598 1149 745 1191 adhuc.
782 1161 886 1190 onus
917 1148 1097 1203 inguinis
1127 1149 1273 1203 aufert,

147 1219 351 1272 Nullaque
379 1224 476 1259 sunt
503 1217 640 1258 subito
667 1216 792 1271 signa
819 1217 962 1258 relicta
990 1216 1076 1259 uiri.

89 1359 178 1394 227.
207 1356 270 1393 Illa
299 1359 348 1393 D.
386 1356 500 1393 iussus
525 1357 578 1394 N.
616 1357 702 1394 iuss.
730 1355 824 1393 redit
847 1368 880 1393 s.
919 1356 1003 1393 iuss.
1031 1356 1184 1393 dederat
1208 1357 1237 1394 si
1263 1361 1348 1396 tres.
1386 1370 1490 1397 men-

40 1409 117 1445 cior
143 1410 192 1445 D.
242 1407 397 1443 mentior
422 1406 484 1444 br.
533 1409 692 1444 menciar
717 1410 762 1444 Ε.
873 1409 962 1444 228.
999 1406 1075 1444 Vlt.
1103 1419 1212 1457 quam
1238 1407 1314 1444 fall.
1347 1407 1492 1448 GOA

39 1461 92 1495 20
108 1469 191 1505 ⁸0³3
219 1460 447 1505 Mam-‚scaz
494 1470 567 1506 qua
592 1458 700 1494 fallar
719 1460 755 1494 6.
800 1469 884 1494 uen.
902 1458 981 1507 ipsa
1006 1462 1092 1495 tres.
1136 1459 1198 1495 illa
1221 1459 1291 1494 mei
1317 1457 1348 1505 f.
1395 1462 1490 1499 mchi

42 1511 88 1547 Ε.
191 1509 278 1545 229.
306 1507 441 1557 nimph.
460 1509 541 1544 mei.
577 1507 786 1558 sagarittide
807 1509 854 1545 G.
893 1508 1099 1556 sagaratide
1118 1505 1170 1548 Φ.
1205 1509 1426 1557 sagarithide
1440 1509 1488 1550 Σ.

43 1557 210 1608 sagaride
235 1571 259 1607 p
283 1562 428 1606 septem.
467 1559 658 1605 sangaride
683 1563 768 1595 tres.
814 1558 1033 1607 sangaritide
1058 1558 1095 1596 h.
1198 1562 1286 1596 230.
1321 1560 1396 1604 Qui
1420 1561 1492 1600 suit

47 1610 256 1646 Guar.scr.
299 1609 368 1643 suit
401 1608 482 1643 huic
515 1606 598 1645 ²Fm
611 1621 748 1657 ma.pr.
762 1612 811 1644 20
823 1612 869 1645 33
897 1608 976 1645 duo.
1079 1613 1166 1647 231.
1198 1609 1342 1648 Naiada
1370 1612 1491 1657 Bw?

0 1681 1 1690 κ
43 1671 107 1709 per
123 1655 795 1707 cmnp.)FG1'ANHA2Tb9hr
820 1658 898 1696 alti.
938 1659 1038 1695 uuln.
1064 1659 1146 1697 libra
1162 1665 1305 1710 praeter
1319 1662 1368 1698 Α.
1407 1675 1490 1700 suc-

43 1709 141 1745 cedit
167 1708 187 1744 b
204 1721 278 1745 ma.
294 1719 349 1756 pr.
459 1712 547 1745 232.
583 1710 691 1757 periit
715 1712 764 1745 D.
810 1710 945 1745 sactum
972 1713 1007 1746 E
1017 1721 1091 1746 ma.
1102 1722 1158 1760 pr.
1177 1722 1210 1747 8.
1257 1711 1372 1748 naidis
1403 1716 1489 1752 Em.

44 1759 181 1795 naiadis
208 1761 255 1794 B.
296 1757 443 1794 naiados
471 1761 504 1794 D
521 1755 1109 1807 GOEFANHPAZTnghs
1133 1760 1213 1797 aliz.
1314 1765 1400 1798 233.
1428 1764 1491 1801 Sic

43 1810 116 1847 fur.
147 1811 186 1847 G.
241 1809 332 1844 Hinc
360 1808 429 1844 fur.
463 1806 515 1845 Ψ.
564 1810 665 1844 Haec
696 1809 767 1845 sur.
797 1810 834 1845 4.
880 1810 948 1844 Hic
973 1809 1065 1858 sugit
1092 1822 1276 1859 9ma.sec.
1325 1812 1490 1852 thalamis

44 1864 130 1897 tres.
182 1871 283 1908 proc.
310 1865 454 1907 tegnam
482 1862 515 1895 Z
533 1871 697 1896 umusor.
744 1872 844 1908 proc.
872 1866 966 1896 tecta
994 1872 1029 1895 m
1040 1872 1110 1896 ma.
1120 1873 1176 1909 pr.
1191 1865 1238 1897 12
1248 1865 1299 1898 20
1324 1867 1409 1900 tres.

96 1911 183 1946 234.
216 1908 337 1958 Affug.
365 1907 405 1945 Γ
405 1936 413 1944 .
467 1909 516 1945 Et
548 1910 641 1946 suoit
666 1915 701 1946 et
727 1909 751 1946 h
777 1914 849 1946 tres
874 1914 907 1945 et
926 1909 986 1948 ed.
1012 1922 1105 1947 saec.
1122 1923 1198 1947 xv.
1245 1911 1414 1951 dindama
1439 1918 1488 1952 D.

45 1960 217 2009 digd‘ama
242 1962 286 1996 E.
334 1959 490 1995 dindima
523 1938 641 1997 Gffr.
741 1961 829 1997 235.
863 1960 961 1996 :faces
988 1960 1096 1996 modo
1124 1962 1276 1998 uerbera
1301 1975 1490 2004 summoue

45 2011 151 2046 clam.
183 2011 253 2047 Gm
270 2021 343 2046 ma.
359 2022 416 2060 pr.
468 2010 566 2046 faces
592 2009 677 2046 mihi
709 2011 861 2046 uerbera
886 2023 1074 2047 summoue
1100 2012 1147 2047 cl.
1176 2014 1220 2049 B.
1248 2013 1329 2058 (lta
1353 2015 1490 2062 sched.)

45 2064 197 2098 Rasum
224 2063 260 2097 in
286 2063 333 2096 Z.
381 2061 536 2097 uerbera
561 2060 649 2097 dixit
678 2057 771 2097 ΕΓ.
879 2063 965 2097 236.
1001 2062 1195 2110 palestinas
1222 2065 1317 2101 DE.
1366 2066 1490 2116 Saepe

44 2112 222 2161 palatinas
250 2111 380 2147 clamat
406 2110 532 2147 adesse
557 2114 618 2148 20.
664 2111 874 2160 palestrinas
902 2111 936 2148 h.
978 2112 1130 2161 palaest.
1157 2114 1266 2149 intrat
1290 2114 1349 2151 ad.
1376 2115 1438 2153 A.

94 2164 179 2197 257.
209 2162 273 2197 llla
289 2161 337 2197 A.
375 2174 475 2210 corp.
494 2162 666 2198 lacerauit
685 2174 739 2198 ac.
759 2163 805 2198 G.
839 2161 986 2198 alniauit
1001 2174 1020 2198 i·
1030 2175 1103 2199 ma.
1114 2175 1170 2211 pr.
1275 2168 1361 2202 238.
1389 2166 1490 2203 Lon-

46 2223 164 2261 gaque
192 2218 228 2248 et
256 2214 355 2247 imm.
381 2224 428 2248 m.
467 2212 594 2261 Longa
621 2223 766 2261 quoque
791 2212 887 2247 imm.
910 2211 992 2249 (luo.
1029 2212 1230 2262 Longaque
1255 2227 1328 2251 non
1354 2218 1490 2255 mundo

45 2267 124 2299 ⁸22
136 2263 196 2298 24.
255 2262 426 2298 inmundo
453 2264 549 2300 DG.
593 2264 694 2311 pulu.
724 2269 818 2298 tecta
847 2266 893 2297 12
905 2265 966 2299 20.
1007 2263 1110 2312 pulu.
1137 2265 1221 2301 trita
1247 2266 1309 2302 25.
1358 2273 1490 2305 tractat

48 2324 150 2349 coma
176 2318 230 2349 est
254 2324 275 2348 r
292 2325 430 2361 mmpr.
543 2315 630 2349 239.
665 2313 733 2349 fuit
758 2314 867 2348 metui
893 2325 917 2360 p
934 2325 1016 2349 nar.
1033 2325 1104 2350 scr.
1149 2315 1217 2352 fuit
1241 2316 1340 2354 talisz
1365 2325 1490 2356 nostro

49 2361 95 2398 do
120 2365 166 2399 P.
213 2362 281 2398 fuit
307 2363 396 2399 tales
423 2370 547 2400 nostro
572 2363 620 2399 do
647 2365 683 2399 3.
727 2363 796 2399 fuit
822 2363 903 2398 talis
927 2364 1072 2400 meritas
1098 2365 1160 2402 44.
1205 2368 1321 2403 merui
1346 2369 1490 2406 meritas

48 2423 149 2460 sang.
178 2415 293 2449 Ema.
309 2425 366 2462 pr.
413 2415 527 2450 merui
554 2414 700 2450 meritus
725 2425 805 2449 sum
830 2424 932 2460 sang.
959 2416 994 2450 E
1003 2426 1078 2451 ma.
1089 2426 1159 2452 sec.
1209 2428 1299 2452 mer.
1326 2420 1490 2456 meritam

49 2461 87 2497 d.
107 2474 137 2498 s.
161 2474 315 2510 poenam
343 2462 384 2500 A
397 2466 456 2500 14.
498 2476 587 2500 mer.
613 2464 740 2500 merito
767 2463 814 2499 do
834 2460 939 2499 ΠΤ.
979 2465 1124 2500 meritas
1149 2465 1196 2502 de
1220 2479 1322 2515 sang.
1351 2471 1384 2504 B
1398 2474 1490 2507 octo.

48 2512 192 2548 meritas
224 2513 305 2549 dem
334 2512 373 2550 Γ
377 2513 396 2550 b
419 2514 486 2558 (de
512 2513 661 2562 utroque
682 2526 737 2550 me
762 2525 902 2549 errasse
927 2516 1052 2562 puto).
1097 2517 1244 2552 meritas
1273 2519 1358 2553 dum
1386 2531 1489 2568 sang.

51 2564 111 2597 ll.
209 2564 297 2599 240.
323 2577 393 2602 mn.
412 2565 496 2602 olim
520 2562 573 2601 Φ.
614 2565 672 2600 Ha
687 2561 1178 2602 ABGDEGOEAPIIA
1189 2565 1343 2614 behr.
1382 2569 1497 2606 Nunc·

49 2617 201 2659 pereant
225 2610 274 2649 Γ.
319 2615 426 2651 michi
451 2612 541 2652 ΕΓ.
643 2616 733 2651 241.
767 2614 827 2649 Ha
853 2613 1487 2666 ABGDEGOEAPAbebr.
1522 2642 1525 2643 ν

49 2661 159 2708 Dum,
185 2672 336 2711 pereant
361 2660 418 2702 H.
463 2665 579 2715 honus
606 2668 650 2702 E.
689 2665 824 2713 inguini
849 2664 969 2703 aufert
997 2663 1048 2702 (D.

1110 2732 1155 2766 11
1183 2728 1199 2745 ⁹
