1685 2954
153 86 238 131 250
705 102 1028 135 FASTORVM

262 202 403 256 Atque
431 202 577 255 aliquis
604 203 780 244 moriens
807 204 886 245 hoc
914 206 1039 247 breue
1067 206 1234 247 mandat
1261 218 1385 260 opus:

207 271 360 311 Mittite
387 283 453 310 me
482 270 638 311 Tiberi:
667 272 868 313 Tiberinis
895 279 1046 315 uectus
1070 281 1116 314 ut
1143 275 1262 316 undis
1509 280 1588 318 655

262 338 400 378 Littus
425 337 476 379 ad
504 338 710 378 Inachium
737 339 873 391 puluis
902 340 1034 381 inanis
1063 355 1164 382 eam.

206 403 408 457 Displicet
434 405 574 446 heredi
600 406 780 447 mandati
809 420 907 448 cura
935 409 1133 462 sepulcri:

259 473 449 513 Mortuus
475 474 658 514 Ausonia
686 474 870 516 conditur
897 476 1052 529 hospes
1085 478 1220 530 humo,

206 539 377 592 Scirpea
411 553 482 593 pro
518 540 679 582 domino
711 543 848 583 Tiberi
882 542 1058 585 iactatur
1094 546 1245 599 imagO,

260 608 321 648 Vt
355 614 517 661 repetat
545 607 684 661 graias
719 623 792 662 per
827 611 932 651 freta
967 612 1092 665 longa
1122 613 1277 654 domos.
1511 619 1591 654 660

203 675 430 726 Hactenus,
463 681 507 716 et
533 674 630 716 uiuo
656 675 780 716 subiit
806 679 979 717 rorantia
1009 689 1113 718 saxo

256 743 398 784 Antra.
435 744 553 785 leues
580 755 745 784 cursum
772 743 1042 796 sustinuistis,
1072 756 1217 797 aquae.

203 876 325 918 Clare
352 887 483 929 nepos
511 876 706 929 Atlantis,
734 874 850 928 ades,
881 887 1001 930 quem
1029 879 1235 920 montibus
1263 880 1356 919 olim

259 942 397 983 Edidit
423 943 614 984 Arcadiis
641 942 772 997 pleias
799 956 881 984 una
909 943 1013 984 Ioui:

199 1009 324 1052 Pacis
353 1015 396 1050 et
424 1022 624 1051 armorum
654 1011 815 1064 superis
844 1012 1016 1064 imisque
1045 1010 1212 1054 deorum
1512 1016 1591 1054 665

257 1078 433 1129 Arbiter,
462 1078 569 1118 alato
599 1079 668 1130 qui
696 1078 802 1132 pede
832 1077 967 1131 carpis
994 1077 1083 1131 iter,

200 1147 333 1187 Laete
361 1145 475 1198 lyrae
504 1146 637 1198 pulsu,
666 1147 795 1187 nitida
822 1159 984 1200 quoque
1013 1146 1123 1186 laete
1152 1148 1370 1201 palaestra,

257 1213 349 1264 Quo
377 1212 518 1253 didicit
546 1214 657 1253 culte
685 1215 827 1268 lingua
856 1214 1033 1255 docente
1062 1214 1184 1267 loqui.

201 1281 374 1334 Templa
401 1279 475 1321 tibi
501 1293 678 1334 posuere
706 1288 848 1334 patres
878 1282 1113 1335 spectantia
1140 1279 1293 1322 circum

254 1347 405 1390 Idibus.
439 1361 494 1388 ex
522 1348 589 1388 illo
618 1354 685 1389 est
712 1349 817 1389 haec
846 1349 918 1389 tibi
947 1350 1058 1390 festa
1087 1348 1188 1389 dies.
1511 1354 1592 1391 670

194 1511 282 1549 654.
314 1510 362 1546 al.
390 1521 540 1546 monens
558 1511 740 1560 Ema.pr.
779 1510 952 1547 mandant
979 1522 1012 1548 r.
1114 1509 1202 1547 655.
1230 1521 1289 1546 me
1314 1509 1454 1546 tiberim
1474 1512 1510 1546 D
1529 1521 1594 1559 per

146 1574 279 1611 corrup„
306 1557 459 1598 ΜΡΣ.
509 1572 567 1596 me
593 1561 726 1608 tyberis
754 1563 814 1597 14.
866 1573 924 1598 me
951 1561 986 1597 in
1016 1561 1157 1597 tiberim
1184 1561 1323 1606 (tibrim
1349 1563 1398 1604 E,
1425 1561 1592 1596 tliiberim

149 1614 233 1660 Gr,
266 1611 418 1660 tyberim
445 1608 530 1657 ΓΘ,
565 1611 692 1659 tybrim
720 1611 762 1657 f)
790 1613 934 1649 caeteri.
987 1610 1172 1648 thiberinis
1204 1612 1251 1647 G.
1299 1611 1375 1657 tyb.
1403 1608 1475 1646 ΓΘ.
1526 1610 1593 1647 tib.

146 1663 273 1700 missus
300 1663 335 1698 in
367 1662 570 1698 Ornatscm
617 1669 711 1698 uect.
740 1663 775 1698 in
803 1663 905 1698 undis
934 1657 1594 1709 DEGOEFNOPHPAEbefy

145 1718 195 1763 pt
207 1716 253 1749 33
273 1713 403 1761 uiyinti
422 1715 589 1760 quatuor,
614 1717 700 1748 vett.
717 1712 771 1748 ecl.
813 1720 910 1748 uect.
930 1720 966 1747 et
985 1712 1088 1747 undis
1113 1724 1149 1747 m
1163 1723 1306 1759 mcum.
1344 1717 1440 1748 uect.
1459 1711 1505 1746 ab
1526 1723 1594 1747 un-

145 1764 200 1800 dis
225 1762 309 1800 duo.
413 1763 501 1798 656.
529 1761 632 1798 Litus
658 1765 727 1799 mei
748 1767 781 1798 et
797 1762 885 1808 fort.
900 1764 1106 1799 Heinsiani.
1150 1761 1275 1797 Puluis
1299 1761 1345 1798 ad
1372 1760 1488 1797 inach.
1511 1761 1594 1798 litus

147 1817 318 1852 BEma.
336 1825 390 1862 pr.
430 1812 606 1848 inacliiam
633 1815 668 1849 D
685 1825 832 1861 nimpr.
878 1813 994 1849 inach.
1023 1813 1148 1861 pulsus
1174 1824 1205 1849 r.
1251 1813 1347 1848 inan.
1375 1818 1435 1848 eat
1460 1823 1492 1848 s.

196 1866 284 1902 657.
318 1862 466 1900 haeredi
491 1875 509 1898 e
534 1867 567 1898 et
591 1861 680 1908 fort.
702 1865 908 1900 Heinsiani.
963 1863 1084 1898 mand.
1114 1874 1222 1898 causa
1246 1865 1296 1898 M
1310 1874 1392 1899 παν.
1409 1874 1480 1898 scr.
1536 1873 1595 1898 se-

146 1915 286 1965 pulchri
313 1916 431 1951 Eae.
541 1914 626 1949 658.
661 1914 729 1948 Hic
757 1921 838 1949 tuus
865 1926 940 1949 aus.
972 1914 1235 1962 BCEma.pr.
1252 1910 1494 1949 (DMPH‘A
1506 1910 1595 1958 Tfr

149 1970 173 2002 3
197 1977 342 2009 nouerim
370 1967 590 2001 Nmtr.scr.
640 1964 733 1999 Hinc
758 1970 842 2000 tuus
869 1976 945 2000 aus,
977 1961 1023 1999 Π
1031 1976 1105 2000 ma.
1120 1975 1189 2000 sec.
1218 1963 1327 1999 alius.
1356 1963 1483 1999 seond.
1511 1962 1595 1999 exul

148 2016 246 2052 lium.
274 2019 337 2053 20.
440 2016 527 2049 659.
555 2014 696 2063 Stupea
721 2014 765 2051 0.
806 2014 950 2064 Scripta
977 2013 1153 2062 bintapr.
1193 2014 1321 2062 Sirpea
1348 2015 1408 2048 29.
1448 2013 1595 2049 domino

147 2067 181 2103 in
204 2067 345 2102 tiberim
366 2065 549 2110 (tliiberiin
569 2065 617 2111 G,
646 2065 795 2112 tyberim
809 2064 895 2101 Αἶά.
914 2064 1035 2107 Med.)
1059 2066 1150 2101 GM
1158 2064 1225 2112 2)5
1245 2063 1324 2100 edd.
1339 2063 1425 2100 AM.
1440 2062 1593 2100 Mcrliol.

197 2118 284 2153 660.
313 2117 361 2152 Et
387 2116 518 2164 repetit
536 2113 598 2151 A.
637 2122 805 2163 repetant
824 2112 870 2151 Σ.
913 2128 990 2165 rep.
1013 2116 1138 2163 longas
1159 2127 1223 2162 per
1238 2127 1275 2150 m
1290 2117 1493 2162 n1a÷.·1»·.20
1509 2113 1593 2150 duo.

147 2167 275 2204 domus
301 2166 335 2203 b.
437 2168 523 2200 661.
552 2168 709 2201 Actenus
734 2178 766 2202 r.
808 2167 914 2203 Hact.
937 2173 976 2202 ut
999 2167 1081 2201 uiuo
1104 2163 1247 2214 sDMp.
1292 2166 1397 2201 Hact.
1425 2171 1464 2200 ut
1489 2163 1594 2200 subiit

147 2219 234 2254 uiuo
263 2220 297 2254 B
308 2213 582 2255 FFMP³FA
594 2214 686 2263 Tcy
698 2228 792 2253 mrs
807 2220 828 2252 3
843 2220 890 2252 33
903 2218 1033 2264 uiginti
1050 2221 1207 2263 quatuor
1219 2221 1252 2252 et
1265 2220 1352 2251 nen.
1366 2213 1440 2259 εὼς
1471 2213 1591 2250 Gabar.

39 2260 71 2283 Α
146 2281 219 2305 scr.
262 2274 298 2304 et
323 2268 430 2304 subiit
453 2267 536 2302 uiuo
559 2265 830 2303 GDEGAO.
875 2268 1039 2303 rorancia
1058 2263 1106 2302 Γ.
1211 2268 1297 2302 662.
1325 2277 1449 2301 cursus
1468 2260 1592 2300 DAs.

148 2318 401 2355 sustinuissetis
426 2325 601 2366 rincum.
703 2319 789 2354 663.
819 2318 914 2354 Care
939 2318 989 2353 44
1009 2321 1180 2365 (μιαιυονς
1212 2318 1421 2354 emansor.
1465 2313 1592 2350 adlau-

149 2370 193 2405 tis
215 2370 282 2405 Gr.
327 2367 520 2406 athalantis
542 2364 788 2405 DEGTEb.
829 2368 916 2404 ades
941 2380 1034 2417 quae
1055 2365 1115 2403 D?
1141 2367 1161 2404 b
1179 2379 1318 2416 mmpr.
1419 2365 1504 2399 664.
1532 2374 1592 2398 ar-

150 2419 257 2455 chad.
283 2415 496 2456 DEGTr.
545 2418 616 2454 uda
644 2420 735 2456 coni.
766 2418 961 2455 Bentleius.
1064 2419 1153 2456 666.
1181 2419 1266 2455 Arb.
1294 2417 1387 2452 elato
1412 2409 1468 2450 H.
1516 2413 1593 2448 ala-

149 2476 208 2506 tus
233 2480 267 2506 r.
306 2470 352 2507 al.
371 2480 481 2518 quam
502 2467 597 2517 pede
615 2467 677 2506 A.
780 2471 864 2506 667.
892 2469 1002 2504 Pulsa
1028 2469 1122 2504 laete
1149 2470 1225 2517 lyra
1253 2469 1312 2503 nit.
1337 2468 1378 2502 Τ.
1418 2464 1484 2500 lire
1502 2460 1593 2501 ΕΓ.

150 2520 244 2569 puls.
273 2519 369 2555 nuda
395 2531 542 2569 quoque
571 2515 623 2555 Φ.
725 2521 813 2558 668.
840 2519 925 2562 Quo
953 2519 1050 2556 culte
1075 2519 1194 2555 didicit
1219 2516 1269 2555 Ψ.
1308 2516 1392 2558 Quo
1407 2513 1521 2550 ‘ffiscit
1541 2510 1590 2551 Γ.

149 2571 272 2619 lingua
297 2569 445 2605 fauente
471 2570 496 2607 l.
530 2569 848 2607 GZmr122022
860 2573 908 2606 28
934 2581 1040 2607 tinus.
1086 2569 1171 2617 ling.
1198 2566 1361 2604 docenda
1393 2565 1424 2602 0
1443 2575 1592 2612 mmpr.

148 2621 302 2657 docente
327 2619 396 2656 coli
426 2616 477 2656 Φ.
580 2621 667 2657 669.
698 2621 905 2670 spectancia
929 2617 969 2656 Γ
975 2632 1007 2658 e.
1110 2621 1195 2655 670.
1228 2617 1289 2653 ὶΙΙο
1316 2615 1406 2652 haec
1432 2621 1486 2651 est
1511 2612 1591 2652 edd.

150 2673 239 2708 Veii.
264 2671 341 2708 Vic.
380 2675 435 2706 est
462 2681 532 2706 om.
565 2668 618 2708 Ψ.
656 2670 748 2709 haec
773 2677 835 2708 tua
861 2670 958 2708 sacta
984 2672 1034 2707 20
1057 2673 1140 2706 tres.
1187 2668 1249 2704 tibi
1275 2666 1372 2704 sacta
1399 2668 1594 2715 Dona.pr.
