1718 2998
643 139 825 169 SENATVI
856 140 1056 169 HABENDO
1411 148 1431 161 ·⁴
1511 142 1570 170 VH

116 256 149 281 c.
165 243 237 289 293
274 240 542 280 triumuirorum
568 238 716 277 decreta
735 239 960 278 Octauianus
987 248 1079 279 teste
1098 241 1216 278 Dione
1242 241 1306 289 53,
1326 243 1350 276 2
1377 252 1473 278 anno
1496 242 1572 279 726

115 304 167 343 V.
189 306 235 341 C.
264 299 320 341 δι’
349 297 439 346 ἑνὸς
465 296 787 351 προγράμματος
813 298 1029 350 κατέλυσε,
1068 302 1177 353 idque
1203 313 1298 339 anno
1327 309 1522 353 antequam
1550 315 1573 340 a

115 373 245 404 senatu
271 365 483 415 populoque
510 364 691 413 Augustus
720 370 756 400 et
782 363 828 400 ab
857 363 1009 400 Horatio
1043 365 1210 413 expiator
1235 364 1378 401 sceleris
1405 365 1571 414 appelln-

113 437 237 477 retur,
273 434 311 464 ut
336 425 493 462 sortasse
518 430 606 461 tunc
633 425 760 462 Iduum
787 425 1026 471 Martiarum,
1063 425 1191 461 natalis
1220 426 1365 462 Antonii
1391 426 1478 472 (Dio
1504 427 1569 474 51,

115 494 192 538 19),
218 489 370 526 aliorum
397 493 558 523 atrorum
581 487 737 535 dierum,
765 488 827 537 qui
854 486 901 523 ad
927 488 981 523 ius
1007 486 1231 537 pontificium
1260 494 1359 523 certe
1385 500 1570 538 nunquam

111 551 377 603 pertinuerunt,
400 548 545 585 desierit
567 549 715 598 religi03
742 562 825 585 cum
845 555 1000 597 negatur
1021 547 1162 596 diebus,
1191 549 1251 599 qui
1271 548 1434 586 sacrificii
1460 562 1571 587 causa

108 611 239 650 nefasti
264 612 422 658 suerint,
457 622 616 659 unquam
645 611 702 646 uel
730 619 836 656 ante,
875 611 934 646 uel
960 617 1045 661 post
1071 611 1272 659 Augustum
1299 617 1464 648 senatum
1491 624 1570 650 esse

107 680 377 720 conuocatum,
413 679 491 709 esto
520 670 610 708 tales
638 685 708 708 nou
736 673 846 710 suisse
875 672 906 708 V
933 671 989 708 ld.
1014 674 1120 723 Apin,
1150 672 1196 709 111
1225 671 1277 708 ld.
1306 671 1410 720 Mai„
1436 675 1498 723 qui
1524 686 1570 712 ex

108 736 293 773 Ciceronis
319 734 480 785 epistolis
507 733 744 771 adhibentur:
785 747 912 771 uerum
940 733 1072 770 ibidem
1100 737 1163 780 12,
1191 735 1239 769 25
1267 734 1348 782 lego
1377 734 1569 785 Quinqua-

105 798 220 834 tribus
246 796 478 846 frequentem
505 803 671 832 senatum
699 796 835 843 suis-se,
870 797 973 845 isque
1009 795 1086 831 dies
1124 795 1285 830 nefastus
1313 801 1368 830 est
1402 796 1437 832 in
1463 803 1568 833 uetu-

104 859 280 907 stissimis,
308 870 403 909 quae
430 857 476 894 ad
504 870 569 894 nos
596 864 862 907 peruenerunt,
889 855 1022 893 tabulis
1045 854 1234 892 Maffeana
1255 863 1291 893 et
1311 855 1569 895 Praenestina:

103 919 193 957 illud
220 932 309 957 uero
336 920 526 957 ridiculum
555 926 621 967 est,
650 932 731 955 cum
759 921 794 956 in
822 920 901 968 ipso
928 917 1135 954 calendario
1163 917 1408 956 Lambeciano
1428 919 1568 956 Kalen·

104 981 160 1019 dis
187 982 298 1030 Iuliis,
326 982 470 1019 nefasto
497 981 578 1026 die,
604 987 751 1017 senatus
777 980 958 1029 legitimus
984 978 1295 1031 deprehenditur,
1320 979 1431 1031 idque
1458 994 1567 1019 excu-

104 1049 206 1080 satur
231 1051 385 1093 propter
411 1043 587 1079 minorem
614 1042 667 1078 rei
691 1053 840 1090 sacrae,
868 1054 964 1092 quae
992 1049 1069 1079 tum
1096 1041 1193 1078 sacta
1219 1041 1287 1089 sit,
1314 1044 1566 1093 sanctitatem;

103 1103 204 1155 qnod
239 1104 287 1141 de
323 1105 470 1154 reliquis
507 1115 655 1154 quoque
692 1103 842 1140 nefastis
869 1103 1046 1141 Kalendis
1082 1104 1151 1140 dici
1190 1111 1346 1154 poterat.
1408 1105 1567 1143 Maxime

102 1165 212 1202 etiam
238 1164 274 1202 id
302 1177 324 1202 a
350 1165 490 1203 disertis
516 1165 643 1201 Dionis
670 1166 790 1202 uerbis
817 1165 1011 1213 abhorret,
1038 1166 1135 1216 quod
1162 1167 1325 1215 plurimis
1351 1166 1479 1204 diebus
1503 1174 1566 1204 to-

101 1227 147 1264 tis
171 1226 288 1276 fastis,
317 1228 376 1264 uel
402 1227 640 1264 comitialibus
665 1234 813 1264 senatus
839 1227 984 1265 habitus
1009 1228 1120 1276 soret,
1147 1229 1176 1264 si
1203 1228 1375 1265 credibile
1396 1235 1492 1265 esset
1517 1229 1564 1265 ab

101 1290 255 1339 Augusti
280 1289 366 1326 inde
392 1296 557 1339 tempore
583 1288 631 1325 ad
659 1289 861 1326 Constantii
889 1296 1046 1326 aetatem
1073 1290 1161 1326 nihil
1187 1297 1365 1327 mutatum
1391 1291 1501 1328 fuisse
1526 1291 1563 1327 in

100 1362 145 1388 ea
165 1362 229 1399 re;
255 1350 356 1401 quod
382 1365 430 1389 ne
457 1352 615 1388 animum
642 1350 870 1399 inducamus,
897 1359 1048 1389 monent
1068 1352 1178 1388 Gellii
1207 1353 1318 1388 uerba
1345 1354 1383 1400 4,
1404 1354 1449 1389 9:
1478 1357 1564 1389 ante

100 1412 224 1461 legem,
243 1423 336 1462 qnae
356 1426 451 1451 nunc
470 1414 512 1451 de
530 1418 659 1451 senatu
682 1412 844 1451 habendo
866 1413 1092 1451 obsemmtur.
1133 1412 1255 1454 Velim
1284 1427 1371 1464 ergo
1398 1413 1564 1451 damnari

98 1475 204 1512 istam
240 1475 428 1513 Vaassenii
464 1477 682 1514 sententiam
718 1482 756 1513 et
794 1488 890 1525 quae
925 1488 1037 1526 supra
1075 1477 1227 1527 exposui
1263 1484 1363 1514 recte
1399 1477 1563 1526 exposita

99 1537 317 1584 existimari,
352 1550 420 1574 nec
447 1537 585 1575 offendi
612 1540 648 1575 in
676 1551 745 1586 eo,
772 1537 872 1589 quod
898 1550 971 1574 non
1001 1538 1111 1574 modo
1138 1539 1287 1575 nefastis
1313 1539 1463 1587 diebus,
1497 1538 1562 1575 sed

98 1598 207 1636 etiam
234 1598 377 1636 nefasta
404 1599 543 1637 dierum
570 1606 678 1650 parte
706 1606 744 1636 et
771 1612 957 1649 nunquam
985 1613 1058 1636 non
1092 1601 1187 1637 inter
1212 1612 1315 1637 sacra
1338 1600 1563 1637 Kalendaria

97 1659 287 1710 Iduliaque
312 1668 460 1698 senatus
486 1662 670 1710 conuenit,
694 1661 871 1711 siquidem
895 1662 930 1697 in
951 1661 1030 1712 ipso
1052 1669 1180 1699 senatu
1200 1675 1276 1699 rem
1297 1675 1437 1699 sacram
1457 1663 1564 1700 thure

99 1731 275 1771 meroque
310 1721 389 1760 fieri
423 1723 526 1759 iussit
551 1725 756 1772 Augustus,
792 1723 897 1760 Suet.
928 1723 1012 1761 Oct.
1041 1725 1105 1772 35,
1133 1724 1204 1761 Dio
1231 1725 1297 1773 54,
1325 1727 1387 1760 30.
1439 1725 1559 1762 Video

100 1787 228 1818 contra
255 1794 299 1819 ea
325 1783 447 1820 afferri
473 1797 581 1833 posse
605 1784 733 1821 Dionis
760 1785 881 1821 locum
909 1787 973 1833 56,
1003 1788 1074 1822 41:
1114 1783 1154 1823 ἐν
1180 1782 1254 1834 μὲν
1283 1789 1372 1830 ταῖς
1399 1781 1561 1836 ἑορταῖς

98 1839 166 1879 καὶ
187 1838 257 1879 τὸν
277 1841 409 1892 δῆμον
432 1840 570 1881 οἴκαδε
589 1842 932 1894 προσδεξαμένου,
965 1844 1005 1882 ἐν
1032 1844 1077 1883 δὲ
1105 1849 1194 1891 ταῖς
1221 1841 1365 1891 ἄλλαις
1390 1841 1561 1897 ἡμέραις

97 1901 167 1942 καὶ
193 1900 267 1954 τὴν
293 1903 508 1954 γερουσίαν
533 1902 575 1942 ἐν
595 1901 706 1958 αὐτῷ
726 1905 784 1958 τῷ
803 1906 1082 1960 βουλευτηρίῳ
1112 1904 1418 1956 ἀσπασαμένου.
1456 1910 1559 1956 Esto,

96 1967 176 2004 siue
202 1959 347 2015 ἑορτὰς
371 1968 549 2017 intelligas
569 1968 645 2005 dies
661 1968 829 2016 festinos,
857 1970 935 2006 siue
960 1969 1091 2017 ferias,
1117 1971 1195 2007 siue
1220 1983 1350 2009 sacras
1371 1970 1560 2009 celebrita-

95 2031 173 2077 tes,
201 2028 391 2066 Kalendas
418 2035 455 2065 et
482 2029 568 2066 Idus
602 2030 797 2080 aliquando
833 2031 875 2067 iis
913 2032 1217 2082 appellationibus
1252 2038 1397 2069 notatas
1432 2032 1560 2082 fuisse,

97 2089 197 2127 Gell.
218 2093 257 2139 2,
273 2091 338 2139 24,
364 2090 481 2129 Macr.
507 2095 545 2140 l,
562 2093 630 2130 15:
659 2092 808 2129 dubium
832 2101 954 2130 tamen
982 2095 1042 2130 uix
1063 2101 1132 2142 est,
1161 2094 1247 2145 quin
1275 2094 1356 2131 illos
1380 2096 1560 2134 maximae

95 2149 314 2201 dignationis
341 2159 378 2189 et
405 2153 514 2190 totius
548 2154 676 2204 populi
711 2154 820 2190 ferias
854 2156 982 2192 innuat
1006 2156 1102 2204 Dio,
1140 2157 1267 2206 quales
1294 2157 1561 2208 Quinquatrus,

95 2224 191 2262 quae
226 2213 326 2264 apud
352 2215 558 2252 Varronem
592 2215 639 2253 de
665 2216 691 2252 1.
718 2217 742 2253 l.
770 2218 809 2265 6,
835 2219 859 2252 3
886 2229 967 2268 sqq.
995 2225 1282 2267 enumerantur,
1318 2231 1487 2270 quaeque
1521 2222 1559 2259 in

94 2274 273 2312 fastorum
291 2277 422 2314 tabulis
442 2278 580 2327 magnis
606 2278 734 2315 litteris
761 2279 863 2316 iuxta
881 2280 1020 2317 litteras
1042 2280 1257 2318 nundinales
1277 2282 1435 2331 scriptae
1461 2289 1558 2322 sunt.

94 2337 141 2374 lis
166 2338 251 2374 olim
278 2346 444 2376 senatum
471 2339 633 2377 habitum
661 2353 740 2378 esse
775 2354 849 2378 uno
884 2343 1052 2393 exemplo
1088 2341 1216 2379 docui:
1251 2343 1405 2392 Augusti
1438 2351 1560 2382 aetate

94 2405 262 2436 senatum
289 2402 487 2451 legitimum
514 2414 602 2441 non„
615 2400 726 2438 fuisse
744 2410 912 2452 apparet,
941 2416 1022 2441 cum
1039 2405 1259 2442 Matronalia
1277 2417 1324 2441 ne
1345 2405 1445 2455 apud
1464 2405 1559 2443 Var-

94 2473 220 2499 ronem
248 2462 407 2512 quidem,
435 2464 688 2513 Quinquatrus
714 2464 938 2502 minusculae
965 2467 1065 2503 nulla
1092 2467 1127 2502 in
1155 2466 1282 2503 tabula
1308 2473 1557 2516 compareant.

195 2524 318 2574 Pergo
346 2524 392 2561 ad
428 2526 607 2573 alterum,
643 2524 742 2575 quod
771 2525 970 2564 Suetonius
1003 2527 1153 2565 tradidit
1179 2531 1380 2576 Augustum
1405 2528 1560 2578 amplius

39 2588 43 2591 ’
96 2586 243 2636 triginta
269 2586 347 2623 dies
372 2586 465 2624 ludis
494 2586 696 2624 honorariis
723 2595 921 2637 occupatos
947 2590 1044 2626 actui
1071 2603 1193 2627 rerum
1220 2589 1438 2640 permisisse.
1481 2589 1559 2627 Ne-

98 2659 198 2685 cesse
223 2654 279 2685 est
304 2639 574 2699 intelligamus,
610 2650 672 2699 qui
708 2650 758 2686 illi
796 2648 873 2687 dies
899 2651 981 2687 sint.
1034 2651 1244 2696 Prouocant
1267 2651 1486 2702 interpretes
1511 2651 1560 2688 ad

99 2709 204 2748 Pauli
228 2710 383 2749 Diaconi
409 2712 529 2750 locum
555 2724 593 2762 p.
622 2713 696 2749 102
722 2711 781 2750 ed.
810 2712 959 2752 Mue11.:
996 2711 1234 2753 Houorarios
1258 2712 1385 2763 ludos,
1412 2709 1508 2763 quos*
1526 2718 1561 2751 et
