1685 2954
175 110 231 154 84
740 120 1039 150 ΡΛΒΤοΒνΜ

233 223 418 278 Ceperat
444 220 511 263 hic
536 221 652 272 alias,
681 219 782 262 alias
812 226 1018 262 euerterat
1045 219 1180 271 urbes,

289 293 345 332 Et
370 288 528 332 Gabios
555 287 663 343 turpi
690 289 846 330 fecerat
870 294 957 329 arte
983 300 1095 328 suos.

232 359 421 411 Namque
450 355 569 397 trium
595 356 797 410 minimus,
826 358 960 410 proles
988 353 1206 395 manifesta
1235 352 1423 406 Superbi,

289 426 335 464 In
362 424 520 465 medios
548 425 691 465 hostes
719 430 843 465 nocte
875 425 1022 464 silente
1050 422 1173 461 uenit.
1538 421 1618 457 690

234 491 450 533 Nudarant
477 491 648 546 gladios.
692 491 881 543 occidite,
912 489 1026 543 dixit,
1056 488 1271 529 inermem:

291 561 384 600 Hoc
403 560 570 612 cupiant
598 559 744 599 fratres
761 557 1084 612 Tarquiniusque
1105 562 1235 609 pater,

235 626 316 678 Qui
342 639 435 667 mea
463 625 617 666 crudeli
645 625 841 666 lacerauit
868 625 1038 663 uerbere
1067 629 1197 676 terga.

293 695 442 734 Dicere
471 699 516 733 ut
543 693 650 733 haec
677 696 834 744 posset,
860 691 1030 730 uerbera
1059 702 1211 742 passus
1240 694 1337 728 erat.

237 762 355 801 Luna
383 759 470 800 fuit.
509 764 703 812 spectant
730 756 933 809 iuuenem,
962 757 1208 811 gladiosque
1237 754 1474 796 recondunt.
1541 760 1618 796 695

292 830 512 880 Tergaque
540 826 719 867 deducta
746 830 866 881 ueste
893 830 1037 864 notata
1061 823 1221 863 uident:

237 895 362 936 Flent
391 907 566 948 quoque,
595 899 638 934 et
664 898 712 933 ut
741 905 885 933 secum
913 897 1075 932 tueatur
1103 891 1221 943 bella,
1249 895 1478 944 precantur.

294 962 480 1003 Callidus
507 962 663 1017 ignaris
694 961 834 1001 annuit
862 961 928 1000 ille
957 959 1067 1000 uiris.

237 1031 404 1083 Iamque
431 1035 581 1082 potens
608 1029 735 1069 misso
764 1027 993 1081 genitorem
1021 1026 1201 1079 appellat
1228 1025 1373 1079 amico,

293 1094 498 1137 Perdendi
526 1095 685 1137 Gabios
713 1095 821 1149 quod
849 1095 927 1135 sibi
954 1099 1154 1134 monstret
1182 1095 1270 1134 iter.
1543 1099 1624 1135 700
1684 1095 1685 1098 ’

240 1165 395 1205 Hortus
423 1162 604 1204 odoratis
629 1163 799 1204 suberat
821 1161 1071 1203 cultissimus
1096 1161 1245 1214 herbis,

296 1231 451 1272 Sectus
479 1231 643 1271 humum
671 1230 757 1271 riuo
787 1231 878 1271 lene
907 1229 1092 1270 sonantis
1120 1242 1263 1283 aquae.

242 1298 328 1339 lllic
354 1298 598 1351 Tarquinius
624 1298 818 1338 mandata
845 1298 1015 1338 latentia
1042 1297 1127 1337 nati

297 1365 486 1418 Accipit,
518 1370 563 1405 et
589 1366 706 1419 uirga
734 1366 817 1405 lilia
845 1377 1004 1405 summa
1031 1365 1161 1405 metit.

243 1431 424 1473 Nuntius
452 1437 499 1473 ut
534 1432 652 1473 rediit
681 1433 942 1486 decussaque
970 1432 1053 1473 lilia
1081 1432 1195 1485 dixit,
1546 1438 1625 1475 705

297 1499 440 1556 Filius,
469 1512 653 1555 agnosco
679 1499 794 1542 iussa
822 1501 1014 1555 parentis,
1043 1501 1112 1541 ait.

237 1616 323 1652 687.
351 1616 535 1666 Coeperat
552 1616 675 1664 Ilfeld.
712 1618 871 1668 aliasque
894 1624 1009 1656 euert.
1030 1621 1097 1656 P3
1122 1629 1199 1655 sex.
1233 1623 1414 1655 enei-teret
1436 1619 1627 1666 Dma.pr.

188 1671 371 1703 auerterat
398 1668 460 1712 (G
480 1672 558 1705 test.
577 1670 728 1715 Heius.)
752 1672 797 1705 13
809 1672 871 1705 33.
908 1670 994 1705 alias
1031 1682 1111 1705 cum
1146 1676 1283 1705 terreat
1318 1670 1397 1705 urb.
1424 1680 1551 1705 mma.
1569 1680 1627 1717 pr.

188 1722 303 1752 euert.
321 1728 421 1754 arces
437 1719 497 1755 34.
595 1721 681 1755 688.
709 1720 806 1768 turpi
825 1726 972 1768 ceperat
988 1719 1153 1767 Ῐηιαφν.
1250 1720 1337 1756 689.
1366 1720 1513 1769 lamque
1524 1715 1561 1753 Σ
1569 1723 1627 1755 11.

187 1765 345 1815 Nanque
373 1770 422 1804 D.
537 1770 622 1806 691.
656 1768 850 1805 Nudarunt
876 1771 919 1805 N
922 1770 1016 1806 Phs
1040 1774 1171 1817 septem
1195 1774 1230 1806 et
1255 1774 1342 1809 uctt.
1368 1769 1423 1807 ed.
1541 1770 1627 1806 692.

188 1817 289 1853 Haec
314 1814 408 1854 BA
415 1817 449 1864 f.
487 1821 564 1867 Ita,
592 1820 753 1869 cupiant,
778 1817 823 1855 A
838 1817 984 1856 &229
999 1823 1044 1856 33
1057 1821 1118 1856 43.
1160 1821 1305 1870 cupient
1329 1832 1437 1857 unus.
1478 1820 1629 1869 cupiunt
1667 1825 1672 1833 '

187 1866 317 1915 reliqui
335 1880 468 1905 onmes.
571 1871 656 1906 693.
684 1870 793 1906 lacer.
813 1871 961 1906 uulnere
980 1868 1019 1906 Γ
1021 1883 1087 1919 9ηι
1105 1875 1196 1908 octo.
1237 1872 1346 1907 lacer.
1367 1871 1517 1907 uulnera
1537 1881 1628 1919 qua—

189 1921 283 1953 tuor.
324 1920 424 1955 uerb.
443 1920 603 1957 membra
626 1932 733 1956 unus.
837 1922 922 1957 694.
951 1923 1026 1966 Ita,
1053 1921 1154 1968 haec,
1182 1924 1279 1970 Dys
1297 1926 1388 1959 octo.
1418 1922 1542 1959 omitt.
1562 1933 1629 1958 uo-

189 1966 308 2004 culam
330 1969 370 2005 G.
409 1969 479 2006 hoe
496 1970 635 2019 reliqui.
677 1971 755 2006 Dic.
778 1969 847 2007 hoc
865 1977 905 2007 ut
921 1971 952 2018 f.
994 1972 1105 2020 possit
1125 1984 1156 2008 s.
1199 1985 1294 2021 poss.
1322 1973 1474 2008 uulnera
1498 1983 1521 2020 9
1538 1975 1628 2009 octo.

239 2018 326 2055 695.
354 2026 467 2068 spect.
491 2021 639 2057 iuuenes
655 2018 694 2057 Γ
703 2033 774 2057 nia.
786 2033 841 2068 pr.
879 2034 950 2071 que
973 2022 1163 2059 recludunt
1181 2021 1215 2060 b.
1318 2024 1403 2059 696.
1433 2023 1630 2071 Tergaque

188 2080 238 2104 nu
263 2068 419 2106 deducta
444 2068 484 2106 Γ
482 2097 491 2107 .
534 2070 679 2108 diducta
705 2070 747 2107 Ν
754 2070 985 2109 Asnamsec.
1094 2075 1179 2109 697.
1216 2080 1255 2108 ut
1281 2085 1350 2110 om.
1377 2075 1437 2110 M.
1538 2073 1626 2108 698.

189 2118 314 2155 adnuit
342 2117 404 2156 G?
440 2132 524 2158 ann.
552 2121 613 2157 illa
642 2125 760 2158 1123.
864 2125 950 2159 699.
988 2124 1124 2173 apellat
1150 2121 1307 2160 ΕΓῦν.
1418 2125 1505 2159 700.
1532 2121 1627 2158 Pro-

189 2168 298 2205 dendi
313 2167 420 2218 (Φῖῖ)
431 2168 470 2207 Γ
475 2183 506 2208 s.
557 2172 640 2221 gab.
668 2173 729 2221 qui
763 2173 828 2210 sibi
855 2175 927 2210 116
952 2178 1040 2219 tres5
1077 2171 1213 2211 (Duar.
1233 2185 1303 2210 scr.
1354 2174 1436 2224 gab.
1464 2184 1536 2222 quo
1560 2171 1627 2207 sibi

189 2218 324 2266 decenn
354 2221 384 2257 G
399 2233 567 2259 uar.scr.
615 2224 699 2272 gab.
725 2230 766 2260 ut
791 2224 860 2260 sibi
891 2223 973 2261 duo.
1026 2225 1108 2273 gab.
1136 2224 1222 2274 quid
1252 2235 1361 2261 unus.
1411 2223 1518 2271 gab.'
1545 2233 1627 2258 uem

188 2281 296 2307 tenus.
337 2278 513 2309 monstrat
537 2274 585 2309 M
599 2285 673 2310 ma.
691 2285 747 2322 pr.
770 2275 801 2311 0
821 2279 905 2310 tres.
952 2281 1101 2312 monstr.
1129 2287 1235 2325 opem
1260 2276 1298 2311 7.
1400 2275 1484 2310 701.
1552 2278 1627 2308 rtus

190 2321 283 2356 DE.
323 2321 488 2359 hodorat.
515 2334 547 2360 r.
591 2323 650 2359 od.
669 2323 789 2360 suerat
815 2325 901 2361 cult.
927 2322 974 2360 Π
988 2330 1072 2362 tres.
1110 2326 1214 2363 odor.
1242 2323 1339 2374 quod
1365 2329 1442 2360 erat
1466 2322 1550 2359 cult.
1578 2319 1627 2358 Σ.

191 2369 295 2407 odor.
323 2371 443 2419 fuerat
469 2373 697 2410 nitidissimus
724 2374 825 2411 herb.
843 2377 892 2411 D.
995 2378 1081 2412 702.
1109 2376 1237 2413 Sectus
1262 2377 1301 2411 in
1315 2385 1389 2411 ras.
1408 2385 1455 2409 m.
1493 2372 1629 2422 Septus

194 2416 320 2468 ΟΠ9
339 2434 496 2460 masec.
512 2423 535 2460 lt
551 2436 573 2473 p
590 2436 610 2460 s
628 2426 674 2460 41
702 2424 816 2462 decem
843 2430 876 2462 et
901 2430 986 2463 vett.
1013 2426 1066 2463 ed.
1107 2427 1187 2462 leue
1221 2422 1271 2462 Ψ.
1386 2425 1473 2460 703.
1501 2423 1566 2460 Ille
1590 2428 1630 2460 et

189 2476 282 2518 tarq.
303 2474 338 2507 E
349 2483 421 2508 ma.
435 2486 491 2522 pr.
530 2475 683 2511 latencia
695 2472 745 2511 Γ.
785 2477 943 2513 recentia
967 2489 1083 2526 supra
1106 2478 1301 2525 ascriptum
1320 2473 1444 2520 Irfeld.
1465 2487 1539 2511 nia.
1558 2485 1627 2511 sec.

239 2522 329 2557 704.
357 2522 524 2573 Concipit
554 2526 600 2561 G.
652 2537 791 2562 summa
820 2527 907 2576 legit
932 2530 967 2564 E
990 2527 1072 2565 duo.
1121 2536 1259 2562 sumina
1285 2525 1376 2573 petit
1404 2534 1628 2573 'uincamus

189 2569 299 2607 artius.
401 2574 487 2608 705.
518 2575 678 2612 Nuncius
699 2579 733 2612 D
746 2576 870 2623 Ilfeld.
890 2579 935 2614 G.
976 2577 1052 2613 red.
1074 2577 1303 2623 discussaque
1323 2571 1627 2620 moestfleins.)

189 2618 243 2658 M
256 2618 298 2658 Ψ
314 2626 485 2670 quantem
516 2627 550 2660 Τ
561 2637 644 2662 mir.
661 2638 731 2663 scr.
775 2628 968 2677 decisaque
986 2629 1027 2663 N
1036 2628 1066 2664 0
1079 2629 1236 2663 Tritona.
1252 2636 1306 2673 pr.
1335 2624 1417 2662 ‹1110-
1467 2625 1626 2662 concisa-

189 2683 260 2721 que
284 2673 320 2709 6.
366 2672 569 2723 diffusaque
594 2687 699 2712 «treus.
802 2679 887 2714 706.
913 2690 995 2727 agn.
1026 2678 1136 2714 uerba
1162 2688 1240 2726 par.
1269 2677 1315 2720 E;
1342 2687 1364 2723 9
1382 2687 1549 2714 «tansor-
