1685 2954
623 81 718 112 nen.
749 72 836 112 mv.
867 81 904 111 ι.
936 82 962 110 1.
1436 78 1509 108 cix

165 187 226 222 13.
278 185 430 234 August.
455 182 494 226 4,
521 184 589 219 31:
628 181 702 218 Sed
733 182 810 218 iam
842 182 1014 230 quoniam
1044 182 1083 218 iu
1115 184 1230 217 uetere
1259 179 1392 230 populo
1416 183 1508 217 esset

64 251 213 296 accepta
247 245 292 284 ab
324 245 502 293 antiquis,
534 244 720 280 uomimum
754 246 789 279 et
821 244 1069 290 coyuominum
1101 242 1290 280 historiam
1320 246 1438 278 tenere
1466 245 1509 278 «a

64 308 202 346 tradita
228 313 280 346 est
305 306 424 344 debere
448 316 487 342 se
512 304 598 342 dicit
622 309 656 342 et
681 303 731 342 ad
755 315 835 340 eum
859 301 968 350 finem
986 305 1089 341 illam
1107 303 1258 342 scribere
1281 308 1316 341 et
1337 315 1507 354 persom-

64 372 153 418 tari,
176 375 218 407 ut
241 371 361 420 potius
386 379 455 405 eos*
470 368 590 415 vita-qis
617 366 741 410 colere,
768 377 879 414 quam
904 364 1079 414 despicere
1103 366 1235 414 uulyus
1258 365 1357 403 uelit.

163 433 224 469 14.
263 432 414 478 August.
444 428 542 476 6‚5:
573 430 772 466 Tertium
794 437 935 475 yenus
959 431 1037 471 est,
1064 428 1192 476 inquit,
1220 426 1334 477 quood
1357 428 1404 464 ἱη
1428 438 1506 464 ur-

63 492 190 530 bibus
214 493 349 535 ciues,
373 491 563 527 maoeime
587 488 846 527 sacerdotes
871 499 1002 525 nosse
1026 493 1159 536 atque
1187 488 1509 526 administrare

60 554 226 598 debent,
257 555 302 590 in
327 563 409 601 quo
437 556 514 597 est,
542 563 651 601 quos
678 551 780 589 deos
804 549 982 600 publice
1007 549 1150 587 colere
1174 554 1214 587 et
1239 561 1352 599 quae
1376 561 1510 587 sacra

60 621 102 653 et
125 614 375 662 sacrificia
399 611 553 659 facere
578 625 783 663 quemque
808 623 890 663 par
913 612 989 648 sit.

161 675 222 713 15.
276 676 427 724 August.
454 676 493 723 6,
520 677 566 712 6:
603 676 669 713 Aa
694 677 788 712 enim
813 686 877 722 ea,
909 685 1002 723 quae
1025 672 1187 711 scribunt
1210 677 1355 723 poetae,
1389 674 1510 710 minus

59 749 150 785 esse,
170 749 279 786 quam
298 742 338 773 ut
358 737 483 788 populi
502 739 602 787 sequi
621 737 788 775 debeant:
815 747 908 785 quw
925 740 1045 772 autem
1063 735 1276 785 philosophi,
1289 735 1383 785 plus,
1398 747 1509 783 quam

60 803 102 835 ut
126 810 169 835 ea
194 797 343 847 uulgum
368 801 528 837 scrutari
553 798 737 849 expediat.
784 798 906 843 Quae
929 798 994 834 sic
1019 797 1278 844 abhorreat,
1304 798 1434 845 iuquit,
1461 801 1509 833 ut

62 864 203 897 tamen
236 872 289 897 ex
326 865 515 911 utroque
550 873 706 910 yenere
744 859 800 897 ad
839 859 1000 896 ciuiles
1038 862 1244 897 rationes
1275 863 1510 908 assumpta

60 924 153 960 siut
185 934 269 960 non
300 935 458 973 pauca.
513 924 659 970 Quare
690 933 800 972 quae
831 926 938 958 suut
970 923 1215 960 communia
1248 933 1340 958 cum
1362 922 1510 972 poetis

0 1031 1 1035 Ἰ
59 996 150 1022 aaa
174 997 267 1022 curn
291 985 507 1023 ciuilibus
531 983 786 1022 scribemus.

162 1048 223 1083 16.
252 1047 402 1096 August.
417 1049 456 1095 4,
471 1050 539 1084 22:
558 1067 606 1073 —-
620 1057 687 1094 pro
705 1047 837 1093 ingenti
852 1045 1015 1094 beneficio
1035 1045 1118 1092 (cfr.
1131 1048 1194 1093 6,2
1210 1046 1272 1082 fin.
1287 1044 1334 1082 de
1342 1042 1510 1090 Metello)

65 1110 185 1145 Varro
210 1109 326 1144 iactat
350 1112 540 1157 praestare
565 1119 603 1144 se
629 1105 766 1143 ciuibus
790 1109 881 1155 suis,
909 1110 995 1157 (luia
1019 1120 1090 1145 non
1115 1109 1233 1146 solum
1259 1111 1512 1144 commemorat

59 1169 158 1217 deos,
186 1181 275 1218 quos
295 1169 361 1206 coli
385 1173 548 1218 oporteat
569 1182 595 1206 a
613 1171 806 1213 Romanis,
832 1181 959 1205 uerum
978 1172 1088 1207 etiam
1109 1170 1193 1207 dicit
1213 1170 1299 1219 quid
1319 1168 1368 1205 ad
1387 1180 1511 1217 quem-

59 1243 126 1280 que
149 1233 342 1281 pertineat.
394 1230 616 1276 Quomodo
648 1231 764 1268 nihil
790 1230 991 1280 prodest,
1023 1233 1160 1280 inquit,
1193 1231 1392 1267 homiues
1419 1229 1512 1267 alt-

0 1288 1 1294 ¹
60 1295 187 1330 cuius
212 1293 368 1330 medici,
393 1305 548 1330 nomen
573 1292 854 1342 formamque
879 1305 1011 1330 nosse
1036 1298 1076 1330 et
1101 1292 1206 1341 quid
1231 1294 1293 1329 sit
1317 1291 1513 1328 medicus

58 1357 287 1404 ignorare,
319 1357 386 1392 ita
419 1354 504 1392 dicit
537 1361 608 1393 etc.
642 1374 691 1384 —·
744 1357 813 1391 Ex
849 1367 896 1392 eo
934 1356 1045 1392 enim
1076 1356 1343 1405 poterimus,
1382 1356 1512 1404 iuquit,

59 1418 193 1462 scire,
227 1429 350 1466 quem
375 1418 589 1466 cuiusque
612 1419 677 1455 rei
706 1429 844 1454 causa
870 1416 993 1454 deum
1019 1416 1245 1454 aduocare
1274 1421 1407 1466 atque
1435 1418 1511 1454 in-

59 1490 222 1516 uocare
246 1478 501 1527 debeamus,
526 1491 577 1515 ue
601 1478 831 1525 faciamus
855 1483 904 1516 ut
927 1481 1046 1516 azimi
1071 1478 1219 1516 soleat
1244 1483 1285 1516 et
1312 1484 1512 1528 optemus

59 1552 84 1577 a
109 1539 273 1578 Libero
298 1553 476 1589 aquam,
504 1553 527 1577 α
554 1541 767 1591 Lymphis
792 1542 956 1579 uinum.
1010 1540 1089 1579 Cfr.
1117 1545 1209 1591 Aug.
1234 1543 1273 1590 6,
1300 1545 1320 1577 1
1348 1540 1446 1579 med.

160 1602 346 1639 Notantur
377 1609 568 1652 praeterea
603 1603 641 1639 in
676 1602 735 1640 ed.
761 1602 880 1640 Durd.
915 1604 984 1640 tria
1016 1614 1062 1639 ex
1086 1602 1232 1651 Nonio,
1267 1603 1396 1653 quibus
1422 1601 1514 1639 -addi

61 1663 175 1713 possit
198 1663 296 1700 aliud
322 1677 360 1713 p.
375 1666 450 1701 197
474 1664 605 1712 Mem,
641 1677 795 1714 quorum
824 1677 969 1702 sensum
997 1671 1033 1702 et
1060 1664 1327 1703 cohaerentiam
1355 1677 1427 1701 non
1455 1677 1513 1701 as-

61 1736 217 1774 sequor3
240 1724 366 1774 itaque
391 1725 490 1774 quod
517 1731 554 1762 et
579 1727 753 1776 posthaec
776 1727 926 1774 faciam,
950 1727 1066 1764 omisi.
1111 1726 1228 1764 Istaec
1253 1738 1335 1763 mea
1360 1727 1410 1762 ita
1436 1726 1510 1762 dis-

61 1787 194 1837 posui,
231 1792 270 1822 ut
305 1798 415 1835 quam
448 1787 594 1823 minime
630 1788 855 1825 haerendum
881 1794 918 1824 et
951 1788 1247 1824 commorandum
1276 1793 1372 1825 esset
1396 1788 1432 1823 in
1458 1788 1513 1832 iis,

62 1859 158 1898 quae
183 1847 229 1884 ad
258 1846 430 1884 Ouidium
457 1847 544 1884 nihil
569 1848 774 1886 conserunt.
827 1849 955 1898 Itaque
979 1849 1102 1898 priora
1128 1849 1197 1886 tria
1221 1850 1441 1898 interpretor
1465 1847 1514 1887 de

62 1910 172 1947 rebus
198 1909 363 1946 extrariis
389 1910 425 1945 in
454 1908 524 1946 hoc
550 1922 675 1960 opere.
728 1910 989 1960 Fragmentum
1015 1911 1180 1958 tertium,
1217 1910 1316 1960 quod
1342 1910 1515 1948 credibile

62 1977 119 2008 est
143 1971 211 2007 sub
237 1971 346 2007 finem
378 1971 457 2007 libri
483 1972 603 2008 locum
638 1972 831 2020 habuisse,
867 1971 915 2008 de
941 1972 1160 2021 reliquorum
1187 1973 1360 2009 librorum
1385 1972 1515 2010 ordine

61 2033 258 2081 monebat,
286 2044 394 2082 quem
422 2032 577 2069 eundem
603 2045 714 2084 saepe
740 2040 885 2071 secutus
910 2033 1056 2071 uidetur
1079 2034 1132 2074 M.
1159 2036 1368 2071 Terentius.
1419 2033 1516 2072 Vide

61 2094 181 2131 locum
200 2106 246 2131 ex
264 2093 462 2143 Menippea
487 2094 599 2130 satira
625 2095 724 2144 apud
741 2097 839 2135 Gen.
856 2100 915 2141 13,
932 2101 1000 2133 llz
1019 2115 1073 2123 -—
1090 2107 1136 2132 ex
1158 2095 1265 2133 rebus
1290 2101 1448 2144 quatuor
1464 2115 1514 2124 —

61 2157 96 2193 si
113 2155 194 2192 belli
211 2155 467 2193 homunculi
486 2155 620 2193 collecti
641 2162 738 2202 sunt,
765 2160 799 2195 si
815 2158 944 2195 electus
963 2158 1098 2202 locus,
1125 2159 1158 2194 si
1179 2162 1348 2208 tempus
1374 2158 1514 2203 lectum,

61 2218 96 2254 si
129 2221 382 2267 apparatus
417 2230 490 2256 non
521 2217 721 2266 meylectus:
758 2219 1065 2270 quemadmodum
1098 2220 1136 2256 in
1164 2230 1208 2255 eo
1241 2231 1374 2268 genere
1399 2220 1514 2257 multa

63 2277 249 2326 dialectice
274 2290 314 2315 se
338 2278 471 2316 dixisse
497 2280 655 2317 affirmat
682 2281 781 2331 apud
802 2282 881 2318 Cic.
913 2281 1015 2318 acad.
1043 2282 1157 2318 initio.
1209 2281 1279 2317 Vel
1306 2281 1390 2318 uide
1415 2281 1462 2318 de
1487 2281 1512 2318 1.

63 2339 89 2376 l.
113 2341 153 2388 7,
178 2341 224 2376 5:
258 2341 415 2389 primum
441 2339 484 2377 de
511 2341 617 2387 locis;
644 2342 724 2380 dein
750 2343 793 2380 de
816 2343 887 2389 lu's,
913 2356 1005 2393 quae
1029 2345 1068 2380 ln
1093 2343 1181 2380 locis
1206 2347 1312 2389 sunt;
1338 2345 1444 2382 tertio
1470 2342 1513 2380 de

64 2400 297 2450 temporibus5
331 2407 408 2438 tum
434 2414 526 2451 quae
557 2416 637 2441 eum
664 2405 881 2455 temporibus
905 2411 991 2443 sunt
1024 2407 1224 2443 coniuncta.
1278 2405 1429 2455 Fragm.
1455 2417 1513 2443 se·

66 2463 223 2499 cundum
256 2469 427 2511 excusat,
466 2464 564 2513 quod
593 2471 721 2503 contra
753 2479 893 2505 morem
927 2473 1139 2504 consuetum
1165 2467 1275 2503 libros
1299 2466 1347 2504 de
1372 2467 1513 2516 antiqq.

68 2532 186 2560 rerum
211 2523 448 2562 humanarum
474 2527 659 2577 scripserit
684 2534 769 2565 ante
794 2528 884 2576 hos,
912 2528 959 2566 de
985 2530 1115 2579 quibus
1142 2529 1292 2579 agimus.
1344 2528 1441 2564 Nam
1466 2527 1514 2564 de

69 2581 137 2619 iuis
157 2597 330 2634 quaerere
353 2587 590 2636 supersedeo,
617 2600 684 2626 nec
706 2589 825 2627 habeo
850 2590 970 2628 dicere
989 2603 1076 2627 num
1100 2592 1243 2642 utrique
1262 2589 1392 2628 eodem
1418 2595 1512 2626 tem-

20 2690 22 2692 ,
69 2655 180 2694 pore,
215 2658 261 2685 an
284 2648 455 2700 deinceps
479 2650 651 2701 publicati
677 2650 824 2691 suerint.
877 2653 934 2691 De
960 2652 1309 2692 rerum-diuinarum
1336 2653 1516 2697 librorum*
