1685 2954
196 61 283 105 208
646 44 651 50 ’
756 71 1072 106 rAs‘ronvn

307 173 522 226 Crescere,
550 171 646 214 dum
671 171 772 215 fiant
799 173 972 215 falcibus
1000 179 1110 227 apta,
1134 173 1259 215 sinas.

252 240 332 283 vis
358 247 430 282 tua
457 253 538 281 non
564 240 668 281 leuis
696 246 774 282 est.
811 254 917 295 quae
946 247 990 282 tu
1018 242 1218 282 frumenta
1244 239 1411 295 notasti,
1546 244 1627 283 915

305 309 496 349 Maestus
523 308 563 348 in
591 308 755 349 amissis
780 308 847 349 illa
875 309 1046 351 colonus
1072 309 1208 350 habet.

249 376 344 418 Nec
373 375 488 416 uenti
513 380 671 415 tantum
699 376 840 417 Cereri
867 389 1055 431 nocuere,
1084 389 1164 418 nec
1192 376 1354 429 imbres,

305 444 402 485 Nec
429 442 492 483 sic
519 454 739 483 marmoreo
767 444 892 496 pallet
919 444 1069 485 adusta
1095 445 1206 499 gelu,

249 510 456 563 Quantum
485 506 522 549 si
551 509 706 550 culmos
734 511 854 552 Titan
882 511 1086 554 incalfacit
1113 512 1243 553 udos:

306 579 424 618 Tunc
451 577 568 617 locus
596 583 664 618 est
687 578 792 630 irae,
828 578 922 618 diua
949 579 1150 632 timenda,
1178 586 1288 622 tuae.
1550 581 1631 618 920

249 645 396 696 Parce,
426 656 582 697 precor,
611 645 862 698 scabrasque
889 657 1032 686 manus
1062 659 1087 686 a
1114 646 1319 686 messibus
1345 645 1473 698 aufer,

303 712 426 752 Neue
453 722 557 751 noce
586 711 718 751 cultis.
755 723 882 764 posse
911 724 1061 752 nocere
1088 717 1156 752 sat
1185 716 1262 752 est.

247 779 342 821 Nec
370 785 535 819 teneras
563 783 750 831 segetes,
779 777 856 819 sed
884 777 1025 819 durum
1053 777 1300 830 amplectere
1325 778 1486 832 ferrum,

303 844 504 898 Quodque
532 851 672 898 potest
701 846 803 886 alios
831 845 1013 899 perdere,
1041 845 1167 898 perde
1193 846 1309 899 prior.

247 913 402 955 Vtilius
430 913 593 968 gladios
618 920 661 953 et
688 914 772 954 tela
799 914 991 954 nocentia
1019 925 1177 966 carpes,
1551 917 1631 956 925

304 981 374 1021 Nil
402 993 504 1034 opus
533 987 601 1022 est
627 980 716 1021 illis.
754 980 837 1022 otia
864 981 1037 1022 mundus
1063 981 1163 1035 agit.

250 1047 424 1090 Sarcula
450 1061 558 1089 nunc
587 1048 792 1102 durusque
821 1050 965 1092 bidens
993 1054 1037 1089 et
1065 1061 1205 1089 uomer
1233 1048 1428 1102 aduncuS,

302 1115 425 1156 Ruris
453 1128 566 1168 opes,
596 1115 765 1156 niteant.
801 1115 985 1170 inquinet
1013 1129 1124 1156 arma
1151 1117 1271 1158 situs.

248 1183 515 1236 Conatusque
544 1181 690 1236 aliquis
718 1181 871 1236 uagina
900 1183 1050 1224 ducere
1079 1184 1236 1236 ferrum,

304 1250 530 1291 Astrictum
558 1251 682 1304 longa
712 1251 864 1292 sentiat
893 1264 990 1292 esse
1018 1264 1140 1292 mora.
1553 1256 1633 1293 930

247 1319 306 1359 At
331 1324 375 1358 tu
405 1331 457 1358 ne
487 1317 593 1358 uiola
623 1318 829 1358 Cererem.
868 1330 1111 1372 semperque
1141 1319 1310 1360 colonus

302 1386 478 1426 Absenti
505 1386 639 1439 possit
667 1386 828 1426 soluere
856 1392 953 1427 uota
983 1385 1067 1426 tibi.

247 1526 333 1563 914.
362 1525 449 1562 fiant
475 1526 637 1563 saucibus
663 1527 712 1563 A.
762 1525 909 1563 salsibus
936 1524 982 1562 Γ.
1093 1525 1179 1563 915.
1210 1526 1298 1562 leuis
1325 1532 1362 1563 et
1388 1537 1482 1575 quae
1505 1525 1536 1572 f.
1579 1532 1634 1563 est

195 1588 277 1612 cum
304 1582 341 1612 tu
369 1589 393 1625 p
409 1589 491 1615 uar.
510 1589 579 1614 scr.
629 1585 683 1613 cst
710 1589 780 1626 qua
806 1577 939 1621 mellus,
966 1581 1005 1613 ut
1030 1576 1182 1613 uidetur.
1234 1576 1343 1612 frum.
1370 1577 1480 1613 tulisti
1509 1578 1633 1614 Gma.

193 1638 250 1676 pr.
276 1638 368 1664 corr.
471 1630 557 1664 917.
594 1626 674 1664 Nec
699 1634 847 1664 uentum
873 1640 904 1664 s.
951 1627 1031 1663 Nec
1056 1633 1194 1662 tantum
1221 1628 1318 1662 uenti
1344 1629 1396 1663 N.
1445 1628 1544 1663 uenti
1569 1639 1634 1664 ce-

195 1677 268 1713 reri
294 1684 432 1713 tantum
459 1683 544 1715 tres.
656 1680 742 1714 918.
779 1677 862 1712 Non
890 1678 939 1713 sic
965 1679 1015 1713 N.
1066 1676 1146 1712 Nec
1178 1677 1206 1712 si
1240 1689 1365 1713 marm.
1393 1676 1481 1713 bons
1505 1676 1633 1715 decem.

193 1739 320 1764 marm.
349 1729 471 1764 messis
498 1729 627 1764 adusta
653 1733 741 1773 tres3
773 1728 896 1764 Gerar.
914 1739 985 1763 scr.
1088 1729 1174 1763 919.
1206 1726 1391 1770 Quantum
1416 1740 1495 1763 cum
1523 1729 1631 1765 culm.
1684 1739 1685 1752 ¹

193 1780 231 1816 E
246 1790 326 1814 nar.
343 1790 414 1814 scr.
453 1780 639 1822 Quantum
666 1785 706 1814 tu
734 1778 869 1813 culmos
897 1778 985 1813 titan
1013 1778 1042 1813 si
1068 1777 1212 1813 calfacit
1231 1775 1284 1814 A.
1325 1780 1353 1814 si
1380 1779 1468 1814 titan
1496 1779 1632 1816 culmos
1673 1792 1679 1799 ¹

193 1825 315 1865 HTb
330 1831 380 1864 20
404 1834 549 1878 septem.
594 1835 694 1876 tytan
728 1830 778 1864 D.
824 1827 915 1864 udus
946 1826 985 1863 (D
1002 1839 1144 1876 nzmpr.
1255 1830 1343 1865 920.
1380 1829 1477 1865 Tum
1503 1826 1634 1866 FNm

195 1877 323 1916 dece-m.
431 1882 518 1916 921.
553 1891 674 1928 praec.
700 1881 792 1915 DE.
837 1890 967 1927 precor
993 1890 1214 1928 capreasque
1238 1891 1334 1915 man.
1362 1879 1412 1917 A.
1459 1891 1585 1916 manus
1611 1891 1634 1916 e

195 1941 302 1966 mess.
326 1927 378 1967 Ψ.
480 1932 566 1967 922.
594 1929 699 1965 Nelle
719 1941 810 1965 noce
834 1941 854 1965 r
870 1941 940 1965 ma.
955 1941 1010 1976 pr.
1048 1941 1153 1978 posse
1173 1931 1293 1965 noceri
1314 1931 1374 1975 G„
1464 1931 1550 1967 923.
1578 1936 1634 1967 te·

196 1991 275 2016 ner.
303 1992 435 2016 messes
460 1978 526 2017 Ψν
545 1980 627 2017 duo.
673 1986 747 2015 ten.
775 1980 898 2027 fruges
923 1991 1028 2016 unus.
1071 1991 1146 2027 seg.
1176 1986 1212 2015 et
1238 1979 1316 2016 dur.
1343 1992 1448 2018 muts.
1489 1979 1554 2016 sed
1579 1979 1633 2016 di-

196 2041 276 2065 rum
292 2042 328 2078 9.
367 2030 496 2066 durum
523 2037 670 2066 contere
695 2029 830 2065 serrum
857 2033 931 2066 2⁴12
943 2032 1003 2066 20.
1104 2031 1190 2066 924.
1221 2030 1403 2080 Quodque
1429 2037 1558 2081 potens
1581 2030 1629 2068 al.

197 2078 259 2118 A.
294 2087 418 2130 potest
443 2081 539 2117 aliud
566 2079 668 2130 perd.
696 2082 756 2116 33.
799 2079 911 2129 perde
935 2092 1002 2117 om.
1026 2079 1058 2116 b.
1100 2081 1255 2129 perdere
1281 2093 1390 2130 parce
1417 2093 1546 2131 precor
1567 2078 1629 2118 A.

197 2129 312 2181 perde
336 2132 435 2181 prius
462 2134 496 2168 E
504 2143 577 2167 ma.
589 2143 656 2167 sec.
673 2127 757 2166 (DP
765 2129 804 2165 T
815 2135 947 2179 septem-
965 2130 1051 2167 Αἶά.
1070 2133 1193 2180 prium
1219 2133 1269 2168 M
1272 2143 1295 2179 9
1312 2143 1394 2168 uar.
1408 2144 1479 2169 scr.
1518 2129 1631 2180 perde

197 2192 328 2231 precor
346 2184 466 2219 BDF
475 2179 554 2218 GP
559 2179 604 2217 N
615 2178 747 2218 ΨΔΣ
755 2180 937 2230 bmps20
948 2183 1013 2227 33;
1039 2184 1087 2218 M
1097 2193 1116 2218 r
1127 2193 1209 2218 aar.
1220 2193 1290 2218 scr.
1381 2183 1475 2219 925.
1503 2179 1631 2217 Vtilior

197 2231 323 2268 Atest.
339 2234 452 2269 Gron.
491 2245 573 2269 noc.
592 2244 699 2281 carpe
717 2229 765 2268 Γ.
806 2243 887 2270 noc.
913 2231 1043 2280 perdes
1069 2231 1101 2267 b.
1204 2233 1291 2268 926.
1317 2239 1370 2270 est
1395 2245 1462 2270 om.
1479 2233 1526 2268 D.
1561 2230 1630 2266 illis

197 2282 313 2318 obsita
339 2285 402 2319 43.
450 2283 516 2319 illis
545 2283 668 2318 concia
701 2294 878 2331 rma-pr.
926 2283 1002 2329 ocia
1028 2284 1140 2319 EGr
1157 2294 1230 2319 ma.
1249 2294 1318 2320 sec.
1367 2281 1488 2319 mund.
1522 2279 1632 2316 habet

198 2335 283 2368 mes.
325 2339 410 2382 agat
435 2330 620 2370 DGOEI'
627 2329 712 2369 ΟΔ
720 2333 770 2369 40
781 2335 826 2368 41
854 2331 968 2369 decem
991 2331 1066 2378 fere
1091 2338 1124 2369 et
1148 2337 1234 2369 uolt.
1252 2332 1307 2369 ed.
1414 2333 1499 2368 927.
1536 2342 1632 2366 nunc

198 2393 269 2418 cm.
287 2395 394 2420 «untes.
431 2391 468 2420 et
494 2384 606 2420 uomis
629 2386 688 2419 12.
789 2384 876 2418 928.
903 2383 994 2419 Rur.
1017 2395 1108 2433 opus
1134 2396 1180 2419 m.
1217 2383 1309 2419 Rur.
1336 2394 1425 2431 opus
1451 2381 1562 2417 niteat
1580 2382 1631 2417 20

198 2433 246 2467 33
274 2436 441 2482 quinque;
472 2435 595 2471 Cuar.
613 2445 683 2470 scr.
733 2446 794 2482 op.
827 2439 955 2468 noceat
982 2432 1013 2469 b.
1064 2435 1127 2470 nit.
1155 2438 1306 2482 occupet
1337 2443 1435 2468 arma
1468 2432 1529 2467 34.

247 2482 334 2521 929.
371 2485 499 2533 uagina
534 2484 689 2521 educere
725 2480 1228 2532 DFAHPbymprscro
1243 2484 1289 2518 41
1317 2481 1492 2518 tredecim.

189 2557 193 2564 .
247 2533 334 2569 930.
370 2534 583 2572 Adstrictam
613 2537 656 2571 Τ.
701 2534 836 2571 senciet
867 2535 913 2571 G.
958 2535 1088 2571 sentiet
1111 2533 1143 2580 f.
1250 2533 1336 2568 931.
1376 2539 1414 2568 tu
1443 2543 1509 2568 nec
1534 2531 1630 2568 uiola
1651 2564 1666 2578 ,

202 2582 248 2640 G·
262 2581 344 2672 (12).
382 2589 421 2621 tu
446 2597 519 2622 non
545 2584 641 2622 uiola
667 2581 706 2621 Γ
705 2611 714 2621 .
814 2585 901 2621 932.
928 2585 1042 2634 possit
1069 2582 1220 2621 reddere
1245 2583 1277 2620 Ο
1293 2585 1399 2618 1220
1421 2581 1503 2620 dno.
1544 2587 1630 2619 uota

197 2638 249 2670 tur
324 2660 334 2670 .
