1685 2954
617 90 720 121 tre.
750 88 955 120 rnrnvs
1439 69 1497 115 15

107 195 195 236 Arx
222 206 315 236 mea
343 193 459 236 collis
484 194 586 245 erat,
618 188 765 232 cultrix
792 201 913 243 quem
943 185 1104 230 nomine
1131 191 1270 230 nostro
1410 187 1494 227 245

163 263 387 316 Nuncupat
413 261 521 301 haec
547 263 668 300 aetas
696 257 1000 311 Ianiculumque
1026 260 1164 297 uocat.

108 331 225 371 Tunc
253 342 334 384 ego
361 327 596 382 regnabam,
623 326 789 381 patiens
817 336 911 366 cum
939 330 1049 365 terra
1075 323 1242 365 deorum

164 399 305 450 Esset,
332 401 376 436 et
402 394 591 436 humanis
617 394 781 435 numina
808 393 938 433 mixta
960 392 1077 433 locis.

107 464 298 509 Nondum
324 462 526 504 Iustitiam
554 462 717 504 facinus
744 461 914 503 mortale
940 459 1126 514 fugarat:

162 530 319 573 Vltima
345 529 399 571 de
427 531 588 584 superis
615 531 684 572 illa
712 529 875 583 reliquit
900 528 1079 569 humum.
1416 529 1499 567 250

107 600 268 653 Proque
295 604 410 640 metu
435 599 628 653 populum
655 599 747 640 sine
771 598 814 639 ui
839 596 968 651 pudor
991 596 1082 649 ipse
1109 595 1301 651 regebat:

165 668 315 708 Nullus
343 672 432 708 erat
461 665 581 708 iustis
608 666 781 708 reddere
807 665 895 706 iura
923 664 1047 705 labor.

108 736 179 777 Nil
207 735 303 776 mihi
332 748 426 776 cum
450 736 570 776 bello.
608 747 758 788 pacem
785 739 1012 788 postesque
1038 730 1202 773 tuebar:

165 805 222 845 Et
247 805 407 845 clauem
435 802 681 856 ostendens,
719 804 844 855 haec,
880 799 957 854 ait,
987 812 1099 841 arma
1124 810 1239 853 gero.

110 873 327 914 Presserat
355 884 425 912 ora
452 870 569 912 deus.
625 872 743 912 Tunc
769 868 832 910 sic
859 881 940 922 ego
966 873 1110 909 nostra
1136 863 1286 906 resolui
1418 866 1498 903 255

166 940 287 982 Voce
315 952 411 980 mea
437 951 567 981 uoces
593 935 784 979 eliciente
813 934 901 976 dei:

110 1008 218 1050 Cum
242 1013 307 1049 tot
333 1008 418 1048 sint
446 1007 540 1059 iani,
569 1017 641 1046 cur
666 1010 757 1045 stas
786 1007 977 1045 sacratus
1004 1001 1047 1043 in
1074 1013 1170 1054 uno,

166 1077 248 1117 Hic
273 1075 343 1115 ubi
369 1075 509 1114 iuncta
538 1072 638 1113 foris
665 1071 820 1126 templa
846 1071 1006 1112 duobus
1032 1066 1197 1111 hahes?

109 1143 182 1183 Ille
209 1155 332 1182 manu
360 1141 545 1181 mulcens
569 1152 794 1194 propexam
821 1139 874 1181 ad
901 1144 1072 1193 pectora
1098 1138 1266 1179 barbam

163 1207 358 1250 Protinus
385 1206 545 1249 Oebalii
572 1206 730 1249 rettulit
757 1220 868 1249 arma
897 1207 1006 1261 Tati,
1422 1208 1505 1245 260

105 1298 193 1335 245.
228 1299 295 1334 Ars
320 1309 400 1335 mea
431 1297 462 1334 0
470 1293 511 1333 Φ
519 1296 551 1344 f.
601 1298 675 1333 Ara
699 1308 781 1334 mea
807 1309 921 1344 unus3
957 1297 987 1334 G
1011 1307 1097 1333 uar.
1126 1306 1198 1332 scr.
1246 1294 1318 1330 Ara
1342 1304 1425 1330 mea
1450 1299 1507 1330 est

55 1350 156 1387 collis
181 1350 346 1397 quinque.
394 1349 468 1384 Arx
493 1360 575 1385 mea
611 1355 667 1384 est
704 1348 802 1384 collis
829 1360 935 1385 tutus.
984 1347 1057 1383 Ara
1081 1357 1164 1381 mea
1190 1345 1272 1381 colli
1299 1352 1378 1381 erat
1407 1346 1457 1392 B,
1481 1344 1507 1381 h

53 1413 132 1437 ηια.
157 1412 227 1436 sec.
265 1401 339 1435 Ara
355 1410 445 1451 ¹<mea
471 1405 526 1434 est
552 1399 635 1435 colli
659 1394 1280 1444 AEFFAPHWAETbgqrs
1305 1396 1505 1431 8333443

55 1451 119 1487 44.
161 1450 236 1486 Ara
261 1461 343 1485 mea
370 1449 405 1485 in
434 1449 516 1485 colli
541 1449 665 1487 4041.
703 1453 775 1486 Ara
802 1462 885 1486 mea
910 1456 965 1487 est
985 1449 1079 1485 colle
1096 1459 1204 1484 antis.
1244 1448 1318 1482 Arx
1345 1457 1426 1482 mea
1451 1451 1507 1482 est

55 1501 138 1537 colli
157 1499 240 1537 auo.
282 1503 360 1547 Ita,
385 1506 464 1536 erat
490 1500 619 1536 cultrix
640 1512 748 1550 quem
766 1501 926 1547 nomine,
949 1501 997 1537 G.
1033 1505 1112 1536 erat
1131 1509 1239 1548 quem
1257 1497 1386 1534 cultrix
1407 1508 1507 1533 nom.

57 1554 97 1587 K
122 1555 172 1586 22
182 1554 244 1587 23.
287 1557 368 1586 erat
392 1562 501 1599 quam
529 1551 658 1598 uulgus
686 1552 829 1588 nomine
854 1552 933 1589 ΜΙι,
957 1562 1032 1587 rna.
1050 1561 1108 1598 pr.
1135 1549 1294 1598 aliquam
1319 1550 1370 1583 20
1386 1551 1421 1584 ct
1445 1548 1508 1583 ui-

53 1602 150 1648 ginti,
172 1605 246 1637 tres
269 1612 354 1637 aar.
377 1612 448 1637 scr.
486 1607 568 1638 erat
592 1601 711 1650 (colli)
737 1615 844 1651 quem
873 1603 1002 1651 uulgus
1029 1601 1175 1649 (uolgus
1193 1601 1247 1646 A)
1276 1598 1422 1635 nomine
1446 1609 1510 1635 re-

58 1651 161 1699 liqui.
261 1652 349 1687 246.
387 1651 573 1700 Nuncipat
597 1655 643 1688 Ρ.
745 1654 833 1689 247.
869 1654 904 1689 T
909 1665 979 1689 unc
1005 1663 1150 1701 quoque
1178 1662 1278 1699 regn.
1307 1651 1352 1687 B.
1398 1649 1510 1685 Tune

58 1713 148 1750 ergo
173 1711 243 1748 ego
267 1712 370 1749 regn.
398 1703 447 1738 D.
487 1703 635 1750 paciens
662 1704 755 1739 EG.
868 1706 956 1740 248.
995 1702 1140 1738 nomina
1170 1700 1204 1737 b.
1256 1713 1356 1736 num.
1382 1706 1509 1735 nostra

58 1752 129 1788 loc.
154 1763 178 1799 9
198 1762 272 1788 vna.
291 1762 349 1799 pr.
389 1763 490 1790 num.
517 1752 637 1789 uincta
663 1754 750 1789 locis
769 1755 832 1790 40.
934 1754 1022 1788 249.
1049 1752 1217 1787 Necdum
1242 1753 1293 1786 D.
1330 1750 1510 1785 iusticiam

62 1803 203 1838 DEG.
304 1801 393 1837 250.
422 1813 505 1850 sup.
531 1802 611 1851 ipsa
636 1803 702 1838 rel.
732 1801 813 1838 FA
838 1808 924 1840 tres.
968 1802 1138 1851 relinquit
1164 1803 1215 1837 M
1239 1796 1408 1849 (suatum.
1447 1811 1511 1835 re·-

61 1852 166 1902 liquit
192 1863 284 1900 opus
309 1853 334 1886 8
360 1863 447 1888 nar.
466 1863 538 1888 scr.
640 1854 728 1890 251.
755 1853 876 1902 pudor
900 1851 960 1889 ine
986 1855 1031 1889 P.
1069 1853 1148 1900 ipse
1173 1852 1323 1899 gerebat
1347 1849 1373 1886 h
1398 1848 1510 1886 auus.

113 1903 202 1939 252.
242 1907 321 1938 erat
347 1901 480 1952 thuscis
506 1901 610 1938 redd.
629 1905 689 1940 M.
729 1910 809 1940 erat
828 1905 996 1954 cuiquam
1023 1902 1127 1939 redd.
1153 1913 1186 1939 r.
1288 1900 1377 1938 253.
1404 1899 1512 1936 michi

62 1950 112 1989 Γ.
155 1964 237 1989 cum
266 1951 368 1988 bellis
394 1949 479 1987 ΕΓ
493 1954 529 1990 6.
577 1965 658 1989 cum
684 1954 823 2003 populo
847 1965 883 2002 9.
921 1961 1044 2003 postes
1069 1963 1272 2002 pacemque
1295 1949 1345 1988 Γ.
1380 1962 1512 2000 pacem

61 2008 277 2052 postemque
302 2003 326 2038 6
348 2002 458 2039 nlius.
561 2003 649 2040 254.
678 2016 779 2040 arma
806 2011 886 2041 tero
913 2004 943 2052 f.
1046 2003 1135 2040 255.
1160 2003 1280 2038 Press.
1308 2012 1373 2038 ore
1398 2000 1436 2038 d.
1457 2003 1511 2037 K.

58 2053 150 2090 deus
176 2054 226 2089 sic
252 2059 340 2089 tunc
358 2064 427 2102 ego
445 2064 553 2089 tortus.
593 2055 644 2090 sic
667 2067 737 2091 ont.
756 2054 786 2102 f.
826 2056 915 2092 deus
941 2067 1023 2092 mea
1048 2060 1135 2091 tunc
1157 2054 1207 2089 sie
1226 2064 1292 2089 ora
1317 2052 1451 2088 resolui
1469 2050 1511 2088 G.

0 2111 1 2118 ¹
58 2104 111 2140 sic
137 2109 261 2140 nostra
287 2115 351 2140 ora
377 2104 521 2140 resoluo
551 2106 584 2140 B
608 2108 715 2141 2223
725 2107 788 2142 24.
831 2113 954 2142 nostra
986 2105 1131 2142 resoluo
1163 2104 1201 2141 A
1225 2115 1300 2140 ma.
1327 2104 1436 2152 primu.
1460 2103 1514 2137 20

58 2153 143 2191 duo.
178 2153 301 2191 Gloss.
328 2153 368 2190 b:
395 2152 531 2203 nostra]
562 2167 639 2192 ora.
762 2156 850 2193 256.
890 2157 1068 2193 alliciente
1097 2153 1140 2193 Ψ
1162 2166 1245 2191 uar-
1266 2165 1338 2190 scr.
1376 2152 1448 2189 deo
1478 2154 1516 2188 Τ

58 2215 143 2242 nar.
170 2216 242 2242 εστ.
354 2205 442 2241 257.
477 2205 570 2241 Cum
598 2207 668 2242 sint
693 2212 749 2243 tot
773 2204 815 2244 A
822 2219 877 2256 yp
905 2209 1069 2257 quinque.
1119 2218 1184 2242 cur
1208 2206 1259 2240 sic
1284 2210 1447 2240 sacratus
1470 2202 1513 2238 in

60 2267 133 2291 uno
160 2266 200 2292 es
225 2259 372 2304 septem.
419 2256 454 2292 in
480 2256 553 2293 imo
578 2257 616 2302 [ς
643 2269 663 2293 s
684 2257 781 2294 alius
806 2271 888 2295 nar.
915 2270 987 2295 εον.
1029 2259 1064 2293 in
1092 2257 1160 2294 ede
1185 2253 1234 2291 Γ.
1335 2254 1423 2292 258.
1449 2253 1512 2289 ubi

60 2305 156 2342 uicta
181 2308 234 2343 K.
288 2306 350 2341 ubi
384 2307 522 2354 templa
550 2307 644 2352 ‘soris
678 2309 803 2345 iuncta
841 2308 1018 2357 thmp
1055 2308 1153 2344 altus
1184 2309 1271 2342 uett.
1297 2305 1408 2353 impr.

109 2355 199 2393 259.
227 2368 401 2406 proexam
422 2358 467 2393 E.
508 2369 708 2407 propexam
729 2364 888 2396 extremo
913 2371 1021 2396 uersa
1040 2360 1086 2395 G.
1124 2367 1324 2408 perpexam
1349 2367 1374 2405 p
1397 2352 1510 2391 atius.

62 2405 235 2453 prolixam
267 2404 330 2454 (113
372 2409 415 2443 Ν
437 2419 521 2443 nar.
547 2419 619 2445 scr.
667 2412 881 2458 promissam
911 2421 936 2458 9
961 2421 1037 2446 πια.
1065 2420 1134 2445 sec.
1173 2407 1257 2444 duo.
1305 2416 1509 2456 propexam

62 2461 210 2514 pectora
234 2457 322 2494 liber
345 2469 403 2494 ms
427 2459 507 2495 Ιαο.
539 2460 729 2496 ὓνοηοιιὶὶ.
774 2473 881 2509 prop.
910 2461 946 2496 in
972 2465 1124 2509 pectora
1151 2463 1210 2496 11.
1246 2457 1283 2493 in
1309 2463 1461 2506 pectore
1485 2457 1512 2491 8

63 2504 182 2552 (Gtof.
206 2510 254 2543 33
280 2510 427 2555 Heius.)
527 2511 616 2547 260.
645 2511 750 2546 ebalii
776 2509 927 2547 Dsbr.
969 2510 1097 2546 aebalii
1124 2512 1168 2547 E.
1211 2508 1341 2544 eubalii
1367 2509 1412 2546 P.
1453 2517 1512 2542 re-

64 2554 146 2591 tulit
170 2556 346 2595 Eam?
365 2558 519 2608 protulit
543 2559 602 2605 fr.
638 2572 740 2597 arma
766 2564 836 2597 taci
864 2563 899 2597 D
915 2555 1324 2598 GOEKMNOPEr
1348 2557 1462 2606 gloss.
1476 2555 1509 2591 b.

64 2603 210 2692 {1331in
215 2604 265 2642 H
270 2621 282 2655 ;
306 2612 343 2696 ξ
367 2621 449 2648 aar.
475 2622 548 2648 scr.
588 2611 664 2648 tatii
695 2612 734 2648 G.
774 2613 866 2649 traci
892 2611 924 2649 b.
971 2612 1072 2649 tracii
1099 2614 1145 2650 E.
1185 2610 1243 2647 titi
1273 2609 1303 2646 G
1325 2619 1411 2646 aar.
1438 2608 1511 2643 scr.

89 2668 104 2691 r
143 2679 154 2692 .
190 2668 282 2694 senis
333 2686 343 2697 .
