1685 2954
721 77 918 109 thzn'rls
1383 80 1543 111 coxvn

101 177 192 216 Ioue
217 184 254 216 et
278 178 363 217 Dite
389 189 456 229 pro
473 176 648 227 Neptuno
675 178 763 228 poni
789 178 944 216 uidetur.
997 179 1100 217 Hanc
1124 178 1203 218 iure
1228 180 1373 230 negauit
1391 181 1543 219 Clause-

101 240 182 277 nius
208 253 246 291 p.
260 243 334 279 878
360 238 574 290 pertinuisse
599 238 644 275 ad
672 239 881 288 religionem
906 252 1103 278 romanam.
1144 241 1324 292 ,Proxima
1349 249 1406 280 est
1431 244 1542 293 uulgi,

101 311 125 337 a
151 313 224 351 qua
250 302 364 339 noluit
388 299 560 337 recedere
585 300 702 337 Varro
728 300 776 337 de
802 300 826 337 l.
847 301 871 337 l.
889 303 926 346 6,
945 303 1013 338 192
1042 302 1262 340 Portunalia
1285 301 1382 341 dicta
1401 316 1427 340 a
1445 307 1543 342 Por-

101 366 206 410 tuno,
235 365 318 412 quoi
341 362 392 399 ω’
407 361 464 398 die
489 361 596 398 aedes
619 363 660 398 in
682 366 794 412 ‘portu
823 361 990 400 Tiberino
1015 362 1119 409 facta
1144 368 1177 400 et
1201 363 1316 411 feriae
1338 365 1545 411 institutam

101 424 170 461 csr.
199 423 340 471 Ou.'6,
361 424 450 460 540.
502 423 654 460 Doctius
681 423 798 460 Varro
824 423 914 461 dixit
944 424 1076 474 fragm.
1104 424 1210 462 huius
1235 426 1315 462 libri
1340 427 1378 462 7.
1428 425 1543 464 Nam-

100 497 174 534 que
198 485 258 522 illa
283 485 392 522 aedes
418 486 453 522 in
480 492 611 535 portu,
637 486 714 522 siue
738 484 785 522 ad
813 491 962 535 pontem
989 485 1201 533 Aemilium,
1235 493 1275 523 ut
1300 493 1355 524 est
1380 488 1416 524 in
1441 487 1544 525 fastis

102 547 262 596 Capran.
286 552 327 583 et
351 547 527 584 Amitern.
554 547 638 584 XVl
663 546 725 583 ΚΡ
752 546 875 596 Sept.,
893 547 931 585 si
965 548 1204 588 uetustissima
1234 560 1301 586 nec
1327 555 1410 598 post
1435 549 1544 587 serias

99 607 342 645 institutaset
367 614 512 658 portum
537 610 767 656 instructum,
795 609 871 658 qui,
898 608 997 658 quod
1022 610 1148 656 sciam,
1176 616 1260 647 ante
1282 621 1416 646 annum
1435 611 1480 648 V.
1498 611 1544 649 C.

97 668 188 715 573,
214 668 298 706 Liu.
317 671 382 717 40,
402 671 466 718 51,
496 683 570 707 non
596 677 917 718 commemoratur,
945 683 990 708 eo
1017 672 1052 707 in
1080 672 1161 709 loco
1187 671 1353 708 dedicata
1376 671 1460 719 suit,
1484 671 1545 709 fa-

98 740 183 767 cere
207 742 296 768 sane
323 733 454 782 potuit,
483 740 521 769 ut
546 732 594 769 de
620 732 678 768 dei
706 732 849 768 nomine
875 733 1034 783 populus
1060 740 1212 777 erraret,
1239 733 1406 769 Matutae
1431 732 1544 771 filium

98 790 169 827 iam
207 799 293 830 tunc
325 807 407 831 eum
443 794 606 831 habitum
638 794 748 832 fuisse
782 795 928 831 minime
962 795 1109 844 probat.
1163 794 1312 843 Quippe
1346 793 1545 832 secundum

100 854 261 891 tabulam
289 856 450 906 Capran.
478 857 697 894 admonente
723 857 758 893 in
793 857 1107 892 retractationibus
1132 856 1309 905 Fogginio
1336 868 1373 905 p.
1393 857 1462 892 143
1489 855 1546 893 fe-

100 915 173 952 rias
199 915 324 954 habuit
350 918 532 956 Portunus
559 931 630 956 una
658 931 738 955 cum
765 917 868 963 Iano,
896 916 1201 966 quemadmodum
1226 919 1344 954 Ianus
1361 920 1547 956 Portunus

100 984 155 1013 est
179 978 212 1014 iu
240 980 471 1029 inscriptione
486 980 672 1018 Orelliana
693 979 802 1016 1585.
844 979 1008 1028 Vterque
1026 979 1133 1027 igitur
1155 979 1244 1016 deus
1264 979 1422 1029 clauiger
1441 979 1546 1026 (uide

99 1037 146 1075 de
172 1038 335 1076 Portuno
360 1042 465 1078 Paul.
493 1042 594 1078 Diae.
620 1054 658 1090 p.
675 1042 736 1087 56,
756 1041 796 1088 5)
825 1039 912 1077 nihil
938 1039 1060 1087 aliud,
1095 1053 1209 1090 quam·
1233 1042 1403 1078 tuebatur
1427 1041 1545 1079 aditus

100 1100 198 1137 urbis
225 1102 401 1150 publicos,
428 1104 520 1140 sicut
545 1109 700 1151 uterque
717 1101 876 1152 praefuit
895 1101 1056 1151 priuatis.
1109 1102 1275 1151 Ignotum
1301 1114 1373 1139 non
1399 1109 1454 1140 est
1480 1115 1547 1141 uo-

98 1161 290 1210 cabulum,
324 1163 420 1200 unde
446 1163 655 1211 Portunus,
682 1163 772 1199 deus
798 1162 1178 1211 indigitamentorum,
1205 1165 1365 1201 fortassis
1391 1164 1547 1202 Sabino·

97 1234 178 1260 rum
204 1224 324 1268 (Fest.
346 1237 386 1274 p.
401 1226 489 1272 217,
509 1226 556 1262 15
573 1226 673 1270 sin.),
701 1237 832 1262 nomen
860 1226 1021 1274 accepit:
1049 1224 1112 1262 sed
1141 1225 1216 1261 eius
1245 1225 1410 1261 uocabuli
1438 1232 1544 1263 uetu-

96 1285 186 1321 stior
204 1285 435 1335 significatus,
461 1288 525 1336 qui
549 1288 728 1324 indicatur
747 1300 769 1324 a
786 1287 953 1323 Varrone
978 1286 1024 1324 fr.
1041 1289 1080 1335 7,
1107 1286 1264 1323 traditur
1281 1286 1378 1336 apud
1395 1286 1547 1326 Festum

97 1358 137 1394 p.
153 1350 242 1394 233,
261 1350 311 1385 28
333 1349 419 1386 sin.:
453 1352 606 1386 Portum
633 1352 670 1386 in
696 1351 781 1386 XII
805 1360 871 1397 pro
898 1347 1002 1385 domno
1028 1351 1188 1399 positum
1214 1360 1335 1386 ommes
1358 1348 1436 1396 fere
1460 1362 1546 1387 con-

97 1411 269 1446 sentiunt.
312 1410 438 1448 Potest
456 1411 622 1461 profecto
645 1411 799 1448 alterum
818 1422 966 1460 quoque
991 1410 1028 1447 in
1050 1423 1116 1447 usu
1142 1410 1266 1458 fuisse,
1294 1416 1331 1446 et
1355 1411 1441 1447 satis
1468 1418 1548 1449 erat

98 1481 251 1520 causae,
285 1484 351 1508 cur
376 1472 423 1509 ad
456 1473 629 1510 stationes
661 1473 812 1511 nauales
837 1471 1037 1509 referretur
1071 1471 1181 1508 deus:
1218 1472 1254 1507 in
1289 1471 1388 1508 cultu
1422 1478 1545 1510 tamen

98 1532 245 1580 publico
272 1534 348 1570 eius
376 1534 515 1571 nullum
550 1541 606 1572 est
632 1536 823 1585 uestigium
851 1546 1004 1583 graecae
1029 1534 1289 1584 qualiscunque
1315 1534 1548 1583 cerimoniae,

100 1605 216 1642 quare
242 1607 264 1630 a
288 1595 430 1633 Matuta
456 1597 576 1647 potius
601 1598 637 1634 in
664 1609 748 1634 eum
774 1596 987 1645 migrauisse
1016 1595 1160 1632 uidetur
1185 1595 1321 1643 fabula,
1348 1602 1388 1631 ut
1413 1595 1465 1632 ita
1491 1595 1547 1632 di-

100 1666 196 1702 cam,
222 1658 412 1696 terrestris.
465 1658 586 1699 Venio
612 1658 659 1696 ad
687 1671 767 1695 eam
794 1658 1025 1706 sententiam,
1054 1669 1126 1708 qua
1151 1657 1295 1694 Matuta
1320 1656 1432 1694 fuisse
1458 1656 1546 1694 dici-

100 1721 162 1752 tur
186 1723 317 1754 numen·
344 1718 538 1756 Etruscum
565 1727 604 1757 et
633 1726 711 1756 toto
745 1720 807 1757 illo
839 1721 961 1756 littore
994 1720 1172 1756 maritimo
1199 1719 1364 1769 proxime
1389 1719 1545 1756 Romam

100 1778 260 1816 cultum:
287 1778 506 1816 Niebnhrius
528 1781 578 1816 ita
602 1783 728 1817 statuit
753 1781 791 1817 h.
818 1781 867 1817 R.
884 1785 923 1828 2,
950 1793 988 1830 p.
1001 1781 1090 1828 538,
1117 1792 1185 1817 nec
1212 1779 1411 1816 dissimulat
1437 1793 1549 1818 unum

102 1845 243 1876 tantum
280 1840 356 1877 eius
390 1840 582 1878 delubrum
615 1853 695 1878 esse
727 1842 975 1892 exploratum,
1008 1840 1157 1890 Pyrgis,
1193 1840 1290 1890 quod
1316 1840 1549 1879 Leucotheae

101 1903 310 1951 appellatur
343 1903 390 1939 ab
425 1903 542 1939 Anon.
569 1915 758 1941 oeconom.
787 1916 819 1940 c.
844 1905 903 1947 19,
928 1916 966 1953 p.
987 1903 1061 1939 265
1087 1902 1212 1938 Bekk..
1233 1908 1268 1939 et
1295 1902 1480 1952 Polyaeno
1507 1904 1547 1952 5,

100 1965 138 2007 2,
165 1966 228 2009 21,
256 1976 294 2013 p.
324 1965 396 2001 159
424 1965 510 2001 Cor.
557 1965 753 2002 Muellerus
789 1977 936 2014 quoque
960 1965 1041 2001 Etr.
1069 1967 1105 2008 2,
1134 1976 1171 2013 p.
1191 1962 1239 1999 55
1266 1971 1303 2000 et
1331 1964 1547 2002 Clausenius

100 2036 140 2073 p.
157 2026 233 2061 879
264 2024 411 2062 dubium
436 2038 514 2063 esse
540 2033 688 2076 negant,
715 2026 800 2076 quin
819 2027 961 2063 Matuta
989 2026 1110 2062 suerit.
1157 2025 1370 2062 Clausenius
1398 2025 1548 2062 demon-

101 2087 231 2122 strauit
249 2099 416 2135 graecam
436 2087 542 2125 huius
564 2089 716 2124 nominis
730 2083 1074 2138 ‘interpretationem
1092 2086 1292 2137 profectam
1316 2099 1394 2123 esse
1413 2099 1435 2123 a
1450 2087 1549 2124 Pho-

101 2148 334 2195 caeensibus,
362 2149 423 2198 qui
447 2149 697 2186 Leucotheam
724 2149 938 2197 coluerunt,
965 2156 1002 2186 et
1028 2149 1125 2199 quod
1153 2149 1287 2185 Strabo
1313 2148 1352 2195 5,
1379 2161 1416 2197 p.
1431 2150 1548 2186 226A

102 2208 188 2246 Cas.
218 2208 394 2260 nit11yiam
421 2210 694 2260 interpretatur,
721 2211 805 2247 inde
823 2211 956 2260 colligit
973 2210 1150 2247 Matutam
1170 2210 1419 2250 Romanorum
1436 2223 1548 2260 puer·

101 2269 193 2319 perii
225 2282 356 2307 numen
392 2270 514 2308 fuisse.
567 2273 643 2310 Res
677 2272 773 2311 foret
807 2273 954 2309 maximi
985 2272 1159 2312 momenti
1194 2272 1423 2308 uernaculam
1457 2272 1549 2310 deae

84 2328 269 2367 'naturam
294 2333 345 2369 ita
371 2333 608 2383 deprehendi,
635 2334 701 2371 nisi
724 2341 798 2372 tam
825 2334 936 2370 dubia
962 2341 1069 2370 esset.
1116 2334 1265 2381 Quanto
1292 2332 1432 2370 doctius
1459 2346 1547 2383 pro-

102 2392 226 2430 batum
253 2394 326 2430 itur
345 2394 595 2432 Phocaeen‘ses
614 2408 694 2432 cum
712 2396 962 2445 Agyllensibus
989 2395 1240 2433 commercium
1261 2400 1298 2431 et
1315 2394 1548 2432 Leucotheae

103 2466 204 2492 sacra
230 2454 413 2504 habuisse,
441 2463 543 2493 tanto
569 2458 687 2494 minus
715 2469 863 2494 necesse
889 2463 944 2493 est
968 2456 1066 2493 illam
1086 2456 1288 2505 Pyrgorum
1315 2455 1420 2494 deam
1441 2456 1548 2494 ualde

106 2518 317 2555 conuenisse
342 2517 390 2555 ad
415 2531 605 2568 graecam,
633 2519 747 2557 ueluti
773 2518 880 2555 docet
905 2518 1096 2555 Strabonis
1121 2518 1302 2557 iudicium.
1356 2518 1454 2564 Quid
1481 2519 1546 2568 igi-

107 2582 188 2625 tur,
220 2579 250 2616 si
282 2579 444 2630 Cupram
473 2586 666 2630 putemus,
699 2581 873 2619 Iunonem
908 2580 1123 2628 Etruscam,
1160 2579 1206 2617 de
1243 2591 1315 2630 qua
1347 2580 1481 2617 Strabo
1508 2579 1547 2626 5,

106 2647 145 2688 p.
159 2639 272 2677 241ss
292 2641 394 2689 Cas„
420 2653 515 2693 quae
538 2642 569 2680 si
595 2648 673 2680 tota
691 2642 838 2685 Etruria
865 2641 963 2680 culta
987 2647 1234 2691 est,-necesse
1259 2649 1314 2679 est
1338 2642 1375 2678 in
1402 2640 1547 2693 urbibus
