<?xml version="1.0" encoding="UTF-8"?>
<!DOCTYPE html PUBLIC "-//W3C//DTD XHTML 1.0 Transitional//EN"
    "http://www.w3.org/TR/xhtml1/DTD/xhtml1-transitional.dtd">
<html xmlns="http://www.w3.org/1999/xhtml" xml:lang="en" lang="en">
 <head>
  <title>
</title>
<meta http-equiv="Content-Type" content="text/html;charset=utf-8" />
  <meta name='ocr-system' content='tesseract 3.04.00' />
  <meta name='ocr-capabilities' content='ocr_page ocr_carea ocr_par ocr_line ocrx_word'/>
</head>
<body>
  <div class='ocr_page' id='page_1' title='image "./fastorumlibrisex00oviduoft_0298.png"; bbox 0 0 1685 2954; ppageno 0'>
   <div class='ocr_carea' id='block_1_1' title="bbox 131 87 1089 137">
    <p class='ocr_par' dir='ltr' id='par_1_1' title="bbox 131 87 1089 137">
     <span class='ocr_line' id='line_1_1' title="bbox 131 87 1089 137; baseline -0.003 -9"><span class='ocrx_word' id='word_1_1' title='bbox 131 95 244 129; x_wconf 80' lang='lat' dir='ltr'><strong>ccxc</strong></span> <span class='ocrx_word' id='word_1_2' title='bbox 619 88 746 125; x_wconf 75' lang='lat' dir='ltr'><strong>conn.</strong></span> <span class='ocrx_word' id='word_1_3' title='bbox 775 87 815 137; x_wconf 82' lang='lat'><strong>9,</strong></span> <span class='ocrx_word' id='word_1_4' title='bbox 846 88 913 135; x_wconf 91' lang='lat'><strong>10,</strong></span> <span class='ocrx_word' id='word_1_5' title='bbox 941 89 1007 136; x_wconf 84' lang='lat'><strong>11,</strong></span> <span class='ocrx_word' id='word_1_6' title='bbox 1038 89 1089 125; x_wconf 87' lang='lat'><strong>12</strong></span> 
     </span>
    </p>
   </div>
   <div class='ocr_carea' id='block_1_2' title="bbox 131 191 1574 368">
    <p class='ocr_par' dir='ltr' id='par_1_2' title="bbox 131 191 1574 368">
     <span class='ocr_line' id='line_1_2' title="bbox 131 191 1571 245; baseline 0.001 -12"><span class='ocrx_word' id='word_1_7' title='bbox 131 196 169 233; x_wconf 87' lang='lat' dir='ltr'><strong>in</strong></span> <span class='ocrx_word' id='word_1_8' title='bbox 186 196 301 235; x_wconf 83' lang='lat' dir='ltr'><strong>altero</strong></span> <span class='ocrx_word' id='word_1_9' title='bbox 315 192 488 232; x_wconf 79' lang='lat' dir='ltr'><strong>Francof.</strong></span> <span class='ocrx_word' id='word_1_10' title='bbox 513 191 650 232; x_wconf 75' lang='lat' dir='ltr'><strong>nudam</strong></span> <span class='ocrx_word' id='word_1_11' title='bbox 673 195 813 232; x_wconf 89' lang='lat' dir='ltr'><strong>mauult</strong></span> <span class='ocrx_word' id='word_1_12' title='bbox 837 194 1055 245; x_wconf 80' lang='lat' dir='ltr'><strong>palaestram</strong></span> <span class='ocrx_word' id='word_1_13' title='bbox 1081 206 1190 245; x_wconf 78' lang='lat' dir='ltr'><strong>quam</strong></span> <span class='ocrx_word' id='word_1_14' title='bbox 1215 192 1384 234; x_wconf 68' lang='lat' dir='ltr'><strong>nitidam.</strong></span> <span class='ocrx_word' id='word_1_15' title='bbox 1429 195 1511 234; x_wconf 83' lang='lat' dir='ltr'><strong>Lib.</strong></span> <span class='ocrx_word' id='word_1_16' title='bbox 1532 199 1571 245; x_wconf 87' lang='lat'><strong>6,</strong></span> 
     </span>
     <span class='ocr_line' id='line_1_3' title="bbox 133 255 1573 307; baseline -0.001 -11"><span class='ocrx_word' id='word_1_17' title='bbox 133 260 183 295; x_wconf 80' lang='lat'><strong>23</strong></span> <span class='ocrx_word' id='word_1_18' title='bbox 211 257 384 296; x_wconf 72' lang='lat' dir='ltr'><strong>caelestia</strong></span> <span class='ocrx_word' id='word_1_19' title='bbox 407 266 520 293; x_wconf 78' lang='lat' dir='ltr'><strong>saera</strong></span> <span class='ocrx_word' id='word_1_20' title='bbox 552 267 622 306; x_wconf 87' lang='lat' dir='ltr'><strong>pro</strong></span> <span class='ocrx_word' id='word_1_21' title='bbox 651 267 782 294; x_wconf 72' lang='lat' dir='ltr'><strong>numen</strong></span> <span class='ocrx_word' id='word_1_22' title='bbox 810 256 957 294; x_wconf 79' lang='lat' dir='ltr'><strong>caeleste</strong></span> <span class='ocrx_word' id='word_1_23' title='bbox 988 256 1114 294; x_wconf 84' lang='lat' dir='ltr'><strong>habuit</strong></span> <span class='ocrx_word' id='word_1_24' title='bbox 1138 255 1253 294; x_wconf 85' lang='lat' dir='ltr'>codex</span> <span class='ocrx_word' id='word_1_25' title='bbox 1278 269 1360 293; x_wconf 89' lang='lat' dir='ltr'><strong>cum</strong></span> <span class='ocrx_word' id='word_1_26' title='bbox 1385 255 1573 307; x_wconf 80' lang='lat' dir='ltr'><strong>Puteaneo</strong></span> 
     </span>
     <span class='ocr_line' id='line_1_4' title="bbox 131 317 1574 368; baseline -0.001 -11"><span class='ocrx_word' id='word_1_27' title='bbox 131 317 291 357; x_wconf 81' lang='lat' dir='ltr'><strong>secundo</strong></span> <span class='ocrx_word' id='word_1_28' title='bbox 323 317 500 365; x_wconf 88' lang='lat' dir='ltr'><strong>collatus,</strong></span> <span class='ocrx_word' id='word_1_29' title='bbox 533 322 571 354; x_wconf 88' lang='lat' dir='ltr'><strong>et</strong></span> <span class='ocrx_word' id='word_1_30' title='bbox 596 329 633 355; x_wconf 86' lang='lat' dir='ltr'><strong>u.</strong></span> <span class='ocrx_word' id='word_1_31' title='bbox 648 319 723 355; x_wconf 78' lang='lat'><strong>349</strong></span> <span class='ocrx_word' id='word_1_32' title='bbox 748 330 816 368; x_wconf 89' lang='lat' dir='ltr'><strong>pro</strong></span> <span class='ocrx_word' id='word_1_33' title='bbox 854 330 944 367; x_wconf 80' lang='lat' dir='ltr'><strong>quae</strong></span> <span class='ocrx_word' id='word_1_34' title='bbox 967 320 1017 356; x_wconf 77' lang='lat' dir='ltr'><strong>sit</strong></span> <span class='ocrx_word' id='word_1_35' title='bbox 1041 318 1196 365; x_wconf 75' lang='lat' dir='ltr'><strong>fortuna</strong></span> <span class='ocrx_word' id='word_1_36' title='bbox 1221 318 1404 356; x_wconf 72' lang='lat' dir='ltr'><strong>malomm</strong></span> <span class='ocrx_word' id='word_1_37' title='bbox 1434 319 1574 356; x_wconf 88' lang='lat' dir='ltr'><strong>notauit</strong></span> 
     </span>
    </p>
   </div>
   <div class='ocr_carea' id='block_1_3' title="bbox 132 378 1637 429">
    <p class='ocr_par' dir='ltr' id='par_1_3' title="bbox 132 378 1637 429">
     <span class='ocr_line' id='line_1_5' title="bbox 132 378 1637 429; baseline -0.001 -13"><span class='ocrx_word' id='word_1_38' title='bbox 132 380 346 428; x_wconf 73' lang='lat' dir='ltr'><strong>scripturam</strong></span> <span class='ocrx_word' id='word_1_39' title='bbox 379 378 544 415; x_wconf 85' lang='lat' dir='ltr'><strong>librarius</strong></span> <span class='ocrx_word' id='word_1_40' title='bbox 571 378 742 418; x_wconf 80' lang='lat' dir='ltr'><strong>Francos.</strong></span> <span class='ocrx_word' id='word_1_41' title='bbox 772 392 841 429; x_wconf 80' lang='lat' dir='ltr'><strong>quo</strong></span> <span class='ocrx_word' id='word_1_42' title='bbox 866 381 916 417; x_wconf 77' lang='lat' dir='ltr'><strong>sit</strong></span> <span class='ocrx_word' id='word_1_43' title='bbox 947 392 1104 418; x_wconf 81' lang='lat' dir='ltr'><strong>romana·</strong></span> <span class='ocrx_word' id='word_1_44' title='bbox 1139 380 1214 417; x_wconf 88' lang='lat' dir='ltr'><strong>loco</strong></span> <span class='ocrx_word' id='word_1_45' title='bbox 1246 392 1314 417; x_wconf 84' lang='lat' dir='ltr'><strong>res.</strong></span> <span class='ocrx_word' id='word_1_46' title='bbox 1367 379 1474 416; x_wconf 86' lang='lat' dir='ltr'><strong>Talia</strong></span> <span class='ocrx_word' id='word_1_47' title='bbox 1500 391 1574 416; x_wconf 87' lang='lat' dir='ltr'><strong>non</strong></span> <span class='ocrx_word' id='word_1_48' title='bbox 1634 396 1637 402; x_wconf 85' lang='lat'>·</span> 
     </span>
    </p>
   </div>
   <div class='ocr_carea' id='block_1_4' title="bbox 130 439 1588 2704">
    <p class='ocr_par' dir='ltr' id='par_1_4' title="bbox 130 439 1577 795">
     <span class='ocr_line' id='line_1_6' title="bbox 130 439 1575 491; baseline -0.001 -14"><span class='ocrx_word' id='word_1_49' title='bbox 130 440 229 477; x_wconf 86' lang='lat' dir='ltr'><strong>foret</strong></span> <span class='ocrx_word' id='word_1_50' title='bbox 252 439 382 476; x_wconf 86' lang='lat' dir='ltr'><strong>mirum</strong></span> <span class='ocrx_word' id='word_1_51' title='bbox 407 444 547 476; x_wconf 85' lang='lat' dir='ltr'><strong>tentata</strong></span> <span class='ocrx_word' id='word_1_52' title='bbox 572 451 651 477; x_wconf 87' lang='lat' dir='ltr'><strong>esse</strong></span> <span class='ocrx_word' id='word_1_53' title='bbox 677 441 808 490; x_wconf 88' lang='lat' dir='ltr'><strong>quouis</strong></span> <span class='ocrx_word' id='word_1_54' title='bbox 832 447 998 491; x_wconf 87' lang='lat' dir='ltr'><strong>tempore</strong></span> <span class='ocrx_word' id='word_1_55' title='bbox 1015 447 1079 478; x_wconf 91' lang='lat' dir='ltr'><strong>aut</strong></span> <span class='ocrx_word' id='word_1_56' title='bbox 1097 452 1120 477; x_wconf 91' lang='lat' dir='ltr'><strong>a</strong></span> <span class='ocrx_word' id='word_1_57' title='bbox 1145 442 1311 489; x_wconf 84' lang='lat' dir='ltr'><strong>librariis,</strong></span> <span class='ocrx_word' id='word_1_58' title='bbox 1338 446 1401 477; x_wconf 84' lang='lat' dir='ltr'><strong>aut</strong></span> <span class='ocrx_word' id='word_1_59' title='bbox 1427 440 1474 476; x_wconf 83' lang='lat' dir='ltr'><strong>ab</strong></span> <span class='ocrx_word' id='word_1_60' title='bbox 1492 452 1575 477; x_wconf 89' lang='lat' dir='ltr'><strong>eru-</strong></span> 
     </span>
     <span class='ocr_line' id='line_1_7' title="bbox 131 500 1574 552; baseline 0.001 -15"><span class='ocrx_word' id='word_1_61' title='bbox 131 500 215 538; x_wconf 85' lang='lat' dir='ltr'><strong>ditis</strong></span> <span class='ocrx_word' id='word_1_62' title='bbox 247 500 461 538; x_wconf 86' lang='lat' dir='ltr'><strong>lectoribus:</strong></span> <span class='ocrx_word' id='word_1_63' title='bbox 506 513 725 552; x_wconf 85' lang='lat' dir='ltr'><strong>quamquam</strong></span> <span class='ocrx_word' id='word_1_64' title='bbox 761 514 834 538; x_wconf 89' lang='lat' dir='ltr'><strong>nou</strong></span> <span class='ocrx_word' id='word_1_65' title='bbox 866 503 1010 539; x_wconf 85' lang='lat' dir='ltr'><strong>memini</strong></span> <span class='ocrx_word' id='word_1_66' title='bbox 1048 503 1200 539; x_wconf 87' lang='lat' dir='ltr'><strong>inueniri</strong></span> <span class='ocrx_word' id='word_1_67' title='bbox 1232 503 1268 539; x_wconf 91' lang='lat' dir='ltr'><strong>in</strong></span> <span class='ocrx_word' id='word_1_68' title='bbox 1299 501 1500 539; x_wconf 86' lang='lat' dir='ltr'><strong>Petauiano</strong></span> <span class='ocrx_word' id='word_1_69' title='bbox 1535 506 1574 538; x_wconf 86' lang='lat' dir='ltr'><strong>et</strong></span> 
     </span>
     <span class='ocr_line' id='line_1_8' title="bbox 132 561 1576 613; baseline -0.001 -15"><span class='ocrx_word' id='word_1_70' title='bbox 132 567 289 612; x_wconf 88' lang='lat' dir='ltr'><strong>utroque</strong></span> <span class='ocrx_word' id='word_1_71' title='bbox 308 561 528 602; x_wconf 74' lang='lat' dir='ltr'><strong>Monacensi.</strong></span> <span class='ocrx_word' id='word_1_72' title='bbox 578 562 620 600; x_wconf 87' lang='lat' dir='ltr'><strong>Id</strong></span> <span class='ocrx_word' id='word_1_73' title='bbox 646 575 760 613; x_wconf 85' lang='lat' dir='ltr'><strong>genus</strong></span> <span class='ocrx_word' id='word_1_74' title='bbox 788 563 1077 612; x_wconf 81' lang='lat' dir='ltr'>interpolationis</span> <span class='ocrx_word' id='word_1_75' title='bbox 1104 575 1287 613; x_wconf 88' lang='lat' dir='ltr'><strong>nunquam</strong></span> <span class='ocrx_word' id='word_1_76' title='bbox 1315 575 1386 599; x_wconf 92' lang='lat' dir='ltr'><strong>non</strong></span> <span class='ocrx_word' id='word_1_77' title='bbox 1412 562 1482 598; x_wconf 80' lang='lat' dir='ltr'><strong>fuit</strong></span> <span class='ocrx_word' id='word_1_78' title='bbox 1508 573 1576 598; x_wconf 89' lang='lat' dir='ltr'><strong>no-</strong></span> 
     </span>
     <span class='ocr_line' id='line_1_9' title="bbox 134 623 1577 674; baseline -0.001 -14"><span class='ocrx_word' id='word_1_79' title='bbox 134 630 223 660; x_wconf 92' lang='lat' dir='ltr'><strong>tum.</strong></span> <span class='ocrx_word' id='word_1_80' title='bbox 276 623 358 661; x_wconf 87' lang='lat' dir='ltr'><strong>Hoc</strong></span> <span class='ocrx_word' id='word_1_81' title='bbox 381 624 490 673; x_wconf 85' lang='lat' dir='ltr'><strong>igitur</strong></span> <span class='ocrx_word' id='word_1_82' title='bbox 515 624 672 674; x_wconf 88' lang='lat' dir='ltr'><strong>seposito</strong></span> <span class='ocrx_word' id='word_1_83' title='bbox 700 629 811 659; x_wconf 85' lang='lat' dir='ltr'><strong>restat</strong></span> <span class='ocrx_word' id='word_1_84' title='bbox 836 636 947 659; x_wconf 86' lang='lat' dir='ltr'><strong>unum</strong></span> <span class='ocrx_word' id='word_1_85' title='bbox 975 624 1207 661; x_wconf 75' lang='lat' dir='ltr'><strong>uaserrimum</strong></span> <span class='ocrx_word' id='word_1_86' title='bbox 1235 631 1271 662; x_wconf 89' lang='lat' dir='ltr'><strong>et</strong></span> <span class='ocrx_word' id='word_1_87' title='bbox 1297 623 1527 660; x_wconf 84' lang='lat' dir='ltr'><strong>artificiosum</strong></span> <span class='ocrx_word' id='word_1_88' title='bbox 1553 634 1577 659; x_wconf 90' lang='lat' dir='ltr'><strong>a</strong></span> 
     </span>
     <span class='ocr_line' id='line_1_10' title="bbox 135 676 1577 735; baseline -0.001 -13"><span class='ocrx_word' id='word_1_89' title='bbox 135 691 248 735; x_wconf 78' lang='lat' dir='ltr'><strong>supra</strong></span> <span class='ocrx_word' id='word_1_90' title='bbox 274 684 436 723; x_wconf 80' lang='lat' dir='ltr'><strong>indicatis</strong></span> <span class='ocrx_word' id='word_1_91' title='bbox 461 684 666 733; x_wconf 87' lang='lat' dir='ltr'><strong>diuersum,</strong></span> <span class='ocrx_word' id='word_1_92' title='bbox 700 684 764 720; x_wconf 90' lang='lat' dir='ltr'><strong>sed</strong></span> <span class='ocrx_word' id='word_1_93' title='bbox 791 683 1067 721; x_wconf 50' lang='lat' dir='ltr'><strong>nihilo-rectius</strong></span> <span class='ocrx_word' id='word_1_94' title='bbox 1093 676 1201 734; x_wconf 80' lang='lat' dir='ltr'><strong>quam</strong></span> <span class='ocrx_word' id='word_1_95' title='bbox 1230 685 1291 721; x_wconf 88' lang='lat' dir='ltr'><strong>illa</strong></span> <span class='ocrx_word' id='word_1_96' title='bbox 1318 696 1432 735; x_wconf 88' lang='lat' dir='ltr'><strong>usque</strong></span> <span class='ocrx_word' id='word_1_97' title='bbox 1458 683 1577 724; x_wconf 77' lang='lat' dir='ltr'><strong>adhuc</strong></span> 
     </span>
     <span class='ocr_line' id='line_1_11' title="bbox 133 746 911 795; baseline -0.005 -12"><span class='ocrx_word' id='word_1_98' title='bbox 133 746 439 795; x_wconf 85' lang='lat' dir='ltr'><strong>animaduersum,</strong></span> <span class='ocrx_word' id='word_1_99' title='bbox 467 746 513 783; x_wconf 88' lang='lat' dir='ltr'><strong>de</strong></span> <span class='ocrx_word' id='word_1_100' title='bbox 540 758 613 795; x_wconf 93' lang='lat' dir='ltr'><strong>quo</strong></span> <span class='ocrx_word' id='word_1_101' title='bbox 639 757 722 781; x_wconf 84' lang='lat' dir='ltr'><strong>mox</strong></span> <span class='ocrx_word' id='word_1_102' title='bbox 748 755 911 794; x_wconf 83' lang='lat' dir='ltr'>pergam.</span> 
     </span>
    </p>

    <p class='ocr_par' dir='ltr' id='par_1_5' title="bbox 133 805 1579 918">
     <span class='ocr_line' id='line_1_12' title="bbox 233 805 1579 845; baseline -0.002 0"><span class='ocrx_word' id='word_1_103' title='bbox 233 809 295 845; x_wconf 88' lang='grc'><strong>40.</strong></span> <span class='ocrx_word' id='word_1_104' title='bbox 341 810 380 845; x_wconf 82' lang='grc'><strong>9.</strong></span> <span class='ocrx_word' id='word_1_105' title='bbox 421 807 622 843; x_wconf 86' lang='lat' dir='ltr'><strong>Achillis</strong></span> <span class='ocrx_word' id='word_1_106' title='bbox 649 806 797 843; x_wconf 82' lang='lat' dir='ltr'><strong>Statii</strong></span> <span class='ocrx_word' id='word_1_107' title='bbox 822 805 954 841; x_wconf 87' lang='lat' dir='ltr'><strong>librum</strong></span> <span class='ocrx_word' id='word_1_108' title='bbox 979 805 1149 842; x_wconf 86' lang='lat' dir='ltr'><strong>collatum</strong></span> <span class='ocrx_word' id='word_1_109' title='bbox 1175 806 1220 842; x_wconf 82' lang='lat' dir='ltr'><strong>ab</strong></span> <span class='ocrx_word' id='word_1_110' title='bbox 1244 805 1403 842; x_wconf 80' lang='lat' dir='ltr'><strong>Hercule</strong></span> <span class='ocrx_word' id='word_1_111' title='bbox 1423 805 1579 843; x_wconf 85' lang='lat' dir='ltr'><strong>Ciosano</strong></span> 
     </span>
     <span class='ocr_line' id='line_1_13' title="bbox 133 865 1578 918; baseline -0.001 -12"><span class='ocrx_word' id='word_1_112' title='bbox 133 881 207 907; x_wconf 88' lang='lat' dir='ltr'><strong>non</strong></span> <span class='ocrx_word' id='word_1_113' title='bbox 233 868 377 906; x_wconf 89' lang='lat' dir='ltr'><strong>memini</strong></span> <span class='ocrx_word' id='word_1_114' title='bbox 404 868 478 905; x_wconf 92' lang='lat' dir='ltr'><strong>ulla</strong></span> <span class='ocrx_word' id='word_1_115' title='bbox 504 879 545 904; x_wconf 87' lang='lat' dir='ltr'><strong>re</strong></span> <span class='ocrx_word' id='word_1_116' title='bbox 571 879 648 904; x_wconf 89' lang='lat' dir='ltr'><strong>esse</strong></span> <span class='ocrx_word' id='word_1_117' title='bbox 674 867 863 918; x_wconf 83' lang='lat' dir='ltr'><strong>insignem,</strong></span> <span class='ocrx_word' id='word_1_118' title='bbox 892 871 1018 914; x_wconf 87' lang='lat' dir='ltr'><strong>estque</strong></span> <span class='ocrx_word' id='word_1_119' title='bbox 1038 865 1212 904; x_wconf 80' lang='lat' dir='ltr'><strong>dimidiati</strong></span> <span class='ocrx_word' id='word_1_120' title='bbox 1239 874 1379 903; x_wconf 83' lang='lat' dir='ltr'><strong>tantum</strong></span> <span class='ocrx_word' id='word_1_121' title='bbox 1399 868 1578 905; x_wconf 80' lang='lat' dir='ltr'>carminis.</span> 
     </span>
    </p>

    <p class='ocr_par' dir='ltr' id='par_1_6' title="bbox 133 925 1582 1335">
     <span class='ocr_line' id='line_1_14' title="bbox 233 925 1579 978; baseline -0.001 -11"><span class='ocrx_word' id='word_1_122' title='bbox 233 931 298 977; x_wconf 82' lang='lat'><strong>41,</strong></span> <span class='ocrx_word' id='word_1_123' title='bbox 319 930 383 967; x_wconf 88' lang='lat'><strong>42.</strong></span> <span class='ocrx_word' id='word_1_124' title='bbox 430 932 493 977; x_wconf 86' lang='lat'><strong>10,</strong></span> <span class='ocrx_word' id='word_1_125' title='bbox 514 932 574 966; x_wconf 90' lang='lat'><strong>11.</strong></span> <span class='ocrx_word' id='word_1_126' title='bbox 615 927 768 965; x_wconf 81' lang='lat' dir='ltr'><strong>Codices</strong></span> <span class='ocrx_word' id='word_1_127' title='bbox 795 925 993 963; x_wconf 87' lang='lat' dir='ltr'><strong>Medicei</strong></span> <span class='ocrx_word' id='word_1_128' title='bbox 1019 926 1112 965; x_wconf 85' lang='lat' dir='ltr'><strong>duo:</strong></span> <span class='ocrx_word' id='word_1_129' title='bbox 1138 926 1278 965; x_wconf 84' lang='lat' dir='ltr'><strong>accedit</strong></span> <span class='ocrx_word' id='word_1_130' title='bbox 1304 928 1442 976; x_wconf 83' lang='lat' dir='ltr'><strong>tertius,</strong></span> <span class='ocrx_word' id='word_1_131' title='bbox 1470 941 1579 978; x_wconf 89' lang='lat' dir='ltr'><strong>quem</strong></span> 
     </span>
     <span class='ocr_line' id='line_1_15' title="bbox 134 986 1581 1040; baseline -0.001 -12"><span class='ocrx_word' id='word_1_132' title='bbox 134 993 184 1029; x_wconf 83' lang='lat'><strong>48</strong></span> <span class='ocrx_word' id='word_1_133' title='bbox 209 990 362 1040; x_wconf 86' lang='lat' dir='ltr'><strong>signaui.</strong></span> <span class='ocrx_word' id='word_1_134' title='bbox 406 989 676 1027; x_wconf 85' lang='lat' dir='ltr'><strong>Laurentianae</strong></span> <span class='ocrx_word' id='word_1_135' title='bbox 702 986 940 1025; x_wconf 85' lang='lat' dir='ltr'>bibliothecae</span> <span class='ocrx_word' id='word_1_136' title='bbox 961 995 1100 1038; x_wconf 87' lang='lat' dir='ltr'><strong>septem</strong></span> <span class='ocrx_word' id='word_1_137' title='bbox 1119 989 1294 1026; x_wconf 79' lang='lat' dir='ltr'><strong>fastorum</strong></span> <span class='ocrx_word' id='word_1_138' title='bbox 1314 988 1456 1026; x_wconf 87' lang='lat' dir='ltr'><strong>codices</strong></span> <span class='ocrx_word' id='word_1_139' title='bbox 1480 990 1581 1040; x_wconf 82' lang='lat' dir='ltr'><strong>apud</strong></span> 
     </span>
     <span class='ocr_line' id='line_1_16' title="bbox 135 1049 1581 1101; baseline -0.002 -10"><span class='ocrx_word' id='word_1_140' title='bbox 135 1052 340 1092; x_wconf 88' lang='lat' dir='ltr'><strong>Bandinum</strong></span> <span class='ocrx_word' id='word_1_141' title='bbox 362 1056 434 1087; x_wconf 76' lang='lat' dir='ltr'><strong>cat,</strong></span> <span class='ocrx_word' id='word_1_142' title='bbox 452 1049 560 1087; x_wconf 89' lang='lat' dir='ltr'>codd.</span> <span class='ocrx_word' id='word_1_143' title='bbox 576 1050 639 1086; x_wconf 85' lang='lat' dir='ltr'><strong>lat.</strong></span> <span class='ocrx_word' id='word_1_144' title='bbox 658 1051 692 1086; x_wconf 91' lang='lat' dir='ltr'><strong>b.</strong></span> <span class='ocrx_word' id='word_1_145' title='bbox 711 1050 736 1086; x_wconf 91' lang='grc'><strong>1.</strong></span> <span class='ocrx_word' id='word_1_146' title='bbox 765 1056 791 1086; x_wconf 87' lang='lat' dir='ltr'><strong>t.</strong></span> <span class='ocrx_word' id='word_1_147' title='bbox 807 1053 846 1097; x_wconf 87' lang='lat'><strong>2,</strong></span> <span class='ocrx_word' id='word_1_148' title='bbox 874 1062 910 1099; x_wconf 89' lang='lat' dir='ltr'><strong>p.</strong></span> <span class='ocrx_word' id='word_1_149' title='bbox 926 1051 1015 1097; x_wconf 85' lang='lat'><strong>227,</strong></span> <span class='ocrx_word' id='word_1_150' title='bbox 1032 1062 1070 1099; x_wconf 90' lang='lat' dir='ltr'><strong>p.</strong></span> <span class='ocrx_word' id='word_1_151' title='bbox 1084 1051 1285 1086; x_wconf 74' lang='lat'>235—236</span> <span class='ocrx_word' id='word_1_152' title='bbox 1311 1050 1402 1099; x_wconf 91' lang='lat' dir='ltr'><strong>plut.</strong></span> <span class='ocrx_word' id='word_1_153' title='bbox 1418 1063 1581 1101; x_wconf 77' lang='lat' dir='ltr'><strong>xxxvr,</strong></span> 
     </span>
     <span class='ocr_line' id='line_1_17' title="bbox 137 1111 1582 1161; baseline -0.001 -10"><span class='ocrx_word' id='word_1_154' title='bbox 137 1114 219 1151; x_wconf 89' lang='lat' dir='ltr'><strong>cod.</strong></span> <span class='ocrx_word' id='word_1_155' title='bbox 237 1126 267 1159; x_wconf 89' lang='lat'><strong>1,</strong></span> <span class='ocrx_word' id='word_1_156' title='bbox 293 1122 522 1150; x_wconf 80' lang='lat' dir='ltr'><strong>xx-xxv</strong></span> <span class='ocrx_word' id='word_1_157' title='bbox 549 1118 718 1148; x_wconf 83' lang='lat' dir='ltr'><strong>accurate</strong></span> <span class='ocrx_word' id='word_1_158' title='bbox 753 1111 1026 1159; x_wconf 86' lang='lat' dir='ltr'><strong>describuntur,</strong></span> <span class='ocrx_word' id='word_1_159' title='bbox 1061 1124 1153 1160; x_wconf 90' lang='lat' dir='ltr'><strong>quos</strong></span> <span class='ocrx_word' id='word_1_160' title='bbox 1186 1112 1264 1161; x_wconf 92' lang='lat' dir='ltr'><strong>ipse</strong></span> <span class='ocrx_word' id='word_1_161' title='bbox 1289 1112 1455 1149; x_wconf 83' lang='lat' dir='ltr'>Heinsius</span> <span class='ocrx_word' id='word_1_162' title='bbox 1488 1125 1511 1149; x_wconf 89' lang='lat' dir='ltr'><strong>a</strong></span> <span class='ocrx_word' id='word_1_163' title='bbox 1541 1124 1582 1150; x_wconf 87' lang='lat' dir='ltr'><strong>se</strong></span> 
     </span>
     <span class='ocr_line' id='line_1_18' title="bbox 136 1171 1581 1222; baseline -0.002 -9"><span class='ocrx_word' id='word_1_164' title='bbox 136 1176 286 1213; x_wconf 85' lang='lat' dir='ltr'><strong>collatos</strong></span> <span class='ocrx_word' id='word_1_165' title='bbox 316 1175 354 1211; x_wconf 89' lang='lat' dir='ltr'><strong>in</strong></span> <span class='ocrx_word' id='word_1_166' title='bbox 385 1173 485 1210; x_wconf 88' lang='lat' dir='ltr'><strong>calce</strong></span> <span class='ocrx_word' id='word_1_167' title='bbox 511 1173 662 1210; x_wconf 82' lang='lat' dir='ltr'><strong>notauit.</strong></span> <span class='ocrx_word' id='word_1_168' title='bbox 715 1172 885 1216; x_wconf 85' lang='lat' dir='ltr'><strong>Quatuor</strong></span> <span class='ocrx_word' id='word_1_169' title='bbox 909 1177 995 1208; x_wconf 92' lang='lat' dir='ltr'><strong>sunt</strong></span> <span class='ocrx_word' id='word_1_170' title='bbox 1021 1185 1116 1210; x_wconf 85' lang='lat' dir='ltr'><strong>saec.</strong></span> <span class='ocrx_word' id='word_1_171' title='bbox 1143 1172 1227 1219; x_wconf 86' lang='lat' dir='ltr'><strong>XV,</strong></span> <span class='ocrx_word' id='word_1_172' title='bbox 1261 1171 1334 1210; x_wconf 87' lang='lat' dir='ltr'><strong>duo</strong></span> <span class='ocrx_word' id='word_1_173' title='bbox 1360 1185 1456 1210; x_wconf 85' lang='lat' dir='ltr'><strong>saec.</strong></span> <span class='ocrx_word' id='word_1_174' title='bbox 1479 1174 1581 1222; x_wconf 91' lang='lat' dir='ltr'><strong>XlV,</strong></span> 
     </span>
     <span class='ocr_line' id='line_1_19' title="bbox 135 1233 1582 1285; baseline -0.002 -11"><span class='ocrx_word' id='word_1_175' title='bbox 135 1249 200 1275; x_wconf 86' lang='lat' dir='ltr'><strong>nn.</strong></span> <span class='ocrx_word' id='word_1_176' title='bbox 217 1249 283 1274; x_wconf 85' lang='lat' dir='ltr'><strong>xx</strong></span> <span class='ocrx_word' id='word_1_177' title='bbox 302 1242 339 1273; x_wconf 86' lang='lat' dir='ltr'><strong>et</strong></span> <span class='ocrx_word' id='word_1_178' title='bbox 355 1246 474 1282; x_wconf 82' lang='lat' dir='ltr'>xxn,</span> <span class='ocrx_word' id='word_1_179' title='bbox 500 1245 606 1284; x_wconf 90' lang='lat' dir='ltr'><strong>unus,</strong></span> <span class='ocrx_word' id='word_1_180' title='bbox 633 1246 669 1271; x_wconf 93' lang='lat' dir='ltr'><strong>n.</strong></span> <span class='ocrx_word' id='word_1_181' title='bbox 686 1245 814 1280; x_wconf 73' lang='lat' dir='ltr'><strong>xxw,</strong></span> <span class='ocrx_word' id='word_1_182' title='bbox 839 1246 935 1272; x_wconf 83' lang='lat' dir='ltr'><strong>saec.</strong></span> <span class='ocrx_word' id='word_1_183' title='bbox 951 1233 1036 1271; x_wconf 88' lang='lat' dir='ltr'>XIII</span> <span class='ocrx_word' id='word_1_184' title='bbox 1054 1234 1222 1274; x_wconf 85' lang='lat' dir='ltr'><strong>ineuntis.</strong></span> <span class='ocrx_word' id='word_1_185' title='bbox 1263 1235 1338 1271; x_wconf 93' lang='lat' dir='ltr'><strong>Hos</strong></span> <span class='ocrx_word' id='word_1_186' title='bbox 1357 1235 1582 1285; x_wconf 86' lang='lat' dir='ltr'><strong>potissimum</strong></span> 
     </span>
     <span class='ocr_line' id='line_1_20' title="bbox 133 1296 476 1335; baseline -0.003 0"><span class='ocrx_word' id='word_1_187' title='bbox 133 1296 274 1335; x_wconf 88' lang='lat' dir='ltr'><strong>laudari</strong></span> <span class='ocrx_word' id='word_1_188' title='bbox 299 1296 476 1334; x_wconf 77' lang='lat' dir='ltr'><strong>existimo.</strong></span> 
     </span>
    </p>

    <p class='ocr_par' dir='ltr' id='par_1_7' title="bbox 135 1355 1588 2704">
     <span class='ocr_line' id='line_1_21' title="bbox 237 1355 1584 1408; baseline 0.001 -15"><span class='ocrx_word' id='word_1_189' title='bbox 237 1358 299 1396; x_wconf 83' lang='lat'><strong>43.</strong></span> <span class='ocrx_word' id='word_1_190' title='bbox 352 1360 414 1395; x_wconf 88' lang='grc'><strong>12.</strong></span> <span class='ocrx_word' id='word_1_191' title='bbox 454 1355 582 1393; x_wconf 86' lang='lat' dir='ltr'>Codex</span> <span class='ocrx_word' id='word_1_192' title='bbox 606 1355 859 1408; x_wconf 84' lang='lat' dir='ltr'><strong>Pomponii</strong></span> <span class='ocrx_word' id='word_1_193' title='bbox 886 1357 1023 1395; x_wconf 81' lang='lat' dir='ltr'><strong>Laeti</strong></span> <span class='ocrx_word' id='word_1_194' title='bbox 1057 1359 1119 1408; x_wconf 89' lang='lat' dir='ltr'><strong>qui</strong></span> <span class='ocrx_word' id='word_1_195' title='bbox 1150 1363 1357 1394; x_wconf 84' lang='lat' dir='ltr'><strong>constanter</strong></span> <span class='ocrx_word' id='word_1_196' title='bbox 1381 1357 1418 1393; x_wconf 89' lang='lat' dir='ltr'><strong>in</strong></span> <span class='ocrx_word' id='word_1_197' title='bbox 1442 1356 1584 1395; x_wconf 85' lang='lat' dir='ltr'><strong>schedis</strong></span> 
     </span>
     <span class='ocr_line' id='line_1_22' title="bbox 138 1419 1582 1468; baseline -0.001 -11"><span class='ocrx_word' id='word_1_198' title='bbox 138 1419 279 1457; x_wconf 87' lang='lat' dir='ltr'><strong>Heinsii</strong></span> <span class='ocrx_word' id='word_1_199' title='bbox 304 1419 526 1468; x_wconf 87' lang='lat' dir='ltr'><strong>appellatur,</strong></span> <span class='ocrx_word' id='word_1_200' title='bbox 554 1419 590 1454; x_wconf 89' lang='lat' dir='ltr'><strong>in</strong></span> <span class='ocrx_word' id='word_1_201' title='bbox 617 1419 850 1456; x_wconf 87' lang='lat' dir='ltr'><strong>annotatione</strong></span> <span class='ocrx_word' id='word_1_202' title='bbox 876 1419 1049 1468; x_wconf 83' lang='lat' dir='ltr'><strong>impressa</strong></span> <span class='ocrx_word' id='word_1_203' title='bbox 1072 1420 1215 1456; x_wconf 84' lang='lat' dir='ltr'><strong>uidetur</strong></span> <span class='ocrx_word' id='word_1_204' title='bbox 1237 1419 1476 1455; x_wconf 79' lang='lat' dir='ltr'><strong>Farnesianus</strong></span> <span class='ocrx_word' id='word_1_205' title='bbox 1499 1419 1582 1464; x_wconf 92' lang='lat' dir='ltr'><strong>dici,</strong></span> 
     </span>
     <span class='ocr_line' id='line_1_23' title="bbox 138 1480 1584 1530; baseline 0 -13"><span class='ocrx_word' id='word_1_206' title='bbox 138 1480 223 1518; x_wconf 89' lang='lat' dir='ltr'><strong>uide</strong></span> <span class='ocrx_word' id='word_1_207' title='bbox 256 1486 431 1518; x_wconf 86' lang='lat' dir='ltr'><strong>annotata</strong></span> <span class='ocrx_word' id='word_1_208' title='bbox 463 1492 486 1517; x_wconf 87' lang='lat' dir='ltr'><strong>a</strong></span> <span class='ocrx_word' id='word_1_209' title='bbox 519 1492 578 1517; x_wconf 88' lang='lat' dir='ltr'><strong>me</strong></span> <span class='ocrx_word' id='word_1_210' title='bbox 605 1484 640 1528; x_wconf 89' lang='lat'><strong>1,</strong></span> <span class='ocrx_word' id='word_1_211' title='bbox 663 1482 757 1516; x_wconf 75' lang='lat'><strong>3932</strong></span> <span class='ocrx_word' id='word_1_212' title='bbox 796 1481 983 1530; x_wconf 83' lang='lat' dir='ltr'><strong>quaeritur</strong></span> <span class='ocrx_word' id='word_1_213' title='bbox 1014 1494 1100 1518; x_wconf 87' lang='lat' dir='ltr'><strong>num</strong></span> <span class='ocrx_word' id='word_1_214' title='bbox 1133 1481 1240 1518; x_wconf 85' lang='lat' dir='ltr'><strong>etiam</strong></span> <span class='ocrx_word' id='word_1_215' title='bbox 1274 1484 1313 1528; x_wconf 86' lang='lat'><strong>2,</strong></span> <span class='ocrx_word' id='word_1_216' title='bbox 1336 1482 1412 1517; x_wconf 90' lang='grc'><strong>770</strong></span> <span class='ocrx_word' id='word_1_217' title='bbox 1445 1480 1584 1517; x_wconf 88' lang='lat' dir='ltr'><strong>intersit</strong></span> 
     </span>
     <span class='ocr_line' id='line_1_24' title="bbox 137 1541 1583 1592; baseline 0 -13"><span class='ocrx_word' id='word_1_218' title='bbox 137 1542 395 1591; x_wconf 83' lang='lat' dir='ltr'><strong>Farnesianis‚</strong></span> <span class='ocrx_word' id='word_1_219' title='bbox 427 1554 519 1592; x_wconf 90' lang='lat' dir='ltr'><strong>quos</strong></span> <span class='ocrx_word' id='word_1_220' title='bbox 549 1554 629 1578; x_wconf 90' lang='lat' dir='ltr'><strong>cum</strong></span> <span class='ocrx_word' id='word_1_221' title='bbox 656 1541 927 1579; x_wconf 83' lang='lat' dir='ltr'><strong>Zulichemiano</strong></span> <span class='ocrx_word' id='word_1_222' title='bbox 954 1554 1000 1579; x_wconf 88' lang='lat' dir='ltr'><strong>ex</strong></span> <span class='ocrx_word' id='word_1_223' title='bbox 1025 1543 1127 1580; x_wconf 83' lang='lat' dir='ltr'><strong>editis</strong></span> <span class='ocrx_word' id='word_1_224' title='bbox 1156 1542 1289 1579; x_wconf 86' lang='lat' dir='ltr'><strong>Heinsii</strong></span> <span class='ocrx_word' id='word_1_225' title='bbox 1316 1543 1583 1579; x_wconf 88' lang='lat' dir='ltr'><strong>commentariis</strong></span> 
     </span>
     <span class='ocr_line' id='line_1_25' title="bbox 136 1602 1584 1642; baseline -0.001 -1"><span class='ocrx_word' id='word_1_226' title='bbox 136 1602 294 1642; x_wconf 81' lang='lat' dir='ltr'><strong>subduxi</strong></span> <span class='ocrx_word' id='word_1_227' title='bbox 320 1603 366 1641; x_wconf 87' lang='lat' dir='ltr'><strong>de</strong></span> <span class='ocrx_word' id='word_1_228' title='bbox 392 1616 543 1641; x_wconf 90' lang='lat' dir='ltr'><strong>numero</strong></span> <span class='ocrx_word' id='word_1_229' title='bbox 581 1602 730 1641; x_wconf 81' lang='lat' dir='ltr'><strong>sedecim</strong></span> <span class='ocrx_word' id='word_1_230' title='bbox 762 1603 925 1640; x_wconf 86' lang='lat' dir='ltr'><strong>codicum</strong></span> <span class='ocrx_word' id='word_1_231' title='bbox 963 1605 1001 1640; x_wconf 90' lang='lat' dir='ltr'><strong>in</strong></span> <span class='ocrx_word' id='word_1_232' title='bbox 1036 1603 1177 1641; x_wconf 85' lang='lat' dir='ltr'><strong>schedis</strong></span> <span class='ocrx_word' id='word_1_233' title='bbox 1204 1616 1277 1640; x_wconf 91' lang='lat' dir='ltr'><strong>non</strong></span> <span class='ocrx_word' id='word_1_234' title='bbox 1304 1603 1584 1640; x_wconf 83' lang='lat' dir='ltr'><strong>nominatorum.</strong></span> 
     </span>
     <span class='ocr_line' id='line_1_26' title="bbox 139 1663 1586 1715; baseline -0.001 -12"><span class='ocrx_word' id='word_1_235' title='bbox 139 1666 336 1703; x_wconf 86' lang='lat' dir='ltr'><strong>Caeterum</strong></span> <span class='ocrx_word' id='word_1_236' title='bbox 363 1666 508 1702; x_wconf 87' lang='lat' dir='ltr'><strong>collatio</strong></span> <span class='ocrx_word' id='word_1_237' title='bbox 528 1671 745 1702; x_wconf 86' lang='lat' dir='ltr'><strong>tantumnon</strong></span> <span class='ocrx_word' id='word_1_238' title='bbox 770 1665 911 1714; x_wconf 83' lang='lat' dir='ltr'><strong>integra</strong></span> <span class='ocrx_word' id='word_1_239' title='bbox 938 1678 1128 1715; x_wconf 85' lang='lat' dir='ltr'><strong>superesse</strong></span> <span class='ocrx_word' id='word_1_240' title='bbox 1156 1665 1298 1702; x_wconf 84' lang='lat' dir='ltr'><strong>uidetur</strong></span> <span class='ocrx_word' id='word_1_241' title='bbox 1324 1663 1428 1701; x_wconf 87' lang='lat' dir='ltr'><strong>huius</strong></span> <span class='ocrx_word' id='word_1_242' title='bbox 1454 1663 1586 1702; x_wconf 78' lang='lat' dir='ltr'><strong>codicis</strong></span> 
     </span>
     <span class='ocr_line' id='line_1_27' title="bbox 136 1726 1586 1777; baseline -0.001 -13"><span class='ocrx_word' id='word_1_243' title='bbox 136 1733 176 1765; x_wconf 87' lang='lat' dir='ltr'><strong>et</strong></span> <span class='ocrx_word' id='word_1_244' title='bbox 205 1728 268 1777; x_wconf 88' lang='lat' dir='ltr'><strong>qui</strong></span> <span class='ocrx_word' id='word_1_245' title='bbox 300 1727 379 1764; x_wconf 87' lang='lat' dir='ltr'><strong>fere</strong></span> <span class='ocrx_word' id='word_1_246' title='bbox 405 1727 540 1777; x_wconf 84' lang='lat' dir='ltr'><strong>ubique</strong></span> <span class='ocrx_word' id='word_1_247' title='bbox 576 1739 656 1762; x_wconf 90' lang='lat' dir='ltr'><strong>cum</strong></span> <span class='ocrx_word' id='word_1_248' title='bbox 691 1738 735 1763; x_wconf 92' lang='lat' dir='ltr'><strong>eo</strong></span> <span class='ocrx_word' id='word_1_249' title='bbox 761 1727 941 1763; x_wconf 84' lang='lat' dir='ltr'><strong>consentit</strong></span> <span class='ocrx_word' id='word_1_250' title='bbox 966 1726 1191 1762; x_wconf 87' lang='lat' dir='ltr'><strong>Ambrosiani</strong></span> <span class='ocrx_word' id='word_1_251' title='bbox 1226 1727 1350 1776; x_wconf 88' lang='lat' dir='ltr'><strong>primi,</strong></span> <span class='ocrx_word' id='word_1_252' title='bbox 1377 1728 1449 1774; x_wconf 90' lang='lat'><strong>20,</strong></span> <span class='ocrx_word' id='word_1_253' title='bbox 1478 1737 1586 1775; x_wconf 90' lang='lat' dir='ltr'><strong>quem</strong></span> 
     </span>
     <span class='ocr_line' id='line_1_28' title="bbox 137 1787 1587 1837; baseline 0 -12"><span class='ocrx_word' id='word_1_254' title='bbox 137 1789 372 1826; x_wconf 86' lang='lat' dir='ltr'><strong>uetustiorem</strong></span> <span class='ocrx_word' id='word_1_255' title='bbox 390 1799 468 1825; x_wconf 90' lang='lat' dir='ltr'><strong>esse</strong></span> <span class='ocrx_word' id='word_1_256' title='bbox 487 1787 618 1837; x_wconf 86' lang='lat' dir='ltr'><strong>colligo</strong></span> <span class='ocrx_word' id='word_1_257' title='bbox 636 1799 681 1824; x_wconf 84' lang='lat' dir='ltr'><strong>ex</strong></span> <span class='ocrx_word' id='word_1_258' title='bbox 701 1791 741 1836; x_wconf 89' lang='lat'><strong>2,</strong></span> <span class='ocrx_word' id='word_1_259' title='bbox 758 1788 845 1825; x_wconf 81' lang='lat'><strong>597.</strong></span> <span class='ocrx_word' id='word_1_260' title='bbox 891 1788 1065 1824; x_wconf 82' lang='lat' dir='ltr'><strong>Neutrius</strong></span> <span class='ocrx_word' id='word_1_261' title='bbox 1092 1799 1262 1836; x_wconf 83' lang='lat' dir='ltr'><strong>magnum</strong></span> <span class='ocrx_word' id='word_1_262' title='bbox 1288 1787 1425 1824; x_wconf 87' lang='lat' dir='ltr'><strong>senium</strong></span> <span class='ocrx_word' id='word_1_263' title='bbox 1451 1800 1587 1837; x_wconf 86' lang='lat' dir='ltr'><strong>coguo-</strong></span> 
     </span>
     <span class='ocr_line' id='line_1_29' title="bbox 136 1849 1587 1899; baseline 0 -14"><span class='ocrx_word' id='word_1_264' title='bbox 136 1849 249 1886; x_wconf 84' lang='lat' dir='ltr'><strong>scitur</strong></span> <span class='ocrx_word' id='word_1_265' title='bbox 283 1861 329 1887; x_wconf 85' lang='lat' dir='ltr'><strong>ex</strong></span> <span class='ocrx_word' id='word_1_266' title='bbox 363 1861 435 1898; x_wconf 87' lang='lat' dir='ltr'><strong>eo,</strong></span> <span class='ocrx_word' id='word_1_267' title='bbox 469 1849 568 1899; x_wconf 87' lang='lat' dir='ltr'><strong>quod</strong></span> <span class='ocrx_word' id='word_1_268' title='bbox 597 1849 762 1886; x_wconf 85' lang='lat' dir='ltr'><strong>Heinsius</strong></span> <span class='ocrx_word' id='word_1_269' title='bbox 789 1850 828 1897; x_wconf 79' lang='lat'><strong>5,</strong></span> <span class='ocrx_word' id='word_1_270' title='bbox 847 1850 921 1885; x_wconf 81' lang='lat'><strong>521</strong></span> <span class='ocrx_word' id='word_1_271' title='bbox 958 1849 1144 1898; x_wconf 85' lang='lat' dir='ltr'><strong>utriusque</strong></span> <span class='ocrx_word' id='word_1_272' title='bbox 1180 1861 1324 1885; x_wconf 84' lang='lat' dir='ltr'><strong>manum</strong></span> <span class='ocrx_word' id='word_1_273' title='bbox 1357 1850 1516 1886; x_wconf 87' lang='lat' dir='ltr'><strong>imitatus</strong></span> <span class='ocrx_word' id='word_1_274' title='bbox 1549 1850 1587 1885; x_wconf 87' lang='lat' dir='ltr'><strong>iu</strong></span> 
     </span>
     <span class='ocr_line' id='line_1_30' title="bbox 135 1911 1588 1961; baseline 0 -14"><span class='ocrx_word' id='word_1_275' title='bbox 135 1923 282 1949; x_wconf 78' lang='lat' dir='ltr'><strong>mensae</strong></span> <span class='ocrx_word' id='word_1_276' title='bbox 307 1911 462 1948; x_wconf 83' lang='lat' dir='ltr'><strong>litteram</strong></span> <span class='ocrx_word' id='word_1_277' title='bbox 487 1923 506 1948; x_wconf 80' lang='lat' dir='ltr'><strong>e</strong></span> <span class='ocrx_word' id='word_1_278' title='bbox 531 1923 613 1947; x_wconf 87' lang='lat' dir='ltr'><strong>cum</strong></span> <span class='ocrx_word' id='word_1_279' title='bbox 641 1911 783 1960; x_wconf 79' lang='lat' dir='ltr'><strong>uirgula</strong></span> <span class='ocrx_word' id='word_1_280' title='bbox 808 1924 877 1960; x_wconf 86' lang='lat' dir='ltr'><strong>pro</strong></span> <span class='ocrx_word' id='word_1_281' title='bbox 904 1911 1132 1961; x_wconf 84' lang='lat' dir='ltr'><strong>diphthongo</strong></span> <span class='ocrx_word' id='word_1_282' title='bbox 1159 1912 1314 1961; x_wconf 88' lang='lat' dir='ltr'><strong>scripsit.</strong></span> <span class='ocrx_word' id='word_1_283' title='bbox 1368 1911 1404 1947; x_wconf 89' lang='lat' dir='ltr'>T</span> <span class='ocrx_word' id='word_1_284' title='bbox 1406 1922 1511 1956; x_wconf 71' lang='lat' dir='ltr'><strong>amen</strong></span> <span class='ocrx_word' id='word_1_285' title='bbox 1541 1911 1588 1947; x_wconf 89' lang='lat' dir='ltr'><strong>ab</strong></span> 
     </span>
     <span class='ocr_line' id='line_1_31' title="bbox 137 1970 1587 2021; baseline 0 -12"><span class='ocrx_word' id='word_1_286' title='bbox 137 1971 267 2009; x_wconf 88' lang='lat' dir='ltr'><strong>eodem</strong></span> <span class='ocrx_word' id='word_1_287' title='bbox 292 1970 398 2009; x_wconf 84' lang='lat' dir='ltr'><strong>Laeti</strong></span> <span class='ocrx_word' id='word_1_288' title='bbox 425 1972 541 2009; x_wconf 85' lang='lat' dir='ltr'><strong>codex</strong></span> <span class='ocrx_word' id='word_1_289' title='bbox 567 1976 606 2019; x_wconf 82' lang='lat'><strong>2,</strong></span> <span class='ocrx_word' id='word_1_290' title='bbox 621 1973 695 2008; x_wconf 82' lang='lat'><strong>807</strong></span> <span class='ocrx_word' id='word_1_291' title='bbox 722 1974 832 2019; x_wconf 80' lang='lat'>(809)</span> <span class='ocrx_word' id='word_1_292' title='bbox 861 1974 1020 2021; x_wconf 70' lang='lat' dir='ltr'><strong>optimas</strong></span> <span class='ocrx_word' id='word_1_293' title='bbox 1046 1972 1176 2009; x_wconf 81' lang='lat' dir='ltr'><strong>dicitur</strong></span> <span class='ocrx_word' id='word_1_294' title='bbox 1210 1981 1246 2009; x_wconf 89' lang='lat' dir='ltr'><strong>et</strong></span> <span class='ocrx_word' id='word_1_295' title='bbox 1280 1973 1326 2009; x_wconf 89' lang='lat' dir='ltr'><strong>de</strong></span> <span class='ocrx_word' id='word_1_296' title='bbox 1351 1972 1587 2009; x_wconf 84' lang='lat' dir='ltr'><strong>Ambrosiano</strong></span> 
     </span>
     <span class='ocr_line' id='line_1_32' title="bbox 136 2032 1587 2084; baseline 0.001 -14"><span class='ocrx_word' id='word_1_297' title='bbox 136 2032 222 2081; x_wconf 88' lang='lat' dir='ltr'><strong>hoc,</strong></span> <span class='ocrx_word' id='word_1_298' title='bbox 248 2039 290 2070; x_wconf 94' lang='lat' dir='ltr'><strong>ut</strong></span> <span class='ocrx_word' id='word_1_299' title='bbox 316 2039 421 2082; x_wconf 87' lang='lat' dir='ltr'><strong>puto,</strong></span> <span class='ocrx_word' id='word_1_300' title='bbox 448 2033 484 2069; x_wconf 89' lang='lat' dir='ltr'><strong>in</strong></span> <span class='ocrx_word' id='word_1_301' title='bbox 511 2034 618 2083; x_wconf 87' lang='lat' dir='ltr'><strong>epist.</strong></span> <span class='ocrx_word' id='word_1_302' title='bbox 647 2032 694 2069; x_wconf 82' lang='lat' dir='ltr'><strong>ad</strong></span> <span class='ocrx_word' id='word_1_303' title='bbox 722 2034 888 2072; x_wconf 83' lang='lat' dir='ltr'><strong>Gronou.</strong></span> <span class='ocrx_word' id='word_1_304' title='bbox 917 2048 955 2084; x_wconf 86' lang='lat' dir='ltr'><strong>p.</strong></span> <span class='ocrx_word' id='word_1_305' title='bbox 975 2037 1047 2072; x_wconf 85' lang='grc'><strong>197</strong></span> <span class='ocrx_word' id='word_1_306' title='bbox 1074 2036 1123 2071; x_wconf 86' lang='lat' dir='ltr'><strong>ita</strong></span> <span class='ocrx_word' id='word_1_307' title='bbox 1149 2033 1337 2072; x_wconf 68' lang='lat' dir='ltr'><strong>scribitur-i</strong></span> <span class='ocrx_word' id='word_1_308' title='bbox 1359 2037 1404 2072; x_wconf 85' lang='lat' dir='ltr'><strong>In</strong></span> <span class='ocrx_word' id='word_1_309' title='bbox 1430 2033 1587 2072; x_wconf 80' lang='lat' dir='ltr'><strong>Ambro-</strong></span> 
     </span>
     <span class='ocr_line' id='line_1_33' title="bbox 137 2092 1586 2146; baseline 0.001 -15"><span class='ocrx_word' id='word_1_310' title='bbox 137 2095 248 2131; x_wconf 71' lang='lat' dir='ltr'><strong>sinna</strong></span> <span class='ocrx_word' id='word_1_311' title='bbox 273 2092 483 2131; x_wconf 71' lang='lat' dir='ltr'><strong>bibliotheca</strong></span> <span class='ocrx_word' id='word_1_312' title='bbox 509 2117 557 2124; x_wconf 88' lang='lat'><strong>--—</strong></span> <span class='ocrx_word' id='word_1_313' title='bbox 587 2094 676 2132; x_wconf 81' lang='lat' dir='ltr'><strong>duos</strong></span> <span class='ocrx_word' id='word_1_314' title='bbox 701 2094 886 2141; x_wconf 78' lang='lat' dir='ltr'><strong>fastorum</strong></span> <span class='ocrx_word' id='word_1_315' title='bbox 912 2096 1022 2134; x_wconf 79' lang='lat' dir='ltr'><strong>libros</strong></span> <span class='ocrx_word' id='word_1_316' title='bbox 1048 2098 1125 2134; x_wconf 81' lang='lat' dir='ltr'><strong>iam</strong></span> <span class='ocrx_word' id='word_1_317' title='bbox 1150 2097 1279 2142; x_wconf 78' lang='lat' dir='ltr'><strong>euolui,</strong></span> <span class='ocrx_word' id='word_1_318' title='bbox 1307 2109 1455 2146; x_wconf 78' lang='lat' dir='ltr'><strong>quorum</strong></span> <span class='ocrx_word' id='word_1_319' title='bbox 1473 2095 1586 2133; x_wconf 79' lang='lat' dir='ltr'><strong>altero</strong></span> 
     </span>
     <span class='ocr_line' id='line_1_34' title="bbox 135 2155 1586 2208; baseline -0.001 -15"><span class='ocrx_word' id='word_1_320' title='bbox 135 2157 205 2193; x_wconf 77' lang='lat' dir='ltr'><strong>uix</strong></span> <span class='ocrx_word' id='word_1_321' title='bbox 223 2155 301 2192; x_wconf 73' lang='lat' dir='ltr'><strong>uidi</strong></span> <span class='ocrx_word' id='word_1_322' title='bbox 318 2155 510 2200; x_wconf 78' lang='lat' dir='ltr'><strong>meliorem,</strong></span> <span class='ocrx_word' id='word_1_323' title='bbox 537 2157 570 2192; x_wconf 85' lang='lat' dir='ltr'><strong>si</strong></span> <span class='ocrx_word' id='word_1_324' title='bbox 596 2156 686 2193; x_wconf 86' lang='lat' dir='ltr'><strong>‹luos</strong></span> <span class='ocrx_word' id='word_1_325' title='bbox 712 2162 829 2195; x_wconf 78' lang='lat' dir='ltr'><strong>tresue</strong></span> <span class='ocrx_word' id='word_1_326' title='bbox 855 2161 1032 2208; x_wconf 67' lang='lat' dir='ltr'><strong>excipias,</strong></span> <span class='ocrx_word' id='word_1_327' title='bbox 1059 2164 1099 2195; x_wconf 78' lang='lat' dir='ltr'><strong>ut</strong></span> <span class='ocrx_word' id='word_1_328' title='bbox 1126 2159 1315 2196; x_wconf 75' lang='lat' dir='ltr'><strong>dolendum</strong></span> <span class='ocrx_word' id='word_1_329' title='bbox 1338 2161 1387 2196; x_wconf 79' lang='lat' dir='ltr'><strong>sit</strong></span> <span class='ocrx_word' id='word_1_330' title='bbox 1412 2159 1586 2204; x_wconf 73' lang='lat' dir='ltr'><strong>inteyrum</strong></span> 
     </span>
     <span class='ocr_line' id='line_1_35' title="bbox 138 2217 1584 2270; baseline -0.001 -16"><span class='ocrx_word' id='word_1_331' title='bbox 138 2229 210 2255; x_wconf 77' lang='lat' dir='ltr'><strong>non</strong></span> <span class='ocrx_word' id='word_1_332' title='bbox 237 2230 326 2255; x_wconf 79' lang='lat' dir='ltr'><strong>esse.</strong></span> <span class='ocrx_word' id='word_1_333' title='bbox 379 2220 629 2256; x_wconf 83' lang='lat' dir='ltr'><strong>Possessorem</strong></span> <span class='ocrx_word' id='word_1_334' title='bbox 655 2218 783 2257; x_wconf 73' lang='lat' dir='ltr'><strong>habuit</strong></span> <span class='ocrx_word' id='word_1_335' title='bbox 814 2233 988 2270; x_wconf 67' lang='lat' dir='ltr'><strong>massaum</strong></span> <span class='ocrx_word' id='word_1_336' title='bbox 1013 2221 1115 2258; x_wconf 80' lang='lat' dir='ltr'><strong>illum</strong></span> <span class='ocrx_word' id='word_1_337' title='bbox 1145 2221 1369 2257; x_wconf 81' lang='lat' dir='ltr'><strong>Vincentium</strong></span> <span class='ocrx_word' id='word_1_338' title='bbox 1393 2217 1584 2267; x_wconf 63' lang='lat' dir='ltr'><strong>Entellum,</strong></span> 
     </span>
     <span class='ocr_line' id='line_1_36' title="bbox 139 2278 1586 2331; baseline 0.001 -16"><span class='ocrx_word' id='word_1_339' title='bbox 139 2281 242 2316; x_wconf 70' lang='lat' dir='ltr'><strong>cuius</strong></span> <span class='ocrx_word' id='word_1_340' title='bbox 266 2279 350 2316; x_wconf 77' lang='lat' dir='ltr'><strong>libri</strong></span> <span class='ocrx_word' id='word_1_341' title='bbox 377 2291 500 2316; x_wconf 83' lang='lat' dir='ltr'><strong>omnes</strong></span> <span class='ocrx_word' id='word_1_342' title='bbox 525 2291 571 2316; x_wconf 78' lang='lat' dir='ltr'><strong>ex</strong></span> <span class='ocrx_word' id='word_1_343' title='bbox 597 2280 793 2329; x_wconf 73' lang='lat' dir='ltr'><strong>naufrayio</strong></span> <span class='ocrx_word' id='word_1_344' title='bbox 820 2281 948 2331; x_wconf 78' lang='lat' dir='ltr'><strong>reliqui</strong></span> <span class='ocrx_word' id='word_1_345' title='bbox 974 2294 997 2319; x_wconf 87' lang='lat' dir='ltr'><strong><em>a</em></strong></span> <span class='ocrx_word' id='word_1_346' title='bbox 1023 2281 1203 2320; x_wconf 75' lang='lat' dir='ltr'><strong>cardinali</strong></span> <span class='ocrx_word' id='word_1_347' title='bbox 1223 2284 1414 2319; x_wconf 78' lang='lat' dir='ltr'><strong>Borromeo</strong></span> <span class='ocrx_word' id='word_1_348' title='bbox 1438 2278 1586 2317; x_wconf 76' lang='lat' dir='ltr'><strong>redemti</strong></span> 
     </span>
     <span class='ocr_line' id='line_1_37' title="bbox 138 2340 1586 2380; baseline 0.001 -4"><span class='ocrx_word' id='word_1_349' title='bbox 138 2344 236 2377; x_wconf 78' lang='lat' dir='ltr'><strong>sunt.</strong></span> <span class='ocrx_word' id='word_1_350' title='bbox 279 2341 326 2376; x_wconf 86' lang='lat' dir='ltr'><strong>Hi</strong></span> <span class='ocrx_word' id='word_1_351' title='bbox 353 2340 426 2378; x_wconf 86' lang='lat' dir='ltr'><strong>duo</strong></span> <span class='ocrx_word' id='word_1_352' title='bbox 453 2341 534 2377; x_wconf 86' lang='lat' dir='ltr'><strong>libri</strong></span> <span class='ocrx_word' id='word_1_353' title='bbox 560 2354 642 2379; x_wconf 88' lang='lat' dir='ltr'><strong>cum</strong></span> <span class='ocrx_word' id='word_1_354' title='bbox 667 2342 829 2380; x_wconf 87' lang='lat' dir='ltr'><strong>secundo</strong></span> <span class='ocrx_word' id='word_1_355' title='bbox 857 2343 1022 2380; x_wconf 82' lang='lat' dir='ltr'><strong>Mediceo</strong></span> <span class='ocrx_word' id='word_1_356' title='bbox 1048 2344 1141 2380; x_wconf 88' lang='lat' dir='ltr'><strong>adeo</strong></span> <span class='ocrx_word' id='word_1_357' title='bbox 1167 2351 1251 2380; x_wconf 89' lang='lat' dir='ltr'><strong>sunt</strong></span> <span class='ocrx_word' id='word_1_358' title='bbox 1276 2342 1424 2380; x_wconf 89' lang='lat' dir='ltr'><strong>subdole</strong></span> <span class='ocrx_word' id='word_1_359' title='bbox 1451 2349 1487 2378; x_wconf 91' lang='lat' dir='ltr'><strong>et</strong></span> <span class='ocrx_word' id='word_1_360' title='bbox 1512 2343 1586 2378; x_wconf 86' lang='lat' dir='ltr'><strong>ele·</strong></span> 
     </span>
     <span class='ocr_line' id='line_1_38' title="bbox 140 2402 1586 2454; baseline 0.003 -18"><span class='ocrx_word' id='word_1_361' title='bbox 140 2406 268 2450; x_wconf 85' lang='lat' dir='ltr'><strong>gauter</strong></span> <span class='ocrx_word' id='word_1_362' title='bbox 291 2402 501 2454; x_wconf 82' lang='lat' dir='ltr'><strong>interpolati</strong></span> <span class='ocrx_word' id='word_1_363' title='bbox 529 2409 568 2440; x_wconf 89' lang='lat' dir='ltr'><strong>ut</strong></span> <span class='ocrx_word' id='word_1_364' title='bbox 594 2403 702 2440; x_wconf 86' lang='lat' dir='ltr'><strong>fidem</strong></span> <span class='ocrx_word' id='word_1_365' title='bbox 730 2417 777 2442; x_wconf 91' lang='lat' dir='ltr'><strong>ne</strong></span> <span class='ocrx_word' id='word_1_366' title='bbox 803 2411 880 2442; x_wconf 87' lang='lat' dir='ltr'><strong>tum</strong></span> <span class='ocrx_word' id='word_1_367' title='bbox 907 2404 1054 2454; x_wconf 88' lang='lat' dir='ltr'><strong>quidem</strong></span> <span class='ocrx_word' id='word_1_368' title='bbox 1078 2412 1286 2442; x_wconf 84' lang='lat' dir='ltr'><strong>mereantur</strong></span> <span class='ocrx_word' id='word_1_369' title='bbox 1309 2416 1391 2440; x_wconf 89' lang='lat' dir='ltr'><strong>cum</strong></span> <span class='ocrx_word' id='word_1_370' title='bbox 1417 2404 1586 2453; x_wconf 80' lang='lat' dir='ltr'><strong>probabi-</strong></span> 
     </span>
     <span class='ocr_line' id='line_1_39' title="bbox 139 2462 1586 2515; baseline 0.003 -17"><span class='ocrx_word' id='word_1_371' title='bbox 139 2462 192 2499; x_wconf 86' lang='lat' dir='ltr'><strong>les</strong></span> <span class='ocrx_word' id='word_1_372' title='bbox 217 2463 412 2512; x_wconf 73' lang='lat' dir='ltr'><strong>scripturas</strong></span> <span class='ocrx_word' id='word_1_373' title='bbox 443 2464 594 2513; x_wconf 82' lang='lat' dir='ltr'><strong>habent,</strong></span> <span class='ocrx_word' id='word_1_374' title='bbox 622 2466 723 2502; x_wconf 88' lang='lat' dir='ltr'><strong>uelut</strong></span> <span class='ocrx_word' id='word_1_375' title='bbox 748 2467 783 2503; x_wconf 90' lang='lat' dir='ltr'><strong>in</strong></span> <span class='ocrx_word' id='word_1_376' title='bbox 814 2470 862 2503; x_wconf 88' lang='lat'><strong>12</strong></span> <span class='ocrx_word' id='word_1_377' title='bbox 873 2469 925 2503; x_wconf 90' lang='grc'><strong>20</strong></span> <span class='ocrx_word' id='word_1_378' title='bbox 950 2473 1004 2504; x_wconf 89' lang='lat' dir='ltr'><strong>est</strong></span> <span class='ocrx_word' id='word_1_379' title='bbox 1030 2469 1069 2515; x_wconf 86' lang='lat'><strong>6,</strong></span> <span class='ocrx_word' id='word_1_380' title='bbox 1087 2469 1160 2503; x_wconf 79' lang='lat'><strong>432</strong></span> <span class='ocrx_word' id='word_1_381' title='bbox 1185 2465 1296 2502; x_wconf 78' lang='lat' dir='ltr'><strong>aditis</strong></span> <span class='ocrx_word' id='word_1_382' title='bbox 1321 2472 1358 2502; x_wconf 89' lang='lat' dir='ltr'><strong>et</strong></span> <span class='ocrx_word' id='word_1_383' title='bbox 1384 2466 1418 2502; x_wconf 88' lang='lat' dir='ltr'><strong>in</strong></span> <span class='ocrx_word' id='word_1_384' title='bbox 1441 2469 1485 2502; x_wconf 85' lang='lat'><strong>11</strong></span> <span class='ocrx_word' id='word_1_385' title='bbox 1505 2478 1586 2502; x_wconf 87' lang='lat' dir='ltr'><strong>cum</strong></span> 
     </span>
     <span class='ocr_line' id='line_1_40' title="bbox 140 2523 1587 2578; baseline 0.003 -19"><span class='ocrx_word' id='word_1_386' title='bbox 140 2523 222 2560; x_wconf 85' lang='lat' dir='ltr'><strong>Vrs.</strong></span> <span class='ocrx_word' id='word_1_387' title='bbox 252 2527 289 2570; x_wconf 86' lang='lat' dir='ltr'><strong>l,</strong></span> <span class='ocrx_word' id='word_1_388' title='bbox 311 2525 335 2560; x_wconf 88' lang='grc'>6</span> <span class='ocrx_word' id='word_1_389' title='bbox 363 2528 419 2562; x_wconf 83' lang='lat' dir='ltr'><strong>En</strong></span> <span class='ocrx_word' id='word_1_390' title='bbox 447 2526 531 2572; x_wconf 78' lang='lat' dir='ltr'><strong>tibi,</strong></span> <span class='ocrx_word' id='word_1_391' title='bbox 566 2526 601 2563; x_wconf 86' lang='lat' dir='ltr'><strong>h.</strong></span> <span class='ocrx_word' id='word_1_392' title='bbox 630 2539 662 2564; x_wconf 87' lang='lat' dir='ltr'><strong>e.</strong></span> <span class='ocrx_word' id='word_1_393' title='bbox 689 2530 736 2565; x_wconf 75' lang='lat' dir='ltr'><strong>In</strong></span> <span class='ocrx_word' id='word_1_394' title='bbox 762 2528 840 2567; x_wconf 79' lang='lat' dir='ltr'><strong>tibi.</strong></span> <span class='ocrx_word' id='word_1_395' title='bbox 894 2529 1089 2568; x_wconf 86' lang='lat' dir='ltr'><strong>Caeterum</strong></span> <span class='ocrx_word' id='word_1_396' title='bbox 1119 2539 1190 2564; x_wconf 89' lang='lat' dir='ltr'><strong>non</strong></span> <span class='ocrx_word' id='word_1_397' title='bbox 1218 2527 1254 2563; x_wconf 86' lang='lat' dir='ltr'><strong>in</strong></span> <span class='ocrx_word' id='word_1_398' title='bbox 1292 2528 1478 2578; x_wconf 87' lang='lat' dir='ltr'><strong>scripturis</strong></span> <span class='ocrx_word' id='word_1_399' title='bbox 1502 2528 1587 2577; x_wconf 86' lang='lat' dir='ltr'><strong>ipsis</strong></span> 
     </span>
     <span class='ocr_line' id='line_1_41' title="bbox 139 2586 1586 2640; baseline 0.003 -19"><span class='ocrx_word' id='word_1_400' title='bbox 139 2586 382 2633; x_wconf 86' lang='lat' dir='ltr'><strong>consentiunt,</strong></span> <span class='ocrx_word' id='word_1_401' title='bbox 409 2587 473 2624; x_wconf 85' lang='lat' dir='ltr'><strong>sed</strong></span> <span class='ocrx_word' id='word_1_402' title='bbox 499 2590 535 2625; x_wconf 85' lang='lat' dir='ltr'><strong>in</strong></span> <span class='ocrx_word' id='word_1_403' title='bbox 563 2589 701 2626; x_wconf 82' lang='lat' dir='ltr'><strong>artificii</strong></span> <span class='ocrx_word' id='word_1_404' title='bbox 727 2602 874 2640; x_wconf 84' lang='lat' dir='ltr'><strong>genere.</strong></span> <span class='ocrx_word' id='word_1_405' title='bbox 926 2591 1007 2627; x_wconf 87' lang='lat' dir='ltr'><strong>Hoc</strong></span> <span class='ocrx_word' id='word_1_406' title='bbox 1024 2589 1226 2627; x_wconf 84' lang='lat' dir='ltr'><strong>aestimabis</strong></span> <span class='ocrx_word' id='word_1_407' title='bbox 1247 2601 1292 2625; x_wconf 80' lang='lat' dir='ltr'><strong>ex</strong></span> <span class='ocrx_word' id='word_1_408' title='bbox 1311 2602 1370 2638; x_wconf 82' lang='lat' dir='ltr'><strong>eo,</strong></span> <span class='ocrx_word' id='word_1_409' title='bbox 1397 2589 1497 2640; x_wconf 89' lang='lat' dir='ltr'><strong>quod</strong></span> <span class='ocrx_word' id='word_1_410' title='bbox 1521 2590 1586 2626; x_wconf 88' lang='lat' dir='ltr'><strong>im·-</strong></span> 
     </span>
     <span class='ocr_line' id='line_1_42' title="bbox 139 2646 1585 2704; baseline 0.003 -21"><span class='ocrx_word' id='word_1_411' title='bbox 139 2646 320 2696; x_wconf 84' lang='lat' dir='ltr'><strong>pudenter</strong></span> <span class='ocrx_word' id='word_1_412' title='bbox 354 2655 532 2687; x_wconf 81' lang='lat' dir='ltr'><strong>mutatum</strong></span> <span class='ocrx_word' id='word_1_413' title='bbox 566 2651 603 2687; x_wconf 89' lang='lat' dir='ltr'><strong>in</strong></span> <span class='ocrx_word' id='word_1_414' title='bbox 629 2652 794 2691; x_wconf 85' lang='lat' dir='ltr'><strong>Mediceo</strong></span> <span class='ocrx_word' id='word_1_415' title='bbox 821 2658 877 2691; x_wconf 88' lang='lat' dir='ltr'><strong>est</strong></span> <span class='ocrx_word' id='word_1_416' title='bbox 905 2657 942 2702; x_wconf 84' lang='lat'><strong>1,</strong></span> <span class='ocrx_word' id='word_1_417' title='bbox 960 2654 1027 2691; x_wconf 79' lang='lat'><strong>44:</strong></span> <span class='ocrx_word' id='word_1_418' title='bbox 1060 2653 1326 2702; x_wconf 71' lang='lat' dir='ltr'><strong>opposuitque,</strong></span> <span class='ocrx_word' id='word_1_419' title='bbox 1361 2652 1446 2691; x_wconf 85' lang='lat' dir='ltr'><strong>uide</strong></span> <span class='ocrx_word' id='word_1_420' title='bbox 1477 2662 1585 2704; x_wconf 84' lang='lat' dir='ltr'><strong>supra</strong></span> 
     </span>
    </p>
   </div>
  </div>
 </body>
</html>
