1685 2954
534 61 662 94 CODD.
691 60 978 95 turnut’omrt
1279 60 1486 93 CCLXXXV

39 177 141 209 mero
166 166 192 204 8
217 164 341 204 notaui
366 162 547 214 ascriptis,
575 164 637 202 ubi
664 162 934 213 discrepabant,
961 162 1183 201 auctoribus.
1231 160 1415 200 Numerus
1434 164 1485 200 33

39 241 85 266 ea
109 229 146 266 in
172 234 277 279 parte
302 225 541 265 annotationis
566 225 743 275 significat
764 225 921 276 primum
946 236 990 262 ex
1006 224 1192 262 Vaticanis
1204 216 1354 273 ⁴reliquis
1373 224 1486 261 Hein-

38 291 81 328 sii
107 291 168 327 uel
193 289 349 328 Ciofani.
400 286 491 324 Inde
515 298 538 323 a
563 289 602 334 3,
622 288 693 323 241
722 286 769 324 ad
804 286 913 323 finem
947 299 1099 323 numero
1124 289 1150 323 8
1175 285 1329 323 indicaui
1353 285 1485 322 librum

39 352 270 390 Vrsinianum
306 347 473 395 Gasani,
507 359 659 384 numero
685 350 733 383 33
760 347 992 385 Vrsinianum
1019 348 1166 386 Heinsii.
1223 348 1317 384 Hinc
1350 347 1487 384 incom-

39 414 187 451 modum
214 411 373 450 nascitur
392 408 476 457 hoc,
501 407 600 459 quod
626 409 693 445 sub
720 409 763 445 iis
789 410 946 447 numeris
971 410 1150 459 scriptura
1173 409 1218 445 ab
1242 408 1388 445 Heinsio
1412 414 1487 446 tra-

39 476 118 513 dita
144 475 278 524 ubique
297 472 512 510 examussim
536 470 755 515 inuenietur,
781 471 846 508 sed
874 477 994 508 tamen
1021 471 1102 507 sciri
1128 471 1192 507 nisi
1217 471 1379 521 inspecto
1401 470 1488 507 Cio-

39 537 115 574 sani
141 534 399 573 commentario
425 546 498 571 non
525 532 674 583 poterit,
701 544 783 568 cum
810 534 844 569 in
874 539 978 583 parte
1004 532 1115 583 priori
1139 534 1163 569 8
1189 532 1303 579 adest,
1333 545 1417 569 num
1442 544 1488 570 ea

39 599 225 646 utriusque
244 595 427 633 Vrsiniani
453 595 498 631 sit
524 594 719 644 scriptura,
746 602 783 631 et
810 607 891 631 cum
917 595 953 631 in
980 600 1085 644 parte
1104 594 1292 644 posteriori
1313 597 1373 638 33,
1400 607 1487 632 num

36 658 215 696 indicetur
240 663 389 708 praeter
405 656 634 694 Vrsinianum
659 657 794 693 Heinsii
819 657 924 693 simul
950 656 1086 706 primus
1108 655 1303 692 Vaticanus
1329 654 1489 703 Ciosani‚

37 732 154 770 quem·
180 726 304 756 tamen
340 718 451 756 credo
481 730 658 769 nusquam
692 718 798 754 simul
832 717 991 754 disertim
1018 716 1303 753 commemorari.
1355 715 1487 753 Facilis

37 787 94 819 est
117 782 222 818 labor
247 782 414 818 beneuoli
440 782 598 827 lectoris,
624 780 687 829 qui
711 778 855 816 Ciosani
873 778 1122 815 Sulmonensis
1147 777 1487 816 commentariorum

38 842 198 880 editione
216 842 447 879 Flaminiana
474 847 609 890 utetur,
638 841 728 878 haec
748 851 1025 888 recognoscere:
1053 839 1138 875 mihi
1157 838 1205 875 ad
1224 851 1369 876 manum
1392 853 1488 878 nunc

38 916 112 942 non
138 909 235 941 sunt.
287 904 427 941 Fateor
461 903 558 940 malo
590 903 709 940 omine
740 914 799 938 me
824 900 1000 937 accedere
1026 899 1073 936 ad
1100 901 1414 949 quaestiunculam
1440 902 1489 940 de

38 965 319 1015 interpolatione
344 964 449 1002 huius
478 964 661 1009 carminis,
689 973 784 1011 quae
808 961 900 997 libro
927 961 1149 1011 potissimum
1177 960 1373 1000 Vrsiniano
1400 976 1488 1001 con-

38 1027 186 1064 tinetur.
237 1027 315 1063 Sed
341 1033 461 1063 tamen
486 1030 586 1062 teneo
611 1029 646 1061 te
669 1021 824 1070 Africa!
856 1023 972 1060 Error
1005 1023 1066 1061 ille
1090 1035 1192 1061 meus
1218 1029 1324 1061 natus
1349 1024 1418 1062 suit
1442 1037 1489 1064 ex
1529 1041 1534 1044 ⁴

39 1089 242 1138 suspicione
268 1088 454 1125 Heinsium
482 1087 679 1137 scripturas
705 1097 796 1136 quas
831 1086 867 1122 in
898 1084 1040 1123 schedis
1072 1087 1182 1135 primi
1211 1087 1382 1124 Vaticani
1407 1099 1488 1126 esse

38 1149 249 1200 perscripsit
269 1148 364 1186 falso
385 1149 549 1185 tribuisse
576 1145 669 1184 libro
696 1148 748 1185 illi
776 1148 1016 1185 uetustissimo
1037 1147 1255 1185 Cassinensi.
1294 1148 1487 1198 ignoscent

38 1210 160 1260 magni
194 1210 261 1247 uiri
295 1221 419 1247 manes
444 1210 607 1247 ueritatis
642 1209 770 1247 audaci
801 1209 966 1247 fortassis
996 1210 1200 1258 interdum,
1232 1216 1272 1248 ut
1301 1211 1379 1261 ipse
1404 1211 1485 1261 fuit,

39 1271 193 1310 candido
219 1277 341 1310 tamen
367 1271 584 1322 indagaturi.
630 1271 731 1309 Libri
750 1271 974 1309 Cassinensis
993 1272 1023 1308 si
1046 1273 1092 1310 ab
1111 1272 1258 1310 Heinsio
1284 1273 1487 1324 scripturae

41 1333 248 1378 traduntur,
274 1339 403 1384 estque
427 1333 456 1370 is
483 1333 574 1371 liber
598 1332 799 1371 Petauiano
826 1339 947 1371 aetate
971 1345 1040 1384 par
1064 1340 1130 1370 aut
1152 1334 1340 1384 superior,
1369 1341 1486 1374 totum

39 1407 158 1446 prope
175 1396 262 1432 artis
280 1395 427 1432 criticae
446 1395 482 1431 in
510 1393 581 1431 hoc
599 1397 759 1433 carmine
776 1395 965 1433 discrimen
986 1402 1152 1433 uersatur
1176 1395 1213 1432 in
1239 1397 1486 1448 expendendis

40 1457 94 1495 liis
123 1457 353 1505 testimoniis,
381 1468 478 1506 quae
503 1455 678 1494 differunt
703 1464 864 1506 tantum,
889 1465 1065 1508 quantum
1091 1457 1279 1507 intelliges.
1329 1459 1488 1499 Remota

41 1519 326 1569 interpolationis
343 1518 549 1569 suspicione
564 1525 629 1555 aut
643 1520 848 1570 sequendus
872 1527 927 1557 est
938 1519 1150 1557 Vrsinianus
1172 1526 1236 1557 aut
1249 1520 1485 1571 Petauianus‚

41 1584 81 1616 et
101 1579 165 1628 qui
189 1580 287 1616 illum
312 1579 512 1630 praeferet,
540 1585 581 1617 ut
606 1582 762 1631 opinor,
789 1594 863 1619 non
888 1582 1040 1619 multum
1067 1593 1199 1620 causae
1226 1581 1392 1632 habebit,
1419 1596 1486 1621 cur

42 1640 196 1677 alterum
215 1640 262 1677 ad
283 1647 407 1691 partes
433 1647 553 1678 uocet.
592 1641 674 1692 Ego
699 1644 800 1694 quod
820 1644 1026 1682 faciendum
1046 1655 1126 1682 esse
1150 1644 1236 1681 mihi
1261 1647 1398 1695 putaui,
1425 1659 1487 1684 ra-

42 1701 177 1738 tionem
203 1701 366 1739 reddam.
415 1702 595 1739 Videbam
625 1704 807 1754 duplicem
844 1706 1009 1742 codicum
1036 1706 1279 1755 antiquiorum
1308 1719 1387 1745 esse
1412 1709 1485 1745 ori-

43 1763 185 1813 ginem,
212 1762 296 1799 hinc
320 1762 561 1800 Petauianum
587 1765 737 1815 eiusque
762 1768 894 1804 similes
919 1767 1029 1803 libros
1055 1774 1224 1804 accurate
1250 1781 1343 1818 quos
1370 1782 1486 1807 noue-

43 1837 144 1873 ram,
170 1824 267 1861 illinc
292 1823 545 1873 llseldensem,
573 1825 825 1876 Vrsinianum,
852 1827 1175 1876 Zulichemianum,
1201 1829 1485 1868 Mazarinianum

42 1899 93 1933 m,
119 1898 274 1936 quorum
301 1885 438 1935 primus
463 1897 536 1935 qua
562 1893 667 1935 parte
692 1895 880 1939 superest,
912 1902 986 1925 non
1013 1888 1220 1927 difficillime
1245 1893 1486 1931 conueniebat

43 1960 126 1984 cum
143 1947 358 1995 Petauiano‚
384 1947 604 1996 reliquorum
631 1961 749 2000 neque
774 1951 884 1988 dubia
910 1957 988 1987 erat
1013 1952 1181 2000 cognatio
1208 1966 1290 1990 cum
1314 1954 1485 1992 llselden-

43 2009 97 2056 si,
133 2020 251 2059 neque
278 2008 456 2045 discordia
482 2021 563 2045 cum
590 2010 804 2050 Petauiano.
856 2011 1222 2051 Zulichemianus
1247 2016 1349 2061 liber,
1376 2030 1485 2067 quem

8 2086 14 2092 ¹
44 2072 80 2107 Z
106 2076 233 2106 notare
257 2069 372 2118 soleo,
398 2070 427 2106 is
454 2076 520 2118 est,
546 2069 593 2107 de
618 2084 690 2121 quo
711 2073 878 2109 Heinsius
904 2073 939 2109 in
966 2074 1045 2122 syll.
1067 2086 1152 2124 epp.
1173 2078 1212 2125 3,
1240 2090 1277 2127 p.
1292 2079 1384 2116 373:
1412 2078 1485 2116 Sed

44 2129 153 2169 heus!
177 2133 299 2168 inueni
324 2130 451 2168 ibidem
477 2137 562 2168 ante
585 2146 722 2183 paucos
747 2134 822 2171 dies
847 2134 968 2182 fastos
998 2136 1201 2176 Ouidianos
1226 2151 1305 2176 cum
1330 2142 1485 2178 ueterri-

43 2204 103 2230 mo
130 2192 246 2230 codice
276 2195 370 2230 satis
396 2198 567 2231 accurate
592 2194 756 2233 collatos.
809 2200 968 2234 Manum
994 2198 1177 2237 collatoris
1201 2213 1276 2238 non
1302 2213 1484 2250 cognosco,

45 2265 107 2291 uec
131 2256 225 2291 enim
251 2259 304 2291 est
328 2256 460 2304 Lipsii.
513 2258 640 2305 Ipsum
666 2257 818 2295 codicem
843 2258 1001 2307 indiynis
1033 2259 1148 2297 modis
1181 2262 1297 2309 fuisse
1321 2265 1484 2313 interpo-

45 2314 161 2354 latam
185 2315 292 2364 fidem
316 2316 409 2363 facit
435 2317 598 2363 collator,
626 2322 686 2368 qui
705 2322 846 2368 passim
863 2325 981 2358 vionet
999 2333 1064 2358 suo
1085 2321 1162 2360 loco
1184 2328 1335 2361 ueterem
1357 2325 1483 2363 lectio-

47 2387 126 2413 nem
149 2377 264 2424 fuisse
289 2378 472 2424 abrasum,
498 2391 573 2417 non
599 2385 719 2418 tamen
742 2381 780 2419 id
805 2386 881 2418 tam
906 2384 1153 2431 pertinaciter,
1180 2390 1221 2422 ut
1248 2397 1322 2422 ποη
1346 2386 1483 2424 multae

48 2435 211 2476 lectiones
235 2441 389 2489 optimae
415 2444 613 2490 supet-sinu
645 2455 737 2491 quas
762 2447 879 2479 tamen
904 2446 1094 2493 potissima
1118 2457 1165 2482 ex·
1189 2452 1294 2496 parte
1316 2449 1393 2485 iam
1419 2460 1483 2486 oc-

50 2502 197 2546 cupaui,
231 2508 404 2550 quantum
429 2506 546 2552 primo
577 2510 723 2552 aspectu
750 2507 934 2555 appan-ait.
987 2506 1108 2555 Ipsum
1134 2509 1318 2557 exemplar
1342 2510 1380 2545 in
1407 2522 1481 2559 quo

50 2559 191 2596 collatio
224 2563 384 2601 instituta
417 2565 508 2613 fuit,
543 2565 639 2602 domi
668 2566 821 2616 Hugenii
854 2579 876 2603 a
910 2567 1121 2616 Zuylichem
1155 2568 1251 2605 docti
1285 2571 1481 2615 astronomi

49 2619 179 2657 Bataui
205 2623 249 2659 ab
277 2625 422 2664 Heinsio
450 2628 653 2672 inuentum,
682 2640 754 2665 non
781 2628 876 2678 uidi,
904 2642 991 2678 nec,
1017 2630 1046 2667 si
1073 2629 1253 2680 uidissem,
1280 2634 1477 2682 potuissem
