1685 2954
85 92 208 124 Lxxn
618 89 794 119 OVIDIVS
823 89 1012 121 CLODIVM

87 203 127 243 p.
143 193 194 230 68
212 192 247 230 Ε
271 190 468 230 secundum
487 189 748 228 Euctemonem
775 202 821 229 eo
845 190 926 242 ipso
951 190 1010 228 die
1033 202 1199 228 occasum
1219 189 1361 240 Scorpii
1385 197 1527 241 notant,

87 259 127 291 et
151 252 307 292 eundem
339 254 419 290 sine
453 251 564 289 dubio
590 251 743 290 Ouidius
769 256 808 300 3,
833 255 920 290 711.
970 252 1065 289 Nam
1099 251 1198 302 quod
1232 250 1320 287 dixit
1352 251 1526 301 Idelerus,

87 315 201 352 uerba
225 314 359 352 debere
378 320 498 351 ortum
522 313 734 362 significare,
760 326 833 351 non
859 314 970 364 magis
997 326 1144 352 necesse
1171 320 1240 361 est,
1266 325 1374 363 quam
1398 313 1436 361 5,
1452 315 1527 351 417

88 387 258 414 oceasum
282 375 443 412 indicari.

186 436 302 473 Paulo
322 435 527 485 impeditius
546 441 602 472 est
620 436 786 474 iudicium
804 436 851 474 de
875 442 1070 487 postremo,
1096 447 1204 485 quern
1222 435 1323 473 Naso
1342 437 1530 487 consigna-

88 502 165 534 tum
192 495 325 545 habet,
361 503 443 534 ortu
478 498 654 534 matutino
681 497 850 545 Orionis,
884 508 999 533 zonae
1031 495 1199 546 quidem,
1233 499 1272 545 6,
1299 498 1389 545 785,
1425 504 1532 548 post-

89 570 199 608 quam
226 558 274 596 de
297 558 455 595 humeris
480 571 518 596 u.
537 560 611 595 717
636 558 737 595 dixit.
784 559 839 594 Ea
866 557 1057 594 difficultas
1083 558 1118 594 in
1145 570 1189 596 eo
1215 565 1390 607 uersatur,
1417 559 1530 609 quod,

88 620 183 657 sicut
205 632 319 671 supra
343 620 427 664 dixi,
454 625 553 656 recte
578 620 699 656 omnia
725 618 930 666 collineant,
958 619 986 655 si
1014 619 1246 669 interpretem
1271 621 1420 657 latinum
1440 619 1534 669 Lydi

89 680 290 719 Leonicum
317 682 504 732 sequaris,
531 682 592 731 qui
620 682 691 716 alio
717 679 841 716 codice
868 692 973 727 usus;
998 680 1112 717 minus
1138 688 1261 728 recte,
1286 682 1315 718 si
1340 681 1533 719 editionem

88 742 339 781 Parisiensem.
391 743 501 792 Apud
526 742 725 779 Leonicum
757 741 808 777 Vl
834 741 921 778 Kal.
949 740 1028 786 lul„
1069 738 1137 792 qui'
1156 749 1212 779 est
1235 743 1361 779 tertius
1386 743 1462 780 dies
1486 744 1534 780 ab

90 804 298 853 V111KaL,
325 816 507 855 quemque
524 803 677 840 Ouidius
702 802 788 838 satis
812 807 938 852 aperte
963 801 1110 850 indicat,
1136 804 1286 853 legitur:
1315 805 1538 841 Breuissima

76 875 185 903 'no-v:
217 867 331 904 0νίοη
355 868 530 903 exoritur.
573 865 627 901 lta
652 865 759 901 etiam
785 863 953 911 Ouidius,
979 864 1046 900 nisi
1070 863 1169 913 quod
1194 864 1365 913 signatius
1391 876 1537 912 zonam,

89 939 188 977 quae
214 928 322 965 etiam
357 927 467 964 biduo
503 932 587 977 post
621 925 718 975 apud
745 925 925 962 Clodium.
978 924 1109 963 Codex
1144 926 1239 962 enim
1264 925 1412 962 Leonici
1445 926 1539 963 inte·
1585 932 1599 940 ·'

91 999 196 1036 grum
222 988 376 1025 lemma:
402 989 585 1027 Arcturus
610 986 743 1025 occidit*
759 989 937 1024 matutino
963 991 997 1023 et
1023 989 1123 1024 a‘e‘ris
1145 988 1381 1036 intemperies,
1406 987 1442 1023 in
1465 987 1539 1024 fine

91 1049 224 1085 mensis
251 1048 438 1099 adiungit,
474 1049 573 1099 quod
598 1048 726 1085 eodem
762 1048 868 1095 loco,
906 1049 979 1085 fine
1013 1049 1144 1086 mensis
1171 1049 1287 1098 Pagni
1312 1048 1542 1087 Ptolemaeus

91 1109 219 1158 habet,
245 1110 343 1148 unde
369 1112 556 1161 irrepsisse
582 1115 719 1183 potest,
745 1115 783 1147 et
809 1109 907 1159 quod
933 1110 999 1147 Vll
1017 1109 1074 1146 Id.
1101 1110 1199 1160 apud
1226 1110 1370 1159 Lydum
1394 1111 1540 1161 legitur,

93 1164 116 1209 ὃ
140 1161 250 1220 ὦμος
268 1171 341 1209 τοῦ
360 1168 554 1222 Ὠρίωνος
574 1167 742 1220 ἀνίσχει,
768 1172 913 1220 omittit,
939 1171 1036 1209 unde
1052 1172 1098 1208 ab
1120 1184 1166 1209 eo
1191 1171 1250 1208 die
1275 1173 1394 1209 omnia
1418 1174 1541 1222 priora

93 1231 217 1270 habet.
268 1232 365 1271 Nolo
393 1242 514 1271 tamen
547 1234 625 1271 sine
649 1233 776 1270 ultima
800 1234 1012 1270 necessitate
1038 1233 1201 1271 dieculae
1225 1233 1413 1270 discrimen
1447 1235 1542 1271 inter

94 1293 269 1332 Ouidium
291 1302 329 1333 et
349 1296 517 1332 Clodium
534 1295 724 1332 admittere
742 1300 780 1332 et
797 1307 879 1332 meo
899 1296 977 1331 iure
996 1295 1112 1344 probo
1131 1294 1347 1332 deteriorem
1365 1295 1540 1333 codicem.

197 1356 283 1394 Kal.
309 1357 413 1394 Maiis
449 1369 573 1393 rursus
605 1357 682 1393 sine
717 1355 842 1393 codice
867 1356 1058 1393 Caseoliuo
1084 1355 1219 1393 frustra
1243 1367 1415 1394 essemus.
1468 1358 1542 1395 Ca-

94 1416 230 1467 pellam
266 1418 351 1454 oriri
385 1418 471 1455 dicit
506 1418 673 1455 Ouidius.
734 1417 934 1454 Leonicus:
971 1420 1024 1454 K.
1053 1417 1163 1454 Gumis
1188 1417 1410 1455 nominatur:
1440 1430 1542 1457 rores

95 1477 324 1516 descendunt.
368 1480 495 1517 Codex
516 1480 610 1529 Lydi
635 1479 870 1517 ueterrimus:
897 1471 1054 1522 Μάϊος.
1081 1473 1120 1516 ἁ.
1142 1471 1189 1516 ‘0
1213 1475 1288 1527 μὲν
1312 1473 1420 1516 κύων
1445 1474 1544 1530 κρύ-

95 1551 254 1588 πτεται,
280 1534 427 1591 δρόσος
453 1538 497 1578 δὲ
523 1536 916 1591 καταφαίνεται.
967 1540 1130 1588 Quaeso,
1156 1541 1245 1591 quid
1270 1541 1339 1578 hoc
1360 1547 1416 1578 est
1441 1542 1542 1579 locu-

94 1602 225 1650 tionis,
261 1614 343 1639 cum
368 1604 436 1640 ista
461 1615 529 1653 per
553 1598 624 1651 μέν
650 1609 688 1639 et
715 1597 761 1638 δέ
783 1600 1077 1650 coniunguntur?
1127 1601 1252 1651 Lego:
1285 1595 1306 1638 ὃ
1333 1599 1408 1649 μὲν
1436 1597 1544 1641 κύων

95 1659 327 1712 κρύπτεται,
355 1658 493 1715 ἔριφος
510 1662 554 1701 δὲ
573 1660 851 1713 ἀναφαίνεται.
878 1657 1050 1711 ’Έριφος
1068 1663 1219 1712 Capella
1241 1670 1296 1700 est
1312 1664 1416 1712 Lydo
1435 1665 1545 1703 etiam

96 1724 183 1761 VIII
199 1725 285 1762 Kal.
306 1725 393 1763 Mai.
436 1727 490 1762 Ita
513 1726 667 1764 Ouidius
693 1731 862 1761 accurate
890 1725 1060 1760 conuenit
1084 1736 1166 1760 cum
1187 1724 1328 1769 Clodio,
1355 1731 1392 1762 et
1417 1727 1446 1762 is
1471 1738 1544 1764 non

97 1786 209 1836 longe
236 1787 339 1823 abest
365 1799 387 1823 a
414 1787 633 1833 Columella,
660 1786 722 1835 qui
748 1786 799 1822 lll
824 1785 909 1822 Kal.
936 1785 1025 1822 Mai.
1053 1797 1160 1822 mane
1186 1786 1344 1836 Capram
1369 1787 1468 1836 oriri,
1493 1788 1546 1825 si-

95 1848 170 1885 cuti
195 1847 304 1884 etiam
331 1849 424 1884 circa
449 1847 546 1883 idem
574 1854 715 1896 tempus
741 1846 986 1890 Ptolemaeus,
1014 1846 1134 1884 tradit.

197 1908 281 1946 Vno
307 1909 342 1945 in
361 1908 442 1944 loco
462 1906 616 1945 Ouidius
635 1906 835 1945 secundum
854 1906 1023 1945 Clodium
1041 1914 1095 1944 est
1118 1907 1379 1957 emendandus,
1405 1913 1441 1955 3,
1455 1911 1545 1949 406.

96 1970 167 2006 Hic
192 1971 286 2007 enim
310 1971 382 2007 ita:
417 1963 438 2006 ὃ
469 1965 694 2018 ἀρκτοῦρος
720 1965 761 2005 ἐν
787 1962 920 2021 ἡμέρᾳ
947 1963 1120 2017 ἀνίσχει,
1147 1969 1216 2007 hoc
1241 1977 1318 2018 est,
1345 1971 1458 2008 oritur
1483 1971 1547 2009 he-

98 2031 203 2068 liace.
258 2033 377 2081 Atque
403 2037 522 2067 ortum
549 2031 691 2067 Bootae
717 2042 751 2066 a.
779 2029 816 2067 d.
844 2030 893 2065 111
919 2030 1015 2067 Non.
1041 2030 1149 2068 Mart.
1177 2033 1335 2081 agnoscit
1361 2033 1398 2068 in
1424 2033 1546 2070 calen-

97 2093 202 2129 dario
227 2093 326 2142 quod
352 2104 462 2141 supra
486 2091 582 2129 edidi
609 2091 724 2130 codex
744 2091 954 2128 Vossianus.
1005 2091 1174 2129 Extitisse
1197 2093 1307 2142 igitur
1331 2093 1428 2143 apud
1455 2106 1546 2144 poe-

99 2157 173 2191 tam
200 2154 285 2190 olim
310 2154 488 2200 existimo,
514 2153 634 2190 littera
659 2164 727 2202 pro
755 2152 859 2201 apice
884 2152 1029 2189 addita:

463 2217 640 2263 Emerget,
667 2214 771 2249 uisus
795 2212 1008 2263 effuyietque
1029 2218 1122 2258 tuos,

102 2275 141 2312 h.
168 2286 202 2312 e.
228 2282 364 2324 puncto
392 2276 565 2326 temporis
595 2276 690 2311 inter
725 2274 920 2311 diluculum
946 2276 1150 2324 apparebit.
1201 2275 1354 2313 Librarii
1380 2284 1549 2315 astrono-

100 2336 195 2372 miae
220 2336 334 2385 ignari
360 2343 566 2387 utrumque,
592 2335 691 2385 quod
717 2335 860 2384 dicitur,
888 2349 1114 2386 concoquere
1140 2349 1212 2374 non
1239 2345 1448 2388 potuerunt.
1470 2336 1473 2339 “
1517 2326 1519 2329 ⁴

202 2397 259 2434 Re
286 2410 373 2433 uera
399 2397 550 2436 discedit
576 2398 728 2435 Ouidius
755 2411 777 2434 a
804 2399 932 2435 Clodio
965 2399 1001 2434 in
1029 2398 1103 2444 his,
1139 2399 1197 2435 ubi
1225 2411 1369 2436 causam
1396 2400 1550 2438 sortasse

102 2457 238 2495 habuit.
290 2458 410 2496 Biduo
444 2460 583 2497 distulit
608 2460 759 2509 Aquilae
784 2460 1002 2496 mentionem
1028 2460 1068 2507 5,
1094 2462 1191 2507 731,
1229 2474 1337 2510 quam
1364 2462 1440 2511 ipse
1467 2463 1549 2499 Vlll

104 2518 183 2567 Kl',
210 2520 359 2557 Clodius
385 2520 427 2555 X
444 2520 528 2558 Kal.
555 2522 634 2558 lun.
663 2522 820 2572 conspici
847 2521 946 2569 dicit,
973 2534 1018 2559 ne
1041 2523 1169 2559 seriem
1198 2523 1302 2558 trium
1329 2523 1468 2560 dierum
1494 2523 1549 2560 se-

104 2587 257 2628 ntorum,
283 2582 341 2630 qui
370 2582 606 2631 praecedunt,
635 2584 895 2633 interpellaret.
941 2583 1087 2631 Hyadas
1113 2585 1152 2630 6,
1173 2585 1245 2620 197
1272 2584 1320 2619 lv
1339 2586 1436 2622 Non.
1457 2586 1550 2630 lun„

107 2649 145 2681 et
172 2643 336 2694 Aquilam
362 2645 402 2691 5,
426 2646 498 2681 196
523 2645 611 2683 Kal.
638 2644 717 2682 Iun.
747 2646 863 2696 ponit,
889 2650 1059 2682 accurate
1082 2642 1330 2683 Ptolemaeum
1357 2653 1501 2684 secutus
1526 2648 1552 2684 6
