1685 2954
124 89 259 120 Lxxvl
725 87 761 116 L.
794 87 959 116 Clxctvs

123 189 293 227 Alimenti
314 200 421 234 aeuo,
449 186 557 230 uitae,
583 186 664 223 loco
685 189 889 235 conueniat,
911 200 983 225 non
1003 186 1276 225 existimauerim
1294 191 1443 223 eatenus
1462 193 1568 224 tuen-
1634 182 1638 185 ’

124 250 209 287 dam
236 262 314 287 esse
341 247 526 284 Niebubrii
551 248 679 285 summi
705 249 770 285 uiri
797 250 1008 288 sententiam
1034 249 1306 299 pronunciatam
1333 247 1369 283 in
1394 247 1433 284 11.
1455 249 1502 285 R.
1529 253 1566 293 2,

124 325 162 363 p.
187 315 259 357 10,
295 315 334 346 ut
369 321 449 345 cum
476 308 713 358 Bernhardyo
749 323 784 348 υ.
810 311 882 348 dss.
910 311 993 348 hist.
1019 311 1088 348 litt.
1115 311 1159 347 R.
1188 323 1228 359 p.
1246 310 1320 345 256
1346 320 1431 344 ann.
1460 321 1567 357 quem

124 373 253 410 librum
285 371 397 408 Cincii
419 370 461 407 de
485 370 603 407 uerbis
618 373 747 420 priscis
775 373 905 409 Festus
932 372 1070 419 laudat,
1097 371 1257 408 dicamus
1283 370 1391 406 fuisse
1417 369 1459 405 de
1484 381 1568 406 uer—

125 434 179 471 bis
203 434 333 483 priscis
363 433 487 470 Cincii.
540 431 639 468 Festi
666 432 828 469 Cincium
856 445 934 469 esse
962 432 1132 479 eundem,
1158 433 1257 468 cuius
1284 431 1412 468 librum
1438 430 1481 467 de
1503 430 1571 476 fa-

123 496 193 532 stis
216 494 421 530 Macrobius
447 500 513 529 sat.
542 497 578 540 1,
601 496 661 540 12,
689 506 725 542 p.
743 495 816 528 244
843 500 1114 541 commemorat,
1146 507 1217 530 non
1243 493 1397 530 sortasse
1423 504 1571 530 necesse

122 562 203 602 est,
229 556 349 593 licebit
375 562 495 591 tamen
522 554 748 590 coniectare:
788 565 904 602 aeque
929 555 1024 589 enim
1051 554 1238 591 commode
1263 554 1376 591 fastos
1402 567 1424 590 a
1451 566 1570 603 gram-

124 618 270 666 matico,
301 628 408 666 quam
436 616 481 652 ab
507 614 673 652 historico
696 615 802 651 scribi
821 615 979 664 potuisse
1006 615 1177 664 exemplis
1205 614 1324 651 doceri
1351 622 1483 665 potest.
1531 614 1572 651 ld

124 681 155 717 si
182 679 412 725 conceditur,
448 676 574 714 uideor
607 677 692 712 mibi
726 677 926 712 accuratius
953 676 997 712 L.
1025 676 1138 712 Cincii
1166 677 1387 725 grammatici
1414 682 1572 712 aetatem

123 741 382 790 indagaturus,
419 750 527 788 quain
562 738 750 786 hucusque
778 737 914 774 sactum
942 743 1008 773 est.
1059 736 1220 773 Primum
1257 738 1352 773 enim
1379 737 1465 772 uixit
1490 743 1574 786 post

125 803 267 841 lunium
294 800 552 839 Gracchanum
580 805 615 836 et
641 799 811 835 Fuluium
838 798 1074 835 Nobiliorem.
1127 799 1223 834 Nam
1249 810 1340 847 quos
1367 797 1512 834 Cincius
1536 797 1571 833 in

125 865 219 903 libro
245 863 420 900 fastorum
455 861 620 910 imperite
654 860 796 910 opinari
831 859 877 896 de
905 872 1030 896 mense
1056 858 1166 909 Aprili
1200 860 1341 908 scripsit
1375 858 1574 895 secundum

124 925 301 964 Macrobii
326 925 446 961 locum
473 922 562 967 ind„
589 922 707 958 Varro
734 922 780 959 de
806 922 830 959 l.
850 922 874 958 l.
901 924 940 969 6,
961 925 1008 959 33
1034 921 1141 958 docet
1166 921 1244 957 illos
1269 920 1394 958 fuisse.
1433 918 1575 956 Deinde

127 987 216 1024 uixit
243 998 315 1022 non
341 984 449 1022 modo
476 990 559 1020 ante
585 984 751 1020 Verrium
777 984 948 1020 Flaccum
961 1010 982 1032 ,ι
1009 983 1072 1019 sed
1099 984 1229 1031 etiam,
1258 988 1298 1019 ut
1322 981 1416 1018 infra
1441 981 1575 1018 intelli-

127 1060 215 1099 ges,
249 1052 334 1084 ante
360 1044 547 1082 Ouidium.
602 1045 701 1082 Tum
738 1058 810 1082 non
837 1045 927 1082 uixit
962 1052 1043 1095 post
1069 1045 1294 1090 Varronem,
1328 1044 1358 1080 si
1384 1043 1442 1079 uel
1466 1043 1576 1079 mini-

125 1122 225 1148 mum
252 1108 336 1145 fidei
362 1113 418 1144 est
442 1107 477 1143 in
498 1107 700 1155 Macrobio,
728 1107 789 1157 qui
816 1107 926 1156 paulo
953 1113 1034 1157 post
1060 1107 1255 1144 consentire
1284 1106 1404 1143 Cincio
1433 1107 1576 1142 Varro-

126 1181 207 1210 nem
232 1170 342 1217 dixit,
377 1169 428 1205 uti
455 1180 521 1206 nec
546 1176 631 1206 ante
659 1169 799 1205 Aelium
824 1168 1026 1216 Stilonem,
1053 1169 1081 1206 si
1108 1168 1215 1204 modo
1243 1165 1395 1205 Verrius
1421 1165 1574 1202 Flaccus

127 1244 275 1283 quoque
301 1237 338 1269 et
363 1231 514 1278 Festus,
548 1231 689 1280 quoties
716 1229 751 1266 id
777 1230 854 1266 fieri
880 1231 1019 1280 potuit,
1056 1230 1230 1279 temporis
1257 1227 1419 1264 ordinem
1445 1227 1480 1262 in
1508 1239 1574 1263 no-

128 1293 306 1334 minandis
331 1292 564 1342 scriptoribus
589 1291 702 1328 secuti
729 1298 833 1327 sunt:
870 1292 1072 1341 ubicunque
1098 1291 1325 1328 consentiunt
1350 1295 1387 1325 et
1412 1287 1576 1338 plerum-

128 1367 202 1406 que
228 1367 309 1392 cum
336 1353 551 1391 dissentiunt
571 1354 692 1390 Aelius
718 1351 898 1389 antecedit
924 1352 1099 1389 Cincium.
1138 1351 1265 1387 Fuerit
1289 1350 1399 1400 igitur
1424 1349 1577 1386 sortasse

129 1418 276 1456 Cincius
304 1416 413 1466 paulo
440 1421 526 1452 ante
553 1413 757 1452 Varronem
784 1415 886 1451 Aelio
914 1415 1083 1464 magistro
1119 1425 1216 1449 usus.
1268 1412 1387 1448 Etiam
1421 1421 1577 1447 monen-

118 1478 215 1516 -dum
243 1484 310 1524 est,
337 1490 419 1513 cum
450 1489 471 1513 a
493 1477 691 1513 Laurentio
713 1476 817 1526 Lydo
839 1476 886 1513 de
909 1476 1089 1512 mensibus
1109 1476 1148 1522 4,
1168 1476 1231 1521 92,
1253 1486 1291 1523 p.
1306 1475 1382 1509 290
1399 1473 1470 1508 R6.
1489 1471 1577 1508 Cin-

127 1541 187 1588 cii,
211 1540 273 1590 qui
294 1533 500 1587 ‘Pwpcatog
525 1534 696 1589 σοφιςὴς
722 1537 927 1588 appellatur
947 1540 985 1584 4,
1003 1538 1066 1584 44,
1094 1549 1132 1586 p.
1150 1537 1239 1583 216,
1266 1535 1358 1571 liber
1383 1531 1469 1583 περὶ
1498 1533 1577 1570 τῶν

129 1596 280 1651 ἑορτῶν
314 1606 565 1650 nuncupatur,
601 1613 673 1636 non
709 1600 744 1636 id
780 1611 858 1636 esse
893 1599 1022 1635 librum
1056 1598 1098 1635 de
1122 1598 1256 1645 fastis,
1293 1595 1357 1633 sed
1383 1595 1425 1632 de
1454 1595 1578 1642 feriis.-

127 1674 243 1713 quare
276 1669 405 1698 auctor
439 1662 568 1698 fuerim
596 1660 694 1710 apud
722 1660 945 1697 Macrobium
974 1665 1007 1705 1,
1038 1662 1098 1707 16,
1126 1673 1163 1709 p.
1183 1660 1257 1695 267
1283 1659 1318 1694 in
1345 1658 1412 1694 illis
1439 1656 1577 1693 uerbis:

128 1726 217 1773 quia
245 1725 365 1760 Titius
397 1722 440 1760 de
471 1722 576 1769 seriis
608 1720 789 1768 scribens,
828 1723 877 1758 uti
913 1729 1111 1771 reponatur
1139 1722 1293 1757 Cincius.
1346 1718 1402 1755 Ea
1435 1717 1579 1754 nomina

130 1791 338 1837 permutata
365 1791 448 1820 sunt
475 1783 572 1832 apud
601 1783 652 1820 10.
680 1783 980 1819 Sarisberiensem
1009 1785 1048 1830 8,
1073 1784 1113 1830 7,
1141 1783 1200 1818 uel
1227 1781 1345 1830 potius
1372 1778 1469 1829 apud
1495 1779 1580 1815 Ma·-

129 1848 291 1884 crobium
323 1849 360 1892 2,
387 1847 411 1881 9
437 1845 517 1891 fin.,
554 1844 613 1879 ubi
651 1843 733 1879 uide
767 1844 977 1881 Meursium.
1040 1843 1156 1880 Vetus
1191 1842 1250 1880 ed.
1285 1841 1459 1878 Macrobii
1484 1840 1578 1877 Ven-

130 1910 228 1946 1492
265 1908 374 1944 babet
410 1913 478 1943 sat.
505 1908 541 1953 1,
571 1909 632 1952 12,
661 1918 696 1954 p.
713 1907 802 1952 248,
830 1906 854 1941 1.
876 1909 922 1942 2:
958 1910 999 1942 ut
1035 1906 1155 1953 Ciyius
1189 1903 1400 1941 arbitratur.
1451 1901 1580 1939 Chari-

128 1971 202 2007 sius
231 1973 266 2017 1,
298 1982 334 2018 p.
351 1971 423 2005 107
442 1969 486 2004 P.
518 1970 717 2004 Varronem
744 1971 777 2003 et
807 1967 965 2004 Tullium
991 1972 1024 2003 et
1054 1968 1208 2004 Cincium
1234 1964 1430 2014 coniungit.
1479 1963 1578 2000 Con-

129 2032 265 2069 sentius
292 2044 329 2081 p.
345 2033 439 2068 2031
471 2030 514 2068 P.
546 2030 673 2066 Cimon
702 2029 846 2078 allegat.
891 2029 1080 2065 Postremo
1107 2040 1180 2063 non
1208 2027 1348 2073 dubito,
1375 2025 1461 2074 quin
1486 2036 1579 2074 quae

129 2093 341 2130 Macrobius
367 2092 448 2129 Sat.
473 2094 510 2136 3,
531 2094 570 2138 2,
597 2102 635 2139 p.
657 2091 730 2126 386
757 2089 803 2125 de
830 2101 920 2125 uoce
946 2088 1108 2133 uitulum-i,
1136 2089 1266 2124 Feotus
1292 2100 1330 2136 p.
1345 2088 1409 2134 98,
1426 2089 1474 2121 22
1492 2084 1578 2123 Vrs.

130 2153 179 2191 de
200 2156 290 2202 rica,
316 2167 353 2204 p.
368 2153 456 2200 205,
477 2155 499 2187 2
523 2151 648 2189 Muell.
676 2150 721 2188 de
745 2149 978 2198 offendicibus
1003 2150 1070 2186 sub
1091 2150 1180 2185 Titii
1205 2149 1350 2185 nomine
1375 2146 1580 2197 proferunt,

131 2217 205 2253 sint
230 2228 274 2253 ex
303 2216 346 2253 L.
375 2214 489 2251 Cincii
522 2213 620 2250 libris
657 2213 703 2249 de
737 2213 856 2248 uerbis
884 2211 1031 2260 priscis,
1067 2223 1138 2247 non
1174 2223 1219 2246 ex
1247 2210 1290 2246 C.
1317 2209 1404 2245 Titii
1436 2208 1523 2246 Sex.
1550 2208 1579 2244 f.

132 2276 220 2314 Sex.
243 2289 283 2312 n.
304 2277 438 2313 tribuni
464 2276 580 2325 plebis
606 2288 639 2311 a.
658 2275 704 2311 V.
725 2275 768 2310 C.
792 2275 865 2309 597
885 2273 1118 2308 orationibus.
1139 2293 1188 2300 —-
1214 2269 1418 2306 Admodum
1442 2270 1580 2306 lubrica

130 2344 187 2375 est
230 2339 395 2387 quaestio
430 2338 476 2374 de
511 2338 682 2374 Cornelio
718 2336 915 2380 Labeone,
965 2346 1073 2382 quem
1107 2333 1312 2370 Macrobius
1348 2337 1416 2368 sat.
1452 2332 1579 2378 1,·16,

131 2412 168 2450 p.
183 2401 278 2445 2683
310 2403 344 2447 1,
364 2402 422 2446 18,
444 2412 480 2448 p.
496 2400 591 2445 291;
620 2401 657 2445 3,
675 2399 714 2446 4,
736 2411 773 2447 p.
788 2398 858 2433 391
888 2395 1071 2444 scripsisse
1096 2400 1247 2432 testatur
1272 2393 1382 2429 libros
1401 2392 1446 2429 de
1467 2393 1579 2437 fastis,

131 2461 178 2498 de
204 2461 352 2497 oraculo
380 2461 552 2509 Apollinis
580 2459 690 2496 Clarii
717 2465 755 2495 et
782 2458 916 2507 aliquid
943 2457 989 2492 de
1016 2456 1232 2498 Penatibus,
1268 2454 1332 2490 sed
1360 2453 1396 2490 id
1423 2449 1580 2491 foi-tasse

133 2523 167 2559 in
199 2523 324 2569 libris,
360 2523 421 2571 qui
448 2522 622 2571 appellati
649 2527 733 2557 sunt
762 2519 803 2556 de
828 2520 885 2556 dis
913 2517 1153 2567 animalibus,
1181 2516 1254 2551 uid.
1281 2518 1388 2553 Seru.
1415 2516 1461 2552 ad
1488 2517 1579 2553 Aen.

133 2587 172 2632 3,
201 2586 286 2622 168.
342 2583 471 2619 Libros
500 2584 546 2619 de
572 2583 674 2618 fastis
701 2582 906 2618 Macrobius
937 2585 974 2628 1,
1003 2584 1050 2616 12
1076 2579 1267 2627 aliquoties
1293 2577 1338 2613 ad
1365 2584 1489 2627 partes
1516 2589 1581 2613 uo-

134 2648 215 2694 cat,
254 2658 346 2695 quos
374 2646 482 2683 etiam
511 2644 702 2682 manifesto
729 2643 853 2691 Lydus
881 2643 925 2680 de
954 2642 1134 2680 mensibus
1162 2642 1200 2687 4,
1222 2643 1257 2688 1,
1285 2651 1323 2689 p.
1340 2641 1434 2687 1413
1460 2641 1498 2687 4,
1517 2640 1581 2685 20,
