1685 2954
639 85 926 114 INTERPOLATI
1275 86 1500 122 cmxxxix

46 192 160 236 quata
186 187 357 237 utrinque
383 184 608 223 auctoritatis
643 185 746 222 lance
770 184 884 221 solius
918 183 1054 234 ingenii
1085 196 1158 234 ope
1193 190 1231 222 et
1262 186 1414 224 arbitrio
1438 201 1498 227 res

45 248 292 286 administrari
319 247 452 298 possit,
486 245 574 295 quin
602 246 732 294 uulgus
765 245 855 282 illud
882 246 1107 283 eruditorum
1133 247 1306 285 continuo
1337 250 1498 288 animum

44 309 115 347 sibi
139 315 271 358 sumat,
298 308 396 359 quod
421 307 656 344 auctoritates
683 306 914 356 perpendere
940 308 1052 357 plane
1079 308 1243 346 nondum
1269 309 1410 349 didicit.
1454 311 1498 348 Si

44 371 315 417 Lachmannus,
341 371 370 405 si
396 368 628 413 Ritschelius‚
654 368 956 418 incomparabiles
984 370 1072 417 uiri,
1098 382 1189 419 quos
1216 370 1362 410 honoris
1388 384 1498 410 causa

45 433 206 480 nomino,
230 433 261 469 si
288 431 491 481 paucissimi
519 435 665 480 praeter
688 429 768 466 illos
790 430 854 467 tali
875 430 1077 480 quaestioni
1098 431 1282 470 sufficiunt
1303 439 1497 484 postquam

44 495 184 543 legibus
211 499 248 530 et
273 493 446 542 exemplis
465 489 688 541 disciplinam
705 493 933 529 munierunt:
961 506 1029 542 ego
1051 493 1098 529 ad
1124 492 1160 529 id
1188 494 1349 533 nondum
1376 496 1498 545 mileo,

42 555 172 593 necin
198 554 317 591 media
349 553 480 590 fraude
516 565 645 589 uerum
677 553 763 599 satis
797 553 1026 592 confidenter
1059 555 1254 594 enucleare
1279 557 1496 607 potuissem:

40 618 126 654 satis
161 621 216 652 est
247 615 277 652 si
313 616 423 652 libros
450 627 472 652 a
497 614 629 651 fraude
656 615 794 651 alienos
820 621 920 652 recte
948 616 1107 666 dignoui.
1161 617 1295 667 Vtique
1321 617 1359 654 hi
1383 619 1496 667 paulo

39 689 108 714 nec
134 677 248 714 multo
273 684 359 714 sunt
388 678 605 728 posteriores
633 675 867 713 adulteratis:
894 676 1002 715 facile
1027 690 1115 728 ergo
1142 686 1289 729 praeter
1315 679 1402 716 uitia
1425 680 1497 716 illic

40 737 263 776 dissimulata
292 740 361 776 alia
387 739 622 776 continebant
649 738 898 775 communibus
926 741 1150 789 recentiora,
1189 741 1252 777 ubi
1279 751 1406 778 uerum
1432 753 1496 778 ex-

41 809 119 839 tare
146 802 264 851 potuit
291 802 327 838 in
353 801 580 851 interpolatis
606 800 717 837 libris.
763 800 839 837 Sed
867 800 952 837 huic
978 802 1214 839 consolationi
1241 814 1427 851 nunquam
1452 803 1496 839 li·

40 864 178 899 centius
204 862 359 911 indulsi,
397 864 505 900 immo
543 863 655 899 restiti
692 861 856 898 fortassis
883 862 1119 910 obstinatius,
1153 864 1205 899 uti
1239 862 1324 899 dixi.
1375 868 1496 914 Atque

40 924 216 962 hactenus
244 924 291 962 de
317 924 386 961 hoe
411 923 698 974 interpolationis
730 933 865 971 genere
899 922 998 972 quod
1031 930 1131 960 certa
1166 923 1332 961 codicum
1358 924 1495 963 familia

40 987 259 1023 continetur.
307 986 412 1023 Aliud
441 994 495 1022 est
521 998 654 1035 uagum
681 990 718 1020 et
741 983 950 1020 inconstans
978 985 1078 1034 quod
1104 997 1174 1035 per
1199 986 1322 1023 omnia
1347 988 1495 1026 saecula

38 1047 123 1084 inde
142 1059 163 1083 a
183 1047 398 1084 duodecimo
424 1048 607 1096 librosque
632 1045 890 1082 diuersissimos
917 1052 1028 1095 errat,
1055 1047 1157 1084 cuius
1177 1059 1252 1084 non
1270 1048 1339 1086 erit
1365 1049 1494 1088 inutile

38 1107 204 1157 exempla
230 1109 404 1145 nonnulla
439 1109 601 1157 posuisse
636 1119 682 1144 ex
716 1107 814 1144 libris
841 1114 1011 1145 accurate
1037 1095 1144 1146 notis.
1195 1108 1277 1147 Lib.
1299 1113 1336 1158 1,
1364 1123 1401 1147 u.
1416 1111 1493 1148 422

37 1182 105 1220 pro
141 1169 291 1218 uulgato
327 1170 425 1205 uicta
460 1181 594 1218 sopore
630 1168 721 1206 locis
755 1169 930 1208 Francos.
968 1169 1079 1207 habet
1119 1171 1355 1221 semisepulta
1388 1172 1493 1220 locis²

37 1243 74 1266 u.
91 1231 165 1265 473
191 1242 259 1280 pro
293 1232 418 1268 animo
445 1236 656 1282 conceperat
680 1234 782 1280 ignes
815 1231 910 1268 idem
949 1233 1106 1282 concepit
1137 1237 1252 1269 niente
1276 1232 1423 1280 furores
1455 1240 1493 1271 et

36 1305 74 1329 u.
92 1293 167 1328 478
193 1304 260 1341 pro
287 1293 598 1342 Parrhasiumque
625 1294 740 1332 larem
773 1293 870 1330 idem
902 1295 1182 1343 parrasiumque
1206 1305 1353 1331 nemus:
1387 1295 1492 1344 peri-

35 1353 156 1390 culum
192 1354 325 1403 ingenii
355 1354 443 1391 fecit
476 1356 656 1392 librarius.
707 1355 792 1393 Lib.
814 1360 854 1404 2,
882 1369 917 1393 u.
942 1358 992 1392 88
1025 1361 1125 1392 extat
1161 1355 1197 1392 in
1229 1366 1303 1394 sec.
1331 1355 1488 1393 Putean.

34 1418 85 1453 Et
109 1417 208 1454 stetit
232 1415 387 1462 infestae
406 1419 579 1467 prooeima
602 1430 712 1456 cerna
737 1418 825 1464 leae,
854 1418 942 1469 quia
968 1418 1150 1468 displicuit
1176 1417 1365 1466 uulgatum
1390 1420 1491 1456 stetit

34 1478 74 1514 in
95 1489 214 1522 saxo,
247 1477 346 1527 quod
372 1478 480 1516 facile
504 1492 545 1517 se
572 1485 695 1517 tuetur
721 1480 889 1530 exemplo
916 1480 1109 1531 Sophoclis
1134 1479 1265 1529 fragm.
1286 1482 1381 1517 110:
1419 1491 1490 1517 νο-

35 1533 118 1586 μὰς
144 1534 190 1576 δέ
211 1551 274 1583 τις
298 1536 486 1590 κεροῦσσ’
510 1536 584 1579 ἀπ’
609 1538 766 1593 ὀρθίων
793 1538 932 1592 πάγων
959 1540 1179 1589 καθεῒρπεν
1205 1534 1371 1591 ἔλαφος,
1397 1546 1435 1579 et
1460 1541 1491 1579 si

38 1612 132 1649 opus
157 1608 212 1637 est
237 1601 425 1640 Theocriti
452 1604 551 1653 apud
577 1605 684 1642 Stob.
711 1617 821 1644 serm.
849 1609 888 1653 2,
917 1617 955 1654 p.
970 1606 1019 1640 66
1041 1602 1207 1640 Schovm
1237 1599 1277 1640 ἓν
1303 1599 1378 1652 μὲν
1403 1605 1490 1648 τοῖς

37 1655 170 1710 ὄρεσιν
191 1656 330 1712 ἄρκτοι
356 1661 422 1701 καὶ
448 1663 616 1713 λέοντες,
645 1667 887 1704 uelLactant.
907 1669 947 1715 7,
959 1668 1021 1702 24.
1055 1665 1137 1703 Lib.
1156 1668 1195 1711 2,
1209 1666 1283 1702 636
1310 1678 1377 1714 pro
1402 1666 1489 1703 sim-

35 1724 228 1772 plicissima
253 1726 429 1774 scriptura
458 1729 576 1764 Dicite
605 1727 748 1776 suffuso
773 1732 828 1765 ter
854 1727 950 1765 bona
974 1726 1086 1764 uerba
1111 1739 1208 1763 mero
1240 1727 1277 1763 in
1304 1727 1488 1764 Thuaneo

35 1786 225 1836 pueriliter
250 1789 368 1824 Dicite
392 1787 582 1834 fundentes
607 1790 646 1825 in
665 1800 775 1825 sacra
793 1788 904 1826 uerba
923 1801 1072 1825 merum.
1115 1787 1168 1824 lb.
1197 1800 1233 1824 u.
1249 1790 1322 1825 721
1349 1789 1387 1825 in
1411 1789 1488 1838 pri-

35 1860 95 1884 mo
123 1847 311 1886 Puteaneo
339 1848 545 1886 contendere
568 1861 692 1900 pnyna
718 1862 787 1899 pro
814 1852 1031 1887 connnittere
1055 1861 1226 1900 puynam.
1280 1849 1362 1888 Lib.
1379 1853 1418 1899 3,
1437 1851 1487 1886 69

35 1909 160 1948 Berol.
189 1923 280 1959 quae
305 1913 434 1960 paruis
467 1923 588 1961 parua
614 1910 763 1958 fuerumt
793 1924 862 1962 pro
900 1924 991 1960 quae
1024 1912 1206 1960 quamuis.
1259 1910 1374 1948 Simili
1407 1911 1486 1949 ele-

34 1972 157 2022 gantia
182 1972 297 2010 codex
323 1973 453 2009 nullius
480 1973 533 2009 rei
553 1973 716 2009 Gallicus
742 1976 779 2018 2,
797 1974 871 2010 403
891 1979 928 2010 et
945 1977 982 2019 3,
997 1974 1069 2008 841
1103 1972 1303 2020 Vayierant
1328 1973 1486 2010 clamore

33 2036 119 2084 pari
153 2040 191 2072 et
223 2037 303 2072 sine
327 2046 472 2072 niun-ere
496 2036 627 2083 patris.
681 2026 762 2072 Lib,
786 2035 826 2082 4,
853 2046 979 2071 uersus
995 2036 1045 2070 47
1077 2040 1175 2072 totus
1204 2033 1348 2071 refictus
1380 2035 1486 2071 aliter

11 2093 90 2133 'est
111 2096 147 2134 in
165 2097 362 2134 Moretanis
387 2096 544 2144 duobus,
569 2108 606 2133 u.
621 2097 696 2132 440
720 2108 879 2145 parsque
897 2108 1004 2133 rosa-s
1030 2108 1097 2145 pro
1122 2107 1213 2145 pars
1230 2107 1347 2133 rorem
1371 2096 1485 2133 inter-

33 2158 171 2208 polatio
199 2158 269 2196 dici
296 2160 432 2209 poterit
462 2159 498 2195 in
525 2158 707 2208 Gotting„
745 2164 787 2195 ut
811 2171 847 2196 u.
864 2159 940 2194 447
972 2160 1009 2195 ὁρ
1047 2159 1260 2206 comitesque
1284 2169 1486 2206 parensque

34 2232 102 2273 pro
126 2223 163 2258 io
189 2223 383 2260 carissima
407 2226 525 2258 mater
555 2233 668 2270 supra
695 2221 827 2258 lineam
852 2220 988 2258 Moret.
1015 2232 1089 2257 sec.
1118 2220 1170 2256 lb.
1198 2219 1272 2255 695
1299 2218 1392 2255 inter
1417 2231 1485 2255 ua-

36 2282 106 2320 rios
141 2284 367 2321 librariorum
405 2289 555 2320 conatus
589 2283 791 2332 scripturae
824 2281 956 2318 codicis
983 2281 1155 2319 Francos.
1181 2280 1379 2330 particulas
1410 2280 1483 2317 iam

35 2345 178 2383 saeculo
203 2345 417 2383 duodecimo
452 2344 605 2382 inueniri
640 2345 769 2394 uides,
805 2357 900 2394 quae
932 2343 1087 2381 conficta
1124 2348 1180 2378 est
1213 2355 1258 2378 ex
1283 2341 1364 2380 loco
1390 2355 1486 2380 rem..

37 2416 148 2444 amor.
177 2420 212 2444 u.
231 2409 302 2444 192
331 2406 401 2443 huc
427 2406 614 2444 adhibito:
656 2410 706 2445 Et
732 2412 877 2444 tonsam
903 2418 988 2445 raro
1013 2396 1149 2456 pectine
1176 2405 1287 2441 serr-it
1311 2403 1458 2441 mmmm
1469 2417 1485 2441 ε,

0 2507 1 2512 ¹
38 2477 105 2515 pro
129 2467 235 2507 humo
263 2468 433 2519 ponenda
458 2469 528 2506 suit
554 2474 665 2507 terrm.
717 2469 801 2506 Lib.
823 2469 863 2517 5,
884 2471 954 2505 301
996 2469 1030 2504 in
1057 2466 1278 2503 Londinensi
1304 2471 1482 2503 mutatum

37 2534 94 2565 est
118 2541 190 2567 non
215 2531 370 2568 absurde
387 2532 422 2568 in
445 2533 647 2570 sententiae
666 2531 846 2582 generalis
865 2529 1041 2566 formam:
1070 2531 1186 2578 Saepe
1209 2530 1334 2566 Ionem
1359 2526 1484 2564 dicunt

38 2595 132 2627 caet.
177 2591 229 2628 lb.
256 2593 381 2630 u.535
414 2595 555 2632 Oarion
580 2594 712 2631 codicis
735 2592 905 2629 Thuanei
933 2592 1158 2641 aliorumque
1184 2597 1302 2628 estex
1321 2588 1488 2626 Catullo(

39 2650 90 2689 lb.
112 2663 148 2688 u.
164 2653 237 2688 667
263 2654 419 2696 alterum
437 2655 700 2695 hemistichium
721 2656 881 2707 corrupit
899 2654 1119 2693 Thuaueus:
1145 2650 1264 2691 Pulsa
1282 2651 1374 2690 lacte
1398 2649 1482 2697 lma

90 2724 148 2757 Ou.
168 2725 260 2757 Fasti.
278 2725 397 2766 Proleg.
1131 2715 1168 2754 Τ
