1685 2954
120 75 180 104 XX
664 70 728 104 ,DE
758 68 1014 99 vss‘rvs'rA'm

119 173 230 210 ferias
256 170 437 217 habuisse,
464 168 634 205 statimue
660 168 697 205 in
723 168 837 206 fastos
863 170 1017 206 relatum
1044 180 1221 220 nusquam
1243 168 1412 217 traditur,
1439 176 1478 207 ut
1503 170 1570 207 mi-

121 235 218 271 nime
243 233 372 270 mirum
391 231 437 266 sit
463 229 580 266 notari
606 240 691 266 eum
716 230 752 266 in
778 229 880 267 fastis
901 231 1142 278 Amiterninis,
1170 232 1283 267 omitti
1309 231 1345 266 in
1368 229 1569 269 Maffeanis.

121 296 169 332 Hi
197 295 303 345 igitur
340 303 436 328 anno
462 290 536 326 757
568 291 787 328 recentiores
822 304 902 328 esse
937 292 1073 329 debent
1104 299 1142 329 et
1177 299 1349 342 possunt:
1386 292 1572 330 uideamus

121 370 195 407 quo
223 368 294 392 non
321 353 471 403 possint.
527 352 624 389 Sunt
650 359 749 389 certe
784 353 1006 402 antiquiores
1032 365 1076 389 eo
1104 359 1287 403 tempore,
1325 366 1397 403 quo
1424 353 1574 390 Circen-

121 430 179 454 ses
206 415 358 464 Augusti
383 414 495 450 natali
519 413 598 450 fieri
624 412 828 460 desierunt,
865 414 963 463 quod
991 414 1126 451 sactum
1154 428 1226 452 non
1254 414 1399 452 uidetur
1425 413 1471 451 ad
1497 414 1575 450 Ca-

121 476 259 526 ligulae
284 487 400 525 usque
436 481 624 523 tempora,
660 474 733 510 uid.
759 475 830 510 Dio
857 474 921 522 59,
945 476 1006 521 25,
1033 475 1097 511 sed
1124 477 1318 526 aliquando
1344 475 1479 512 sactum
1506 480 1575 521 est,

120 538 170 575 id.
197 538 260 584 57,
289 539 359 574 14:
392 533 458 573 καὶ
484 535 604 572 τοῦτο
633 533 699 572 καὶ
726 532 788 572 ἐπὶ
817 532 947 572 πολλὰ
984 531 1052 584 ἔτη
1082 532 1211 580 οὕτως
1238 531 1427 585 ἐποιήθη.
1481 537 1576 572 Ante

128 600 318 648 Caligulae
343 598 531 648 imperium
567 598 690 647 scripti
725 603 832 645 sunt,
869 597 931 647 qui
965 603 1059 634 teste
1083 598 1203 634 Dione
1228 598 1293 646 59,
1318 601 1342 635 6
1368 597 1576 635 Saturnalia

123 662 283 711 quinque
309 659 437 697 diebus
464 659 542 694 fieri
567 659 691 705 iussit,
727 670 809 694 cum
844 658 881 694 in
921 657 1017 694 hisce
1051 657 1152 695 fastis
1189 666 1262 696 tres
1293 666 1430 696 extent,
1481 659 1576 694 Cum

123 735 212 760 uero
239 722 392 758 testibus
419 721 596 757 Suetonio
626 721 705 757 Cal.
732 732 766 758 c.
796 721 844 755 17
870 725 908 755 et
932 719 1050 755 Dione
1076 721 1138 766 60,
1164 721 1228 768 25,
1265 722 1324 757 ubi
1352 721 1398 757 de
1422 719 1576 757 Claudio

123 783 232 820 haec:
260 783 344 825 τοῖς
371 794 412 817 τε
432 777 621 830 Κρονίοις
647 777 720 830 τὴν
747 776 929 829 πέμπτην
957 774 1111 829 ἡμέραν
1139 775 1210 828 τὴν
1236 775 1574 829 καταδειχθεῒσάν

124 856 166 882 τε
191 837 269 880 {md
299 841 370 879 τοῦ
394 840 524 879 Γαΐου
551 841 618 879 καὶ
643 838 746 891 μετὰ
774 841 892 878 τοῦτο
921 841 1224 878 καταλυθεῖσαν
1250 837 1440 890 ἀπέδωκε,
1466 854 1578 879 unum

125 910 266 942 tantum
294 903 389 941 diem
416 917 438 941 a
459 905 625 954 Caligula
653 904 815 941 additum
840 902 951 940 fuisse
977 910 1131 950 constet,
1160 915 1309 940 necesse
1335 911 1389 940 est
1415 905 1482 940 sub
1509 904 1577 940 Ti-

126 967 226 1004 berio
253 971 412 1015 quatuor
437 966 688 1003 Saturnalium
715 965 865 1011 suerint,
892 965 1002 1013 idque
1028 965 1228 1014 prodidisse
1255 965 1448 1001 memoriae
1472 963 1580 1001 uide-

126 1035 186 1065 tur
211 1028 361 1064 Verrius
387 1027 568 1074 Flaccus,
595 1028 624 1064 si
650 1028 725 1064 eius
753 1026 813 1062 illa
840 1035 945 1070 sunt,
974 1039 1070 1076 quae
1096 1028 1131 1063 in
1158 1026 1298 1063 schedis
1318 1026 1447 1076 Pomp.
1474 1025 1581 1068 Laeti

125 1089 223 1140 apud
249 1089 402 1126 Festum
429 1089 600 1137 leguntur
625 1101 662 1138 p.
682 1090 771 1134 173,
799 1089 845 1122 23
874 1086 932 1123 ed.
959 1088 1079 1124 Sant.:
1111 1086 1248 1137 Opalia
1274 1087 1349 1124 dies
1372 1087 1470 1134 festi,
1497 1088 1579 1136 qui—

129 1152 196 1188 bus
220 1150 447 1200 supplicatur
475 1147 560 1198 Opi,
587 1149 829 1200 appellantur,
857 1161 1006 1197 quorum
1033 1149 1124 1186 alter
1152 1178 1160 1187 .
1189 1175 1200 1187 .
1230 1177 1239 1187 .
1274 1176 1283 1186 .
1335 1150 1392 1186 Ea
1426 1160 1482 1185 res
1515 1147 1581 1184 nisi

125 1212 222 1250 forte
247 1224 315 1248 usu
341 1218 482 1248 tantum
510 1211 688 1258 obtinuit,
726 1212 762 1246 in
789 1209 903 1246 fastos
931 1223 1000 1246 non
1028 1212 1142 1248 relata
1169 1218 1244 1258 est,
1279 1223 1398 1260 neque
1422 1211 1517 1247 enim
1543 1210 1580 1246 in

126 1273 229 1310 fastis
258 1274 490 1309 Amiterninis
517 1273 656 1310 Tiberii
684 1278 839 1309 aetatem
866 1271 1047 1321 plerisque
1073 1273 1182 1310 titulis
1210 1273 1498 1323 praeferentibus
1526 1272 1581 1309 in-

128 1334 295 1380 uenitur,
333 1340 546 1383 argumento
583 1339 699 1378 esset,
736 1333 873 1369 Tiberii
899 1334 1048 1384 imperio
1073 1347 1220 1384 quoque
1244 1336 1477 1371 uetustiorem
1503 1345 1582 1370 esse

128 1396 289 1433 tabulam
315 1394 549 1432 Maffeanam.
601 1395 744 1431 Eodem
771 1395 954 1443 pertinere
979 1395 1152 1443 dixerim,
1190 1396 1289 1446 quod
1314 1397 1397 1432 vm
1422 1396 1483 1432 ΚΓ
1512 1395 1580 1432 lul.

127 1458 241 1495 feriae
266 1457 387 1494 Fortis
413 1457 602 1494 Fortunae
628 1457 861 1493 omittuntur.-
897 1462 1042 1493 ueteres
1076 1458 1154 1494 illas
1191 1463 1342 1507 propter
1367 1457 1582 1494 Seruianam

129 1520 279 1568 aedem,
307 1519 367 1556 uel
393 1518 660 1565 Caruilianam,
699 1518 885 1567 probabile
912 1525 967 1555 est
994 1519 1237 1566 obsoleuisse3
1274 1525 1465 1569 postquam
1492 1529 1583 1553 uero

127 1583 350 1619 instauratae
375 1586 460 1617 sunt
486 1591 508 1616 a
535 1580 700 1627 Tiberio,
728 1585 822 1616 teste
849 1580 984 1616 Tacito
1015 1593 1099 1618 ann.
1126 1585 1163 1626 2,
1189 1582 1253 1629 41,
1281 1593 1354 1617 non
1382 1579 1493 1628 magis
1520 1579 1584 1614 ab·

129 1655 210 1680 esse
235 1647 428 1693 poterant,
464 1653 574 1691 quam
608 1641 644 1677 in
680 1642 922 1678 recentiorum
955 1641 1133 1678 fastorum
1166 1642 1400 1691 fragmentis,
1430 1642 1584 1677 Amiter-

129 1704 230 1751 nino,
258 1704 460 1753 Esquilino,
489 1703 690 1741 Venusino.
744 1704 881 1740 Verum
907 1704 935 1740 si
961 1710 1045 1753 post
1070 1705 1220 1752 Augusti
1246 1704 1383 1739 obitum
1409 1701 1586 1738 adornata

130 1771 229 1802 esset
254 1765 379 1801 tabula
406 1771 552 1813 nostra,
580 1766 695 1802 multa
722 1766 799 1802 sine
827 1764 936 1801 dubio
964 1765 1068 1801 aliter
1093 1765 1266 1802 haberet:
1292 1765 1491 1813 Augustum
1517 1763 1586 1799 Di-

130 1839 216 1862 uum
247 1832 498 1875 nuncuparet,
537 1825 635 1875 quod
671 1836 759 1862 sane
793 1837 876 1861 cum
910 1837 1055 1875 semper
1093 1827 1326 1863 obseruatum
1363 1837 1443 1863 esse
1476 1825 1585 1862 docet

130 1887 336 1924 Morcellius
365 1888 485 1924 nescio
511 1900 584 1936 quo
610 1887 716 1935 loco,
753 1893 853 1924 errat
886 1893 1064 1936 arguente
1098 1887 1253 1923 maxime
1280 1887 1404 1923 tabula
1431 1886 1585 1923 Amiter-

131 1950 240 1996 nina,
267 1956 349 1993 tum„
369 1948 612 1985 Praenestinis
638 1954 675 1984 et
701 1948 883 1985 Antiatina
919 1961 1043 1985 mense
1071 1950 1255 1997 Augusto:
1291 1948 1442 1997 Augusti
1467 1948 1586 1984 obitus

132 2016 368 2047 annotaretur
393 2011 479 2047 XIV
505 2010 567 2046 Kl’
597 2009 719 2059 Sept.,
756 2022 864 2060 quem
892 2010 1042 2046 indicari
1069 2010 1195 2046 litteris
1223 2009 1300 2046 F.P
1328 2022 1401 2049 non
1429 2015 1485 2046 est
1520 2008 1586 2046 ad-

132 2071 280 2108 modum
304 2072 514 2121 probabile:
551 2072 762 2121 Augustalia
788 2085 861 2108 non
890 2084 960 2108 uno
987 2071 1068 2120 die,
1095 2071 1160 2107 sed
1188 2071 1239 2107 uti
1265 2070 1443 2107 indicatur
1468 2071 1514 2106 in‘
1530 2068 1587 2107 sa-

132 2134 196 2170 stis
222 2134 393 2171 Amitern.
423 2140 461 2171 et
487 2134 637 2181 Antiat.‚
675 2133 768 2170 ludis
804 2133 893 2181 illis,
931 2146 1021 2183 quos
1057 2139 1318 2169 commemorat
1351 2133 1473 2170 Tacit.
1500 2143 1587 2169 ann.

134 2197 172 2241 1,
203 2195 266 2241 15,
304 2195 448 2232 octiduo
487 2196 784 2245 transigerentur.
850 2196 955 2231 Anno
991 2195 1098 2232 etiam
1124 2196 1198 2231 761
1235 2194 1473 2243 antiquiorem
1509 2204 1589 2229 esse

132 2256 314 2301 tabulam,
353 2258 437 2306 quia
463 2258 510 2294 ΙΙΙ
537 2257 599 2294 Kl’
627 2259 715 2307 Apr.
744 2257 957 2294 comitialem
995 2256 1090 2293 diem
1125 2262 1263 2303 notat„
1289 2256 1350 2305 qui
1375 2254 1443 2291 NP
1471 2253 1590 2291 notari

133 2317 258 2354 debuit
283 2325 367 2367 post
395 2330 477 2354 eum
504 2330 662 2366 annum,
700 2325 787 2355 tunc
814 2318 1029 2368 apparebit,
1068 2330 1149 2354 cum
1186 2316 1430 2354 coniecturam
1455 2315 1589 2366 proba-

133 2390 246 2426 uero,
286 2392 393 2428 quam
421 2380 606 2429 proferam
633 2380 744 2429 paulo
773 2379 934 2416 iuferius.
988 2379 1132 2416 interim
1159 2379 1244 2416 satis
1279 2384 1335 2415 est
1360 2378 1470 2428 plane
1493 2376 1590 2414 simi-

133 2439 204 2475 lem
240 2450 397 2475 causain
422 2441 468 2477 de
505 2454 601 2479 anno
627 2443 703 2478 760
739 2441 874 2479 doceri.
939 2441 1035 2478 Nam
1071 2441 1121 2478 IV
1147 2440 1200 2478 Id.
1226 2442 1319 2490 Aug.
1347 2440 1590 2489 fragmentum

133 2499 308 2537 fastorum
334 2502 556 2540 Antiatinum
585 2510 622 2540 et
648 2503 909 2539 Amiterninum
934 2510 972 2540 et
993 2503 1278 2553 Capranicorum
1306 2507 1434 2538 notant
1460 2499 1527 2536 NP
1553 2505 1591 2537 et

134 2572 279 2597 causam
305 2564 489 2601 ascribunt
516 2565 676 2602 disertim
705 2576 829 2601 omnes
857 2571 894 2601 et
921 2565 1099 2612 eandem,
1137 2564 1396 2600 Amiterninum
1423 2563 1478 2599 his
1506 2567 1591 2598 uer-

132 2622 207 2660 bis:
233 2622 349 2670 feriae
375 2625 470 2673 quffll
494 2638 535 2664 co
562 2625 618 2663 die
643 2639 732 2665 arae
761 2628 880 2664 Cereri
908 2629 1030 2665 Matri
1055 2631 1089 2664 et
1119 2623 1192 2676 Ops
1218 2625 1407 2673 Anytwtae
1431 2634 1478 2661 ea·
1501 2626 1589 2660 uoto
