1685 2954
532 62 599 112 13,
629 60 695 111 14,
727 61 791 109 15,
821 62 889 111 16,
917 61 983 110 17,
1013 61 1065 98 18
1391 65 1523 98 ccxct

82 184 123 223 p.
142 181 307 221 Lx11x3
344 174 382 221 1,
401 170 476 207 440
499 167 789 219 Hellespontiaco
821 168 936 215 maa-53
971 172 1008 214 2,
1025 167 1101 206 587
1126 166 1277 218 Latium
1301 169 1524 217 quotcunque

83 233 230 272 tenebas
254 234 302 272 cf.
322 236 359 279 6,
375 234 425 271 77
447 233 616 270 Romane
641 230 805 278 dedistis,-
831 233 868 275 2,
886 231 961 266 719
985 233 1129 267 Interea
1155 230 1249 278 εἰη-αἱ
1271 228 1450 266 infinitiuo
1467 228 1523 265 hi-

82 297 238 344 storico;
264 299 303 345 3,
319 294 366 333 65
391 297 498 344 pater
522 294 680 341 aynitus.
720 291 931 330 Consimilia
956 298 1041 327 sunt
1067 291 1102 328 in
1119 291 1369 341 Pomponiano
1387 295 1425 328 et
1440 289 1523 327 Me-

83 356 285 395 diolanensi
313 361 350 404 1,
368 358 442 391 310
469 354 517 392 ad
543 359 646 391 stata
670 355 795 402 simam
829 356 868 398 2,
886 351 962 389 597
986 351 1049 389 sed
1074 356 1193 389 tamen
1214 351 1290 397 illi,
1316 351 1414 402 quod
1439 349 1525 388 inde

83 426 203 455 ortum
232 425 309 465 est,
343 417 440 467 quod
469 417 621 453 nominis
648 416 740 452 illius
766 414 898 452 librarii
924 425 1033 450 unam
1060 420 1200 451 tantum
1225 414 1401 463 syllabam
1425 412 1525 451 fece-

84 487 189 528 rant3
215 483 254 527 2,
272 478 346 516 652
373 484 518 517 caetera
536 476 657 524 turba,
683 476 798 513 leuius
824 475 984 526 quidem,
1009 474 1074 512 sed
1100 476 1285 525 proprium
1314 475 1367 512 his
1394 474 1526 512 codici-

83 543 173 589 bus3
198 544 238 589 2,
257 542 330 577 722
366 540 541 578 Conditus
564 540 604 577 in
629 539 762 576 castris
788 539 864 575 otia
886 537 989 574 miles
1014 535 1133 585 habet,
1158 540 1195 584 2,
1213 537 1288 574 745
1313 536 1441 574 audire
1463 549 1528 575 so·-

83 603 164 640 letis
188 608 272 639 sunt
290 601 532 653 Pomponiani
558 607 596 639 et
621 601 726 637 unius
745 599 979 647 Farnesiani3
1005 601 1043 646 3,
1062 602 1137 635 230
1160 597 1349 636 Oebalides
1367 598 1528 634 ornatior

81 664 221 712 forma,
247 665 294 702 ib.
322 666 395 701 253
423 663 549 712 flores,
582 668 701 701 tenero
728 660 770 698 de
797 659 884 708 flore
909 672 1062 698 coronas
1088 662 1227 698 Nectite
1251 659 1293 697 de
1317 663 1387 696 ten.
1417 659 1528 695 totius

88 725 231 763 distichi
264 726 401 763 refictio
428 726 665 763 audacissima
690 724 822 761 nullius
855 730 1001 773 praeter
1029 726 1076 760 12
1089 725 1162 771 203
1200 725 1239 770 3,
1259 722 1333 758 686
1359 719 1526 757 Ambros.

84 787 172 824 facit
195 801 276 824 cum
291 787 554 835 Mazariniano,
581 788 618 832 4,
636 787 706 823 141
735 798 815 823 cum
836 784 966 822 eodem
987 784 1275 834 Pomponianus3
1301 784 1341 830 4,
1357 783 1432 819 778
1458 782 1528 819 Dic

83 853 139 886 ter
164 854 198 886 et
223 861 332 900 quam
359 850 429 885 Dic
455 853 585 897 quater
611 848 816 886 maluerunt
842 850 889 883 12
910 849 982 894 203
1016 847 1055 893 5,
1074 847 1169 894 3093
1196 845 1232 890 5,
1250 846 1340 892 472,
1376 855 1451 880 non
1475 843 1532 880 in-

89 918 244 948 uenusto
271 912 440 958 inuent03
467 911 506 958 5,
525 912 619 959 6683
646 912 681 954 6,
702 912 796 955 1123
821 909 859 954 6,
881 906 976 943 529:
1002 905 1056 943 his
1082 906 1247 943 omnibus
1273 906 1308 942 in
1334 906 1424 943 locis
1443 917 1531 944 ean-

86 971 170 1008 dem
188 972 349 1009 inuenies
376 971 570 1017 libidinem,
598 975 735 1021 quanto
755 968 958 1016 tectiorem,
985 974 1087 1005 tanto
1108 968 1386 1006 damnosiorem.
1426 967 1531 1011 Qua-

86 1039 171 1070 tuor
197 1033 309 1070 habes
335 1032 461 1070 modos
487 1030 775 1081 interpolationis
801 1030 962 1078 minime,
989 1036 1029 1066 ut
1053 1031 1196 1080 opinor,
1222 1028 1443 1077 infitiandos,
1469 1029 1532 1078 qui

86 1093 182 1131 adeo
213 1100 298 1130 sunt
328 1092 579 1129 memorabiles
606 1099 646 1129 ut
670 1091 718 1129 de
742 1091 857 1129 doctis
884 1093 968 1128 uiris
993 1092 1128 1129 saeculi
1152 1091 1222 1129 XV
1248 1092 1375 1141 quaeri
1401 1091 1463 1128 uix
1486 1091 1533 1128 sit

85 1165 255 1191 necesse:
289 1167 510 1204 quamquam
544 1155 682 1204 aliquot
716 1153 883 1191 Politiani
917 1161 1068 1191 conatus
1101 1154 1392 1191 commemoraui.
1452 1151 1532 1190 Sed

86 1215 268 1264 intelligis,
294 1228 367 1265 quo
394 1216 562 1253 reciderit
587 1216 649 1253 illa
675 1217 852 1266 quaestio,
879 1215 937 1253 cui
963 1215 1208 1252 absoluendae
1234 1215 1332 1262 olim,
1359 1227 1441 1252 cum
1467 1215 1533 1252 tri-

86 1277 156 1314 stia
183 1276 348 1322 ederem,
380 1276 532 1315 deerant
557 1277 677 1315 idonei
704 1277 970 1315 membranacei
997 1283 1128 1315 testes:
1163 1276 1299 1314 scilicet
1325 1277 1434 1327 longe
1460 1276 1533 1314 alio

89 1345 201 1389 atque
227 1339 494 1390 expectandum
521 1347 558 1377 et
584 1338 782 1389 optandum
809 1339 890 1377 fuit.

148 1446 151 1449 ἱ
186 1402 250 1438 44.
304 1405 364 1438 13.
403 1404 585 1451 Naugerii
611 1401 725 1438 codex
751 1403 810 1439 uel
837 1400 980 1438 codices
1005 1407 1335 1439 commemorantur
1357 1401 1393 1438 in
1418 1412 1533 1439 anno·-
1572 1410 1583 1432 ε·
1599 1411 1610 1457 j

87 1463 224 1501 tatione
249 1462 414 1501 editionis
440 1465 594 1502 Aldinae
619 1465 749 1501 tertiae
771 1464 884 1509 1534,
910 1475 1018 1513 quam
1044 1463 1122 1513 ipse
1148 1476 1221 1500 non
1247 1463 1334 1500 uidi.
1380 1463 1448 1500 Est
1473 1464 1534 1500 ubi

91 1525 220 1562 eodem
248 1538 400 1563 numero
426 1539 448 1563 a
474 1539 533 1564 me
557 1526 737 1563 indicatur
767 1526 946 1575 scriptura
980 1525 1112 1562 ibidem
1143 1525 1221 1562 sine
1248 1524 1380 1562 codicis
1404 1524 1534 1561 indicio

94 1586 238 1636 prodita
264 1594 301 1623 et
319 1589 365 1624 ab
384 1590 532 1626 Heinsio
560 1590 595 1626 in
617 1588 759 1625 schedis
785 1589 1009 1637 consignata,
1036 1600 1118 1624 cum
1144 1587 1293 1625 dubium
1318 1599 1393 1624 non
1419 1587 1537 1624 uisum

94 1654 150 1684 est
175 1648 262 1697 quiu
289 1660 333 1685 ex
362 1651 486 1688 codice
505 1658 620 1688 esset:
647 1654 687 1698 2,
708 1651 779 1687 152
806 1649 842 1686 id
869 1662 942 1686 non
968 1650 1039 1686 feci
1064 1651 1099 1687 in
1125 1651 1305 1701 scriptura
1329 1648 1511 1699 relinquit.

192 1710 255 1747 45.
307 1712 368 1747 14.
408 1711 532 1749 Caroli
555 1713 778 1748 Strozzae
812 1710 928 1748 codex
960 1713 1006 1748 ab
1034 1712 1183 1748 Heinsio
1215 1712 1366 1748 collatus
1397 1712 1428 1748 is
1458 1723 1538 1748 esse

95 1771 259 1820 uidetur,
286 1772 347 1821 qui
373 1772 588 1809 describitur
613 1773 711 1822 apud
737 1772 941 1809 Bandinum
968 1773 1057 1811 bibl.
1082 1772 1200 1822 Leop.
1226 1773 1429 1813 Strozzian.
1456 1778 1484 1812 t.
1496 1776 1538 1822 2,

94 1846 134 1884 p.
148 1834 221 1871 505
249 1833 329 1872 cod.
342 1833 464 1871 XXIV
489 1841 526 1871 et
551 1845 647 1871 saec.
663 1834 748 1870 Xlll
772 1833 913 1871 dicitur.

194 1898 256 1933 46.
311 1897 371 1934 15.
412 1896 562 1933 Librum
588 1894 767 1934 Matthaei
794 1896 1065 1941 Herculani
1097 1897 1217 1934 nescio
1251 1895 1348 1934 unde
1372 1897 1539 1935 Heinsius

95 1958 276 1996 habuerit.

196 2023 259 2058 47.
314 2022 375 2057 16.
416 2019 533 2057 codex
563 2017 960 2070 GaddiisFlorentini
986 2020 1051 2058 nisi
1077 2019 1204 2069 fallor,
1238 2021 1417 2059 rarissime
1441 2034 1540 2059 com·
1600 2041 1602 2044 v
1637 2026 1641 2029 '

93 2089 327 2120 memoratur.

198 2147 262 2181 48.
317 2146 378 2181 17.
419 2144 870 2182 Helmaestadiensis
903 2144 1044 2182 Suecus
1077 2145 1123 2181 ab
1150 2145 1296 2182 Heinsio
1329 2145 1377 2182 ad
1409 2147 1448 2194 6,
1466 2148 1543 2183 229

97 2219 217 2245 recens
243 2206 396 2256 quidem,
422 2206 484 2244 sed
509 2211 618 2245 notae
642 2207 743 2246 haud
764 2208 940 2257 protritae
964 2207 1169 2259 appellatus
1195 2214 1232 2244 et
1256 2206 1415 2246 studiose
1440 2221 1544 2246 usur-

97 2275 203 2319 patus
230 2274 296 2305 est.

198 2330 400 2368 Numerum
430 2333 476 2367 18
509 2330 708 2369 indideram
734 2332 901 2370 Palatino
927 2333 1040 2382 libro,
1076 2332 1139 2383 qui
1172 2344 1367 2383 perperam
1398 2343 1421 2370 a
1448 2331 1543 2370 Bur-

99 2405 230 2431 manno
273 2397 316 2439 1,
343 2397 366 2429 2
405 2400 442 2430 et
485 2393 568 2430 alibi
605 2402 837 2445 nuncupatur
867 2408 936 2445 pro
973 2395 1153 2444 excerptis
1186 2394 1369 2433 Politiani.
1439 2395 1544 2432 Tali-

105 2453 172 2491 bus
197 2455 378 2492 erroribus
412 2462 552 2492 scatent
584 2456 659 2492 eius
694 2457 954 2494 commentarii.
1005 2456 1174 2506 Longum
1205 2456 1302 2495 foret
1332 2457 1455 2495 omnia
1484 2469 1544 2494 re-

104 2527 330 2565 cognoscere.
392 2516 491 2554 Satis
526 2531 605 2555 sum
647 2524 767 2555 certus
806 2518 893 2556 nihil
927 2519 1060 2556 Heinsii
1096 2518 1312 2557 schedarum
1345 2521 1544 2558 aliorumue

104 2577 314 2615 auxiliorum
340 2579 544 2617 criticorum
568 2580 668 2617 illum
695 2580 863 2618 habuisse
888 2587 1035 2631 praeter
1061 2593 1120 2630 ea,
1145 2581 1240 2620 unde
1265 2583 1454 2621 maximam
1470 2595 1541 2619 co-

103 2639 242 2689 piarum
267 2652 428 2679 mearum
458 2646 600 2691 partem
636 2643 740 2682 unius
774 2644 970 2682 alteriusue
1004 2643 1088 2682 anni
1119 2643 1245 2683 labore
1271 2644 1458 2684 collectam
1483 2643 1540 2681 di-
