1685 2954
733 49 928 79 PVBLICIS
1390 46 1554 78 chxln

112 155 193 193 ficio
215 153 314 206 quod
341 152 518 191 indicatur
540 153 576 198 1,
596 150 688 198 671,
716 148 799 186 uide
825 161 863 199 p.
880 160 972 187 cmv.
1019 148 1228 187 Proximum
1253 152 1308 185 est
1332 147 1421 185 ritus
1447 148 1556 186 sacri-

113 217 247 255 ficandi
282 216 447 254 indicium
486 214 522 248 in
554 212 657 248 Pacis
691 211 788 249 seriis
818 216 854 258 1,
873 213 970 259 711,
1006 211 1154 258 frondes
1179 211 1365 248 Actiacae.
1418 210 1558 254 Quam-

114 291 224 329 quam
259 291 302 316 ea
327 277 404 315 Pax
430 275 511 324 plus
542 275 665 323 uiginti
697 275 800 310 annis
832 279 915 322 post
941 274 1080 309 Actiam
1106 285 1265 323 pugnam
1296 271 1462 308 dedicata
1489 278 1559 319 est,

114 347 152 378 et
170 351 385 391 quamquam
407 337 541 373 Paulus
562 335 666 371 Diac.
687 348 724 385 p.
741 337 827 382 192,
844 337 869 370 4
894 335 1026 371 habeat
1053 336 1149 384 quod
1172 335 1398 372 coniecturae
1414 334 1563 371 Actaeis

113 402 354 450 suffragetur,
381 405 519 435 certum
547 403 667 433 tamen
696 404 748 433 est
775 398 915 433 laurum
943 396 1238 445 intelligendam,
1275 396 1375 432 cuius
1402 397 1515 432 maior
1539 408 1562 433 a

117 464 215 500 cultu
241 459 393 498 Palatini
419 459 594 508 Apollinis
623 471 705 494 usus
732 459 814 505 suit,
841 466 881 494 ut
907 458 1063 494 conferri
1086 459 1199 508 possit
1222 458 1320 508 quod
1347 458 1393 495 de
1420 458 1564 496 coloca-

116 527 184 563 siis
219 529 322 560 notat
347 522 498 558 Seruius
535 519 582 556 ad
616 520 682 557 ecl.
711 521 750 568 4,
775 524 837 557 20.
903 520 1093 556 Pertinent
1127 519 1198 556 huc
1232 531 1326 569 quae
1361 520 1564 558 doctissime

116 585 301 624 annotauit
334 584 398 620 Fr.
424 583 576 619 Iacobus
611 581 656 618 ad
690 582 879 618 Manilium
908 586 944 629 l,
972 585 1016 618 11
1052 582 1090 617 in
1121 582 1316 631 scriptione
1350 581 1565 619 scholastica

117 650 216 684 1830
242 659 279 696 p.
297 647 339 682 9:
374 644 617 682 somniabant
642 646 771 693 quippe
796 644 956 681 homines
981 648 1015 680 ct
1040 644 1200 691 Augusti
1221 655 1310 680 acuo
1336 647 1370 679 et
1393 643 1459 680 sub
1487 646 1567 681 Ne·-

113 710 261 746 mutiani
287 709 428 757 imperii
452 708 628 756 principio
661 711 744 756 post
775 705 919 753 finitum
942 706 1099 743 siderum
1129 706 1316 742 decursum
1342 717 1492 741 atto-eam
1515 705 1567 741 tl-

117 770 193 807 lam
218 774 386 817 aetatem,
412 773 570 805 naturae
597 767 694 805 (lona
717 768 937 816 lar-nissima,
964 773 1175 817 perpetuam
1198 766 1406 803 mortalium
1431 778 1567 814 pacem,

116 844 258 869 monam
277 831 511 874 honestatem,
531 829 678 879 denique
694 829 900 866 beatissima
919 828 1083 865 reditura
1101 830 1177 866 otia
1193 849 1253 865 —.
1285 830 1341 865 Ea
1361 830 1471 876 «igitur
1489 839 1569 877 pax

117 893 360 943 intelligenda,
386 905 496 942 quam
522 904 559 929 u.
581 904 635 941 sq,
663 891 822 939 legimus.
867 891 963 926 Nam
992 891 1206 940 quantulum
1230 890 1403 939 temporis
1428 889 1571 927 intersit

120 956 216 993 inter
241 956 428 992 Nasonem
454 961 491 991 et
516 953 702 990 Manilium
730 952 873 988 memini
901 951 1095 1001 aliquando
1120 964 1179 989 me
1205 951 1466 989 demonstrare.
1513 952 1572 989 De

120 1017 294 1055 sacrificio
320 1016 419 1067 quod
446 1015 601 1052 traditur
625 1018 664 1060 2,
685 1015 746 1057 69,
767 1015 829 1060 70,
857 1013 1000 1050 diuerso
1034 1014 1190 1050 sortasse
1221 1026 1243 1049 a
1275 1026 1377 1050 sacro
1405 1014 1570 1062 Helerni,

122 1078 209 1117 nihil
234 1079 339 1128 potui
367 1077 552 1126 indagare.
587 1075 701 1111 Nonis
721 1075 832 1112 Febr.
850 1079 888 1122 2,
905 1077 978 1111 119
1005 1076 1091 1125 quid
1119 1088 1192 1111 non
1219 1082 1340 1112 actum
1366 1076 1424 1120 sit,
1447 1076 1571 1126 dispu-

119 1141 196 1178 taui
221 1153 258 1190 p.
275 1152 364 1176 mn.
416 1139 565 1175 Faunus
601 1137 785 1186 quomodo
821 1138 938 1173 cultus
970 1139 1016 1174 sit
1043 1137 1158 1173 Nonis
1185 1137 1296 1174 Febr.
1322 1142 1362 1185 2,
1384 1140 1471 1185 193,
1498 1151 1572 1175 non

121 1208 280 1240 constat:
308 1201 354 1238 de
379 1200 493 1236 Nonis
514 1199 775 1236 Decembribus
802 1200 902 1236 testis
930 1205 984 1235 est
1011 1200 1180 1236 Horatius
1209 1212 1318 1237 carm.
1347 1204 1381 1245 3,
1404 1203 1463 1237 18.
1503 1201 1573 1238 Se-

123 1271 285 1315 quuntur
309 1262 551 1313 Lupercalia,
578 1261 624 1298 de
650 1273 805 1310 quorum
830 1262 957 1297 ritibus
984 1273 1028 1297 ea
1060 1260 1141 1298 fere
1167 1261 1277 1297 habet
1304 1269 1414 1311 poeta
1439 1266 1475 1308 2,
1498 1262 1573 1300 265

121 1339 218 1376 sqq„
258 1337 352 1375 quae
388 1324 533 1361 aliunde
568 1330 606 1360 et
639 1323 750 1371 uulgo
786 1329 874 1359 nota
905 1329 1007 1359 sunt:
1047 1322 1129 1359 uide
1162 1335 1249 1372 ergo
1278 1324 1507 1374 Hartungum
1534 1329 1573 1374 2,

123 1401 162 1439 p.
180 1389 266 1424 179.
304 1387 424 1423 Vnum
445 1385 738 1436 praetermissum
760 1390 828 1432 est,
856 1384 902 1421 de
928 1398 1000 1434 quo
1027 1385 1180 1435 posthac
1206 1393 1422 1436 exponetur,
1451 1388 1574 1437 luper-

122 1462 247 1487 corum
274 1449 444 1485 Iuliorum
473 1454 511 1484 ut
537 1447 641 1484 fieret
667 1446 814 1486 mentio.
852 1447 1015 1483 Marinus
1041 1447 1187 1496 quidam
1214 1448 1290 1485 siue
1309 1450 1492 1486 Marianus
1519 1450 1576 1486 lu-

125 1510 365 1562 percaliorum
385 1518 496 1560 poeta
520 1516 557 1547 et
584 1521 708 1545 uersus
735 1509 810 1545 eius
837 1508 978 1544 iambici
1005 1523 1026 1545 a
1052 1509 1183 1546 Seruio
1211 1517 1247 1547 et
1272 1510 1497 1561 Philarygrio
1527 1511 1576 1548 ad

127 1572 195 1609 ecl.
224 1575 261 1618 1,
279 1574 329 1607 20
354 1572 585 1608 adhibentur.
638 1572 678 1607 ln
707 1583 814 1606 uersu
841 1569 1023 1608 Ouidiano
1056 1575 1132 1608 274
1163 1573 1336 1609 audacter
1363 1585 1422 1609 me
1446 1573 1577 1610 secisse

127 1633 247 1669 fateor
271 1632 370 1682 quod
396 1635 637 1669 coniecturam
658 1633 801 1681 recepi:
830 1634 955 1670 nititur
980 1634 1041 1670 illa
1067 1642 1188 1672 tamen
1214 1636 1249 1671 in
1272 1635 1430 1671 omnium
1452 1648 1576 1672 emen-

130 1694 394 1731 datissimorum
421 1695 585 1731 codicum
620 1696 822 1743 scriptura,
856 1695 890 1730 in
917 1695 1119 1733 Pausaniae
1146 1698 1349 1733 testimonio
1376 1700 1414 1744 8,
1435 1699 1502 1745 16,
1539 1699 1577 1735 in

131 1755 306 1794 eiusmodi
331 1756 516 1791 nominum
550 1756 762 1792 uariatione.
815 1755 910 1791 Nam
938 1756 983 1792 de
1008 1757 1158 1806 Megara
1194 1765 1230 1794 et
1256 1759 1412 1807 Megaris
1438 1771 1495 1796 res
1523 1766 1578 1798 est

132 1818 338 1855 notissima:
374 1817 541 1861 Himera,
569 1830 641 1854 non
670 1817 854 1853 Himeram
881 1825 1068 1867 nuncupat
1094 1818 1246 1856 Ouidius
1272 1822 1310 1867 4,
1331 1820 1420 1868 475,
1447 1827 1485 1856 et
1509 1833 1580 1858 eo-

130 1880 215 1918 dem
252 1891 359 1916 uersu
393 1879 653 1915 Tauromenen
689 1878 887 1915 secundum
926 1878 1085 1916 codicem
1124 1880 1196 1917 fide
1232 1881 1475 1930 dignissimum
1508 1896 1578 1933 pro

133 1941 397 1988 Tauromenio,
424 1940 552 1976 Piraea
572 1941 703 1990 plurali
721 1953 873 1977 numero
892 1942 930 1988 4,
947 1942 1038 1978 563:
1066 1935 1257 1990 Πελλήνη
1277 1942 1456 1980 Laconica
1480 1946 1578 1991 urbs,

134 2003 209 2040 uid.
236 2001 451 2040 Schneider.
477 2002 524 2038 ad
550 2002 645 2039 Xen.
672 2002 757 2040 hell.
784 2004 822 2050 7,
841 2003 877 2050 5,
897 2004 932 2047 9,
960 2003 1058 2053 apud
1086 2003 1303 2041 Strabonem
1329 2007 1367 2052 8,
1387 2008 1424 2053 7,
1452 2019 1489 2056 p.
1505 2009 1580 2043 224

134 2071 190 2102 est
215 2061 266 2101 τὰ
292 2060 494 2100 Πέλλανα.
547 2064 602 2100 Ad
637 2076 780 2102 uersum
807 2064 929 2102 Ouidii
956 2069 995 2113 2,
1018 2066 1092 2102 295
1119 2067 1266 2116 ascripsi
1292 2080 1399 2116 quem
1423 2068 1580 2106 imitatus

134 2133 191 2164 est
215 2127 253 2163 in
283 2138 373 2163 uoce
397 2125 565 2173 frondes,
601 2126 702 2176 Virg.
728 2128 817 2164 Aen.
845 2129 883 2174 8,
903 2130 991 2176 318,
1027 2134 1064 2164 et
1089 2129 1150 2178 qui
1176 2129 1290 2166 simile
1314 2128 1401 2165 dixit
1426 2130 1582 2168 Dionem

135 2189 239 2228 Cass.
265 2190 327 2236 62,
352 2188 396 2225 5:
434 2187 513 2224 πᾶν
541 2185 586 2224 δὲ
611 2184 777 2238 δένδρον
805 2184 932 2226 οἷκιάε
968 2191 1110 2227 minora
1146 2191 1286 2227 abiicio.
1339 2191 1582 2234 Quirinalium

134 2252 364 2289 cerimoniam
392 2251 572 2300 publicam
601 2251 735 2287 nullam
763 2251 872 2287 tradit
898 2250 1050 2288 Ouidius
1077 2256 1113 2299 2,
1131 2253 1371 2300 473—510‚
1398 2266 1464 2290 nec
1491 2256 1583 2292 mul-

135 2319 219 2360 tum*
240 2319 294 2349 est
320 2312 418 2362 quod
444 2312 557 2362 apud,
568 2312 718 2349 Festum
746 2315 885 2362 p.217‚
907 2317 952 2349 13
983 2313 1075 2349 tradi
1102 2314 1256 2352 uidetur.
1309 2315 1442 2351 Versus
1461 2315 1584 2353 Ouidii

78 2381 88 2420 ,ί
137 2378 178 2422 2,
192 2376 269 2411 291
300 2386 380 2410 cum
408 2373 455 2410 de
479 2374 564 2410 solis
592 2373 795 2411 desectione
822 2388 894 2410 non
924 2375 1089 2411 uideatur
1115 2388 1234 2425 agere,
1262 2390 1334 2413 non
1363 2386 1443 2426 eget
1464 2378 1584 2414 Scali-

46 2423 50 2431 ³
72 2428 78 2440 Ι

69 2445 73 2452 ‘
138 2435 214 2484 geri
238 2435 450 2472 defensione
476 2435 523 2472 de
550 2436 694 2472 emend.
721 2443 833 2486 temp.
864 2437 887 2473 l.
908 2437 947 2483 5,
974 2449 1010 2485 p.
1026 2438 1118 2473 395:
1144 2439 1240 2475 solus
1262 2440 1493 2488 Augustinus,
1518 2440 1583 2476 sed

139 2495 169 2531 is
195 2495 301 2532 ualde
327 2496 478 2533 ridicula
505 2509 586 2533 cum
620 2499 931 2547 argumentatione
957 2498 1004 2534 de
1030 2511 1061 2534 c.
1090 2500 1126 2537 d.
1154 2503 1190 2547 3,
1212 2503 1258 2537 14
1284 2502 1519 2551 plenilunium
1547 2509 1586 2538 et

141 2556 223 2593 solis
248 2557 431 2595 defectum
463 2559 567 2595 simul
599 2559 710 2596 fuisse
745 2559 908 2597 credidit.
960 2561 1018 2597 De
1045 2561 1233 2613 Feralibus
1260 2575 1353 2611 quae
1385 2570 1585 2613 sequuntur

143 2618 272 2664 2‚567
295 2626 379 2669 post
403 2633 516 2672 supra
541 2621 636 2659 dicta
662 2621 748 2659 nihil
772 2629 884 2660 restat
900 2622 1147 2661 annotandum
1174 2631 1321 2674 praeter
1346 2625 1585 2674 etymologiae
