1685 2954
619 70 813 100 nevus:
842 69 966 99 marr.
1441 71 1519 102 mx

77 178 144 215 rit:
177 188 257 214 eam
282 176 330 214 ob
355 182 499 211 causam
526 171 676 209 omissus
704 175 774 217 est,
799 169 1104 221 quemadmodum
1129 168 1236 207 etiam
1262 169 1390 221 reliqui
1414 171 1521 211 ludo-

76 251 156 277 rum
183 237 259 276 dies
279 238 327 274 ita
351 233 476 272 notati.
529 232 661 282 Neque
688 232 782 268 enim
809 231 981 269 credibile
1005 238 1075 280 est,
1099 231 1239 269 etiamsi
1263 231 1286 269 ii
1313 231 1389 270 dies
1414 239 1521 284 parte

77 302 199 352 aliqua
223 299 306 337 fasti
330 296 490 343 suerunt,
516 294 552 332 id
579 294 725 331 demum
749 292 887 330 factum
913 305 992 331 esse
1018 294 1065 330 ab
1092 295 1276 344 Augusto,
1302 306 1383 331 cum
1411 293 1522 334 ferias

78 373 262 412 nunquam
289 369 361 394 non
388 369 468 395 eam
496 362 619 394 notam
641 367 731 406 prae
756 367 796 392 se
820 354 918 392 ferre
938 354 1137 392 uideamus.
1181 355 1265 392 Illos
1282 368 1428 407 quoque
1444 356 1522 396 dies

77 419 359 475 praetereundos
382 419 489 466 duxi,
518 419 648 468 quibus
674 417 868 466 ascriptum
894 416 1054 454 MERK.
1106 417 1186 453 Hoc
1211 417 1297 467 quid
1323 418 1390 467 sit,
1415 431 1524 458 nemo

78 485 194 523 adhuc
219 482 305 519 satis
332 488 518 518 assecutus
539 486 617 524 est,
653 479 762 515 immo
796 491 903 516 nemo
939 479 1079 515 curauit
1112 485 1258 528 praeter
1281 479 1523 532 Morcellium,

75 547 138 598 qui
162 544 283 582 nescio
317 542 403 593 quid
439 541 486 578 de
518 552 643 578 mense
676 540 908 577 mercedonio
934 547 1103 589 nugatur.
1155 544 1362 578 Mercatwm
1384 543 1525 593 signifi-

75 608 148 645 cari
182 611 323 643 constat
360 615 404 640 ex
437 603 643 653 fragmento
671 602 853 638 Antiatino
880 601 935 639 Id.
961 602 1028 639 lul.
1081 601 1218 638 Verum
1244 601 1314 639 hoc
1339 603 1424 653 quid
1451 612 1522 654 est,

74 675 112 707 et
139 666 311 717 numquid
338 665 384 701 ad
412 665 516 701 ludos
541 664 750 711 Circenses,
788 665 850 713 qui
885 665 1018 713 ubique
1054 663 1303 713 praecedunt,
1338 666 1524 714 pertinet?

75 729 231 779 pertinet
258 739 361 774 uero,
391 728 421 763 si
450 733 547 763 recte
573 738 618 762 eo
644 727 753 762 retuli
778 726 877 776 quod
904 725 1003 777 apud
1031 726 1299 762 Tertullianum
1323 725 1409 764 adu.
1436 739 1526 777 geu-

75 798 130 828 tes
156 803 188 827 c.
203 790 251 827 42
285 789 380 838 legi:
417 787 640 837 Spectaculis
665 800 737 824 non
772 790 1022 832 conuenimus,
1057 799 1149 836 quae
1173 791 1292 824 tamen
1319 787 1418 834 apud
1442 788 1527 827 illos

73 857 194 891 coctus
217 850 473 898 venditantur,
500 851 533 887 si
559 848 827 893 desidet-auem,
865 849 1011 885 liberius
1045 848 1089 885 de
1113 850 1272 898 propriis
1297 848 1386 886 locis
1409 862 1525 890 sumo.

74 915 173 952 Nihil
194 925 325 950 causae
349 913 468 960 uideo,
497 924 562 948 cur
587 911 652 946 hos
675 910 751 947 dies
770 911 816 946 ab
841 912 1002 959 Augusto
1021 909 1167 947 demum
1187 910 1382 948 comitiales
1407 911 1526 951 factos

74 983 222 1027 putem3
248 976 276 1011 si
303 975 538 1024 reliquorum,
563 984 659 1022 quae
685 973 914 1022 inuestigaui,
943 971 1181 1010 adiuuaretur
1205 982 1250 1009 ea
1269 984 1323 1019 re,
1349 985 1422 1009 non
1448 979 1527 1011 tur-

76 1039 223 1075 baretur
248 1036 516 1082 conuenientia,
542 1033 713 1080 sortasse,
740 1033 871 1078 fateor,
897 1040 1078 1083 putarem.
1126 1033 1281 1071 Videtur
1306 1034 1414 1084 igitur
1434 1036 1527 1074 haec

75 1099 200 1136 tabula
229 1097 430 1146 composita
465 1104 548 1147 post
582 1095 846 1133 ordinationem
879 1095 1056 1133 fastorum
1085 1097 1258 1145 Augusti;
1293 1108 1402 1146 quam
1427 1098 1528 1148 quod

76 1173 172 1197 anno
199 1161 273 1196 746
296 1158 495 1208 perfectam
521 1158 633 1195 fuisse
668 1170 740 1195 non
775 1159 853 1194 ausi
886 1170 1010 1195 sumus
1036 1157 1243 1205 affirmare,
1278 1157 1315 1194 id
1349 1158 1435 1196 nihil
1468 1159 1528 1197 hie

75 1221 186 1259 habet
211 1221 395 1258 momenti.
447 1220 580 1270 Neque
614 1220 709 1257 enim
742 1219 978 1256 dubitandum
1015 1232 1094 1257 esse
1120 1219 1296 1268 diximus,
1329 1220 1416 1270 quin
1441 1227 1529 1260 ante

74 1283 202 1321 Martis
228 1283 362 1319 Vltoris
397 1283 573 1332 templum
607 1281 814 1319 dedicatum
850 1282 912 1318 illo
949 1281 1069 1318 officio
1096 1283 1280 1330 Augustus
1313 1282 1528 1332 perfunctus

73 1345 142 1382 sit:
178 1356 274 1380 nunc
300 1356 390 1381 uero
417 1344 567 1380 dubium
593 1356 673 1381 esse
699 1356 816 1394 nego,
843 1344 929 1394 quin
955 1344 1017 1382 illo
1043 1343 1180 1393 templo
1207 1343 1375 1381 dedicato
1401 1346 1528 1383 tabula

74 1406 209 1456 scripta
235 1406 292 1442 sit.
341 1406 451 1442 Tunc
476 1406 586 1452 enim,
613 1418 694 1442 cum
722 1405 968 1453 dedicaretur,
994 1405 1127 1442 scimus
1151 1417 1214 1442 eos
1239 1405 1345 1444 ludos
1371 1408 1527 1458 primum

72 1467 213 1515 factos,
251 1467 313 1516 qui
340 1467 376 1503 in
402 1467 526 1504 tabula
553 1474 726 1506 notantur
750 1468 802 1505 lv
827 1468 882 1505 ld.
910 1468 1014 1516 Mai„
1039 1467 1110 1504 Dio
1135 1466 1201 1515 55,
1231 1470 1291 1504 10.
1343 1468 1434 1506 Post
1458 1482 1528 1507 an-

74 1542 160 1568 num
186 1530 262 1566 756
296 1536 481 1566 exaratam
517 1542 596 1567 esse
630 1530 790 1567 tabulam
825 1529 910 1567 inde
943 1530 1096 1579 colligo,
1131 1528 1230 1579 quod
1255 1529 1385 1569 1V1d.
1411 1532 1528 1582 April.

74 1604 147 1629 non
169 1597 368 1642 potuerunt
393 1591 507 1629 feriae
527 1598 680 1642 propter
700 1591 904 1629 dedicatam
923 1591 1050 1628 Matris
1067 1591 1231 1629 Deorum
1249 1591 1377 1630 aedem
1398 1594 1528 1642 omitti,

75 1653 142 1689 nisi
168 1659 360 1703 postquam
387 1665 431 1690 ea
458 1653 568 1691 aedes
594 1666 639 1691 eo
666 1666 762 1691 anno
789 1653 1050 1702 conflagrauit3
1087 1653 1134 1690 de
1167 1666 1242 1704 qua
1277 1666 1318 1692 re
1343 1655 1436 1692 iufra
1463 1667 1528 1693 ex-

75 1713 242 1764 plicatius
267 1714 420 1750 dicetur.
475 1715 587 1758 Quod
623 1715 696 1753 dixi
722 1716 829 1752 etiam
857 1727 953 1752 anno
986 1715 1061 1752 757
1095 1716 1334 1754 recentiorem
1360 1729 1440 1755 esse
1463 1723 1528 1754 ta-

75 1776 212 1820 bulam,
239 1774 322 1812 ideo
348 1775 517 1822 arbitror,
544 1776 629 1825 quia
654 1777 759 1813 Lucii
783 1783 821 1814 et
847 1776 925 1812 Caii
945 1776 1141 1814 Caesarum
1160 1777 1369 1828 Principum
1394 1778 1529 1817 quen-

75 1837 162 1874 tutis
189 1837 328 1873 natales
351 1835 428 1873 dies
454 1837 542 1873 nulli
569 1843 754 1874 notantur.
807 1837 918 1887 Atqui
940 1837 1030 1873 Caio
1061 1846 1147 1876 nato
1174 1850 1271 1876 anno
1296 1840 1372 1876 734
1396 1852 1528 1877 secun-

76 1897 163 1935 dum
188 1897 344 1935 Dionem
370 1898 437 1946 54,
463 1901 508 1935 8:
546 1896 755 1946 βουθυσία
782 1910 843 1943 τις
869 1900 953 1942 τοῖς
979 1898 1200 1948 γενεθλίοις
1235 1894 1362 1937 αὐτοῦ
1397 1896 1528 1947 ἀΐδιος

74 1954 223 2008 ἐδόθη,
249 1966 288 1997 et
312 1959 426 1997 Lucio
453 1967 517 1997 aut
539 1961 637 1998 edito
664 1973 761 1998 anno
778 1962 869 2009 737,
895 1967 959 1998 aut
984 1974 1066 1998 cum
1095 1962 1184 1999 Caio
1204 1961 1379 2012 adoptato
1397 1964 1528 2015 Augu-

30 2068 32 2071 r
72 2027 150 2059 stus
176 2016 250 2070 τὴν
276 2019 349 2069 τῆς
377 2019 513 2070 Τιμῆς
541 2019 607 2058 καὶ
634 2021 709 2071 τῆς
726 2017 891 2073 Ἀρετῆς
917 2018 1141 2074 πανήγυριν
1167 2020 1208 2067 ἔς
1233 2019 1306 2068 τὰς
1330 2023 1401 2062 νῦν
1427 2019 1528 2076 ἦμέ-

74 2095 152 2132 ρας
175 2078 438 2131 μετέστησενε
474 2083 637 2132 accedit,
664 2084 763 2135 quod
789 2097 863 2135 quo
891 2084 948 2121 die
974 2086 1112 2135 aliquot
1136 2085 1287 2122 saeculis
1311 2091 1397 2137 post
1421 2087 1528 2125 ludos

75 2146 231 2182 Honoris
257 2151 295 2182 et
320 2144 471 2181 Virtutis
508 2157 555 2182 ex
589 2146 797 2184 calendario
829 2146 1075 2184 Lambeciano
1108 2147 1310 2185 celebratos
1344 2149 1527 2199 nouimus,

71 2207 124 2245 lv
141 2207 205 2244 ΚΡ
226 2208 322 2255 lun„
349 2205 524 2243 fastorum
545 2207 848 2245 Amiterninus-um
874 2208 1119 2259 fragmentum
1144 2208 1318 2247 seriarum
1343 2209 1526 2256 indicium,

71 2269 209 2306 litteras
246 2296 256 2307 .
287 2296 296 2306 .
325 2267 618 2306 OD.EO.D1E
648 2297 657 2307 .
687 2297 697 2307 .
733 2278 869 2309 seruat.
922 2271 1109 2308 Ludorum
1145 2271 1314 2309 indicatio
1340 2272 1376 2310 in
1401 2273 1527 2310 tabula

71 2330 203 2367 omissa
229 2341 309 2367 esse
333 2336 456 2380 potest
488 2331 631 2381 aliquot
660 2330 708 2368 ob
735 2344 885 2381 causas,
922 2334 974 2370 uti
1009 2332 1160 2383 posthac
1191 2335 1391 2384 intelliges:
1429 2334 1525 2374 diem

34 2394 39 2402 '
72 2403 160 2429 uero
185 2391 254 2429 NP
278 2392 412 2442 signari
438 2393 614 2443 oportuit,
643 2393 710 2431 nisi
735 2393 832 2432 forte
857 2407 926 2433 eae
950 2395 1065 2433 feriae
1091 2397 1289 2446 abrogatae
1312 2402 1398 2434 sunt
1422 2402 1526 2434 utro-

44 2480 45 2483 =
71 2465 145 2504 que
167 2460 314 2492 mortuo
339 2466 437 2492 anno
463 2455 563 2504 757,
589 2454 688 2506 quod
714 2468 827 2504 sane,
853 2457 884 2495 si
909 2457 996 2507 quid
1021 2457 1153 2507 uideo,
1190 2458 1428 2509 improbabile
1453 2470 1527 2495 non

72 2521 140 2552 est.
193 2515 337 2554 obiisse
361 2516 516 2554 Lucium
541 2529 636 2555 anno
662 2516 762 2566 755,
790 2518 918 2556 Caium
944 2520 996 2556 lx
1021 2519 1084 2557 ΚΡ
1106 2520 1216 2557 Mart.
1244 2521 1334 2568 757,
1362 2519 1527 2557 Cenota-

71 2575 158 2626 phia
176 2577 309 2615 Pisana
334 2577 481 2626 docent,
507 2576 581 2615 uid'.
609 2578 730 2616 Non-is.
754 2591 792 2629 p.
811 2581 902 2629 342,
914 2581 988 2619 348
1003 2594 1059 2632 sq.
1098 2581 1271 2624 Eiusdem
1297 2582 1384 2620 anni
1409 2581 1444 2619 V
1461 2581 1545 2631 ΚΡ-

39 2688 43 2691 ἡ
71 2635 143 2674 lul.
185 2639 376 2678 Tiberium
402 2640 616 2691 adoptatum
640 2641 786 2690 scimus,
811 2642 940 2681 Vellei.
961 2647 999 2692 2,
1021 2645 1106 2681 103.
1156 2643 1295 2682 Verum
1321 2656 1405 2682 eum
1429 2643 1525 2682 diem

1123 2704 1156 2743 B
1182 2709 1207 2743 2
