1685 2954
705 65 761 92 DE
792 62 990 94 SACELLIS
1463 68 1566 98 CXIX

122 160 214 206 beo,
246 159 378 200 deinde
402 161 523 212 sperni
547 173 655 211 posse
680 174 775 212 nego
800 175 882 199 cum
908 163 1045 212 pariter
1070 164 1225 214 attingat
1250 165 1320 202 tria
1345 163 1392 202 de
1415 166 1503 203 lano
1529 173 1567 204 et

120 220 283 260 Lautulis
310 223 510 261 testimonia
535 222 655 272 magni
681 222 810 271 pretii,
838 223 937 272 apud
963 225 1118 263 Paulum
1145 227 1170 264 Ι.
1198 225 1288 273 ind.,
1313 226 1412 276 apud
1439 228 1566 276 Augu-

118 284 252 321 stinum
277 285 324 322 de
359 297 392 321 c.
417 284 454 321 d.
481 287 517 329 3,
545 288 613 322 13:
649 305 700 314 --
737 284 938 332 clausisque
970 289 1087 335 portis
1120 300 1159 324 se
1193 287 1405 336 tuebantur,
1439 289 1565 337 quibus

119 344 226 384 dolo
251 347 427 396 apertis
452 345 692 395 culinissisque
716 345 878 383 hostibus
898 347 999 383 intra
1016 351 1172 397 moenia,
1199 349 1298 400 apud
1315 349 1477 387 Macrob.
1495 356 1564 387 sat.

117 410 158 455 1,
184 408 209 444 9
233 413 325 444 extr.
376 406 468 443 Esto
494 406 591 444 hunc
616 408 842 444 Macrobium
880 419 961 444 cum
997 420 1077 445 eam
1112 417 1254 460 portam
1280 412 1464 448 Ianualem
1496 411 1566 448 sub

114 466 298 505 radicibus
321 466 423 504 collis
453 468 646 505 Viminalis
670 469 780 506 fuisse
806 468 924 516 dieat,
957 470 1075 506 minus
1103 478 1270 510 accurate
1295 473 1414 522 loqui3
1449 473 1564 510 incre-

114 529 226 566 dibile
251 529 345 565 enim
373 535 429 566 est
454 537 559 567 uetus
583 529 734 567 Romuli
760 531 985 580 pomoerium
1015 543 1060 568 eo
1089 545 1202 582 usque
1229 535 1435 583 pertigisse:
1475 534 1563 572 illud

113 596 234 627 tamen
261 590 444 640 aptissime
469 591 545 628 eius
573 592 692 629 uerbis
719 592 968 636 admonemur,
994 594 1023 629 si
1053 605 1200 631 necesse
1225 596 1270 631 sit
1291 594 1482 631 Niebuhrii
1508 596 1562 632 iu-

111 650 246 687 dicium
270 650 318 689 de
343 652 430 689 lano
465 652 499 688 in
532 653 612 698 uia,
649 666 743 704 quae
776 654 885 689 suerit
916 653 1009 690 inter
1035 654 1261 698 Quirinalem
1296 662 1332 692 et
1358 655 1564 693 Palatinum

111 718 295 762 montem,
327 713 395 750 sito
423 713 618 763 deserere,
646 728 718 752 non
748 715 813 751 nisi
841 716 1016 752 orientem
1043 728 1169 754 uersus
1196 730 1274 755 esse
1299 717 1561 756 decedendum.

111 775 264 812 Carinas
290 776 385 813 enim
413 788 492 813 esse
517 777 649 813 montis
667 777 844 827 Esquilini
870 784 1014 827 partem
1036 778 1301 828 amphitheatro
1320 779 1448 815 Flauio
1476 793 1562 829 pro-

109 836 241 874 ximam
277 850 351 874 non
387 843 442 874 est
474 839 661 887 ignotum,
698 839 770 876 uid.
798 839 905 875 Varr.
935 838 982 875 de
1007 838 1031 875 l.
1060 839 1084 876 l.
1112 839 1148 887 5,
1171 842 1234 887 47,
1254 840 1319 888 48,
1354 841 1462 877 Seru.
1491 842 1562 882 loc.

110 898 204 948 ind„
238 898 388 936 Bunsen
424 899 542 937 deser.
571 900 660 937 Vrb.
690 903 727 947 1,
759 912 797 950 p.
815 901 910 946 138,
949 900 1148 937 Ambrosch
1171 901 1278 938 stud.
1306 914 1344 951 p.
1366 905 1452 941 128.
1504 903 1562 940 De

107 960 249 997 minore
274 961 450 1010 Velabro,
475 961 576 1011 quod
600 974 674 998 non
700 961 808 1010 longe
835 972 858 997 a
877 960 1041 998 Lautolis
1066 961 1178 999 fuisse
1205 968 1359 1000 testatur
1377 964 1495 1002 Varro
1521 965 1561 1014 5,

108 1022 207 1070 156,
240 1022 358 1058 minus
385 1023 573 1072 explorata
608 1022 728 1059 adhuc
761 1034 820 1059 res
851 1029 929 1060 est:
965 1023 1073 1061 ualde
1098 1024 1193 1061 enim
1220 1025 1386 1075 ambigue
1410 1025 1561 1063 Bunsen

108 1083 166 1119 uir
189 1083 406 1132 perillustris
433 1083 551 1120 deser.
580 1082 674 1121 Vrb.
704 1088 742 1131 1,
769 1096 807 1133 p.
830 1086 923 1121 133:
961 1087 1053 1122 Hier
1078 1085 1133 1132 (h.
1161 1097 1193 1123 e.
1222 1085 1312 1123 baim
1338 1087 1561 1126 Seuerusbo-

100 1155 190 1193 gen,
216 1156 255 1194 p.
274 1145 365 1190 135)
391 1155 472 1181 war
497 1143 566 1181 das
596 1144 894 1182 walin-scheinlich
919 1145 973 1183 bis
998 1146 1093 1184 nach
1119 1147 1181 1184 der
1206 1147 1354 1186 Subura
1377 1149 1455 1187 sich
1479 1150 1560 1187 hin-

101 1205 271 1244 ziehende
295 1205 407 1243 kleine
436 1204 642 1244 Velabrum.
694 1207 790 1244 Istoc
824 1207 919 1243 enim
956 1207 1003 1244 de
1029 1208 1171 1245 Carinis
1199 1214 1235 1245 et
1260 1209 1429 1258 Subura,
1465 1222 1560 1260 quae

100 1268 171 1305 sub
196 1269 238 1305 iis
264 1268 354 1317 fuit,
380 1268 488 1305 Varr.
517 1268 557 1316 5,
574 1269 648 1317 48,
676 1269 846 1306 conuenit
871 1269 937 1317 iis,
973 1280 1068 1319 quae
1095 1270 1371 1316 annotauimus,
1397 1271 1486 1308 illud
1513 1271 1559 1309 de

102 1329 285 1380 Capitolio
310 1329 409 1367 unde
435 1330 645 1379 colligatur,
671 1343 755 1367 mox
781 1330 982 1379 intelliges,
1010 1337 1204 1382 utrumque
1229 1332 1334 1369 simul
1361 1345 1493 1370 uereor
1518 1339 1559 1371 ut

101 1403 182 1429 esse
207 1393 379 1442 potuerit.
432 1391 668 1429 Manifestum
696 1399 750 1430 est
776 1391 1017 1430 Niebuhrium
1042 1393 1200 1431 noluisse
1226 1394 1324 1444 ideo,
1350 1395 1437 1445 quia
1465 1394 1557 1433 Oui-

99 1453 181 1491 dius
208 1466 244 1491 u.
260 1456 335 1490 263
366 1455 590 1505 Capitolium
617 1466 660 1491 ae
694 1454 825 1491 deinde
852 1467 888 1491 u.
907 1454 982 1491 265
1010 1461 1154 1504 portam
1181 1456 1366 1494 Ianualem
1398 1469 1557 1495 comme-

99 1516 272 1563 morauit,
292 1517 464 1554 sacellum
487 1518 563 1554 Iani
582 1527 700 1567 prope
718 1515 974 1553 Mamertinum
993 1528 1175 1553 carcerem
1195 1519 1261 1554 sub
1282 1517 1462 1568 Capitolio
1481 1519 1555 1555 col-

101 1576 236 1625 locare,
262 1590 330 1614 nec
355 1591 420 1616 cur
445 1579 603 1616 noluerit
629 1579 837 1626 obscurum,
865 1578 963 1628 quod
990 1578 1163 1628 palatium
1182 1591 1255 1615 non
1275 1579 1322 1615 ad
1343 1580 1555 1617 Saturnium

102 1638 186 1675 olim
212 1646 370 1676 montem
398 1642 592 1690 pertinuit,
621 1640 684 1678 sed
711 1647 854 1691 portam
882 1640 1118 1689 Saturniam,
1142 1642 1222 1678 siue
1247 1641 1461 1678 Pandanam
1486 1655 1554 1692 op-

100 1699 178 1748 pid-i
203 1701 397 1749 Satumiz,
423 1715 496 1739 non
523 1705 632 1748 arcis,
660 1703 714 1739 uti
739 1702 890 1740 Bunsen
919 1702 1036 1739 deser.
1067 1706 1103 1750 l,
1129 1716 1167 1753 p.
1183 1704 1254 1741 145
1281 1704 1554 1754 interpretatur,

101 1760 224 1799 Varro
251 1763 395 1811 scripsit
420 1763 459 1810 5,
486 1766 549 1800 42.
602 1765 718 1814 quue
753 1777 834 1800 cum
870 1763 1149 1813 prudentissime
1184 1765 1269 1801 mihi
1307 1765 1473 1802 uideatur
1497 1765 1553 1802 se-

101 1823 192 1861 cisse
210 1823 447 1872 Niebuhrius,
473 1824 622 1861 Bunseu
650 1838 685 1861 u.
714 1825 832 1873 perill.
860 1825 962 1873 quasi
987 1837 1149 1861 errorem
1176 1826 1252 1862 eius
1279 1838 1465 1875 excusare,
1492 1828 1552 1864 uel

99 1886 220 1936 potius
246 1886 387 1922 urbane
412 1884 638 1923 dissimulare
664 1886 822 1923 uoluisse
855 1886 1010 1923 uidetur.
1064 1887 1133 1923 Hic
1159 1888 1252 1924 enim
1286 1887 1333 1924 de
1366 1888 1551 1926 intellectu

100 1947 224 1985 Ouidii
252 1954 395 1995 certus,
421 1947 544 1984 Seruii
569 1945 650 1985 loco
675 1953 822 1997 spreto,
850 1948 909 1984 uel
934 1949 1131 1997 praeterito
1158 1956 1256 1986 certe
1282 1951 1385 1987 crisin
1412 1949 1552 1987 orditur

98 2022 122 2046 a
146 2010 228 2047 loco
253 2009 426 2059 Procopii
460 2009 601 2059 pridem
636 2017 724 2046 noto
759 2009 845 2045 bell.
872 2008 986 2045 Goth.
1017 2013 1054 2058 l,
1075 2011 1140 2059 25,
1166 2012 1224 2048 ubi
1251 2011 1297 2049 de
1321 2013 1432 2049 Iano:
1471 2006 1550 2060 ἔχει

99 2067 145 2108 δὲ
172 2067 242 2108 τὸν
267 2066 366 2108 νεών
391 2069 432 2108 ἐν
459 2071 510 2122 τῇ
537 2065 668 2126 ἀγορᾷ
695 2066 772 2121 πρὸ
809 2069 880 2107 τοῦ
914 2069 1226 2121 βουλευτηρίου,
1265 2068 1399 2124 ὀλίγον
1430 2067 1548 2124 ὑπερ-

97 2126 219 2181 βάντι
246 2127 298 2170 τοὶ
324 2129 416 2183 τριά
443 2134 569 2183 φᾶτα.
611 2134 879 2184 interpretatur
903 2133 1012 2183 igitur
1039 2135 1093 2169 uir
1119 2134 1370 2171 celeberrimus
1397 2129 1548 2185 ἀγορὰν

97 2181 218 2232 locum
244 2196 312 2231 sub
338 2207 484 2233 carcere
508 2195 741 2244 Mamertino,
768 2202 871 2231 extra
896 2195 1016 2231 forum
1041 2196 1247 2232 Romanum
1274 2204 1310 2233 et
1335 2200 1548 2247 Augustum,

98 2258 219 2294 annal.
246 2256 330 2293 dell'
361 2257 474 2294 instit.
501 2257 660 2294 archeol.
690 2259 808 2306 1836,
835 2270 873 2307 p.
895 2259 992 2293 268:
1027 2270 1121 2307 quae
1145 2258 1369 2295 disseruntur
1394 2258 1440 2295 ad
1467 2271 1547 2295 eam

97 2331 175 2357 rem
208 2318 381 2356 tuendam
407 2319 615 2356 coniectura
650 2319 827 2355 nituntur.
880 2319 1020 2355 Deinde
1045 2314 1335 2369 βουλευτήριον
1361 2320 1546 2370 Nibbyum

98 2387 244 2419 secutus
269 2381 436 2430 intelligit
463 2383 696 2419 secretarium
714 2385 877 2425 senatus,
902 2380 999 2429 quod
1024 2381 1135 2417 fuisse
1161 2381 1355 2432 aliquando
1380 2383 1447 2418 sub
1475 2382 1546 2418 Ca-

100 2442 228 2490 pitolio
257 2449 362 2479 uetus
389 2444 513 2480 titulus
538 2443 574 2479 in
601 2442 693 2479 aede
720 2442 796 2479 diui
815 2441 962 2479 Adriani
986 2449 1154 2492 repertus
1180 2443 1312 2481 docere
1336 2455 1425 2480 sane
1445 2443 1546 2480 uide·

102 2509 182 2541 tur:
207 2504 292 2555 quia
319 2510 440 2543 tamen
468 2518 543 2543 non
569 2505 706 2555 optime
732 2505 885 2541 latinum
909 2504 998 2541 illud
1015 2504 1062 2541 ad
1082 2517 1250 2554 graecum
1273 2505 1457 2552 collineat,
1480 2502 1545 2540 ad-

103 2562 217 2612 ditur,-
242 2569 477 2606 secretarium
501 2571 650 2614 senalus
677 2567 786 2603 etiam
811 2570 978 2604 senatum
1003 2566 1227 2616 appellatum
1253 2566 1391 2615 uideri,
1417 2565 1453 2602 id
1479 2577 1543 2601 no-

104 2636 187 2662 men
220 2626 374 2665 sortasse
407 2629 492 2667 inde
527 2643 550 2667 a
576 2629 773 2667 Domitiani
807 2636 928 2667 aetate
959 2629 1177 2677 inualuisse,
1209 2628 1483 2677 aedificiumque
1507 2626 1543 2662 in
