1685 2954
102 66 220 99 ocxu
726 59 783 93 DE
814 60 926 94 nme·

102 167 187 205 dem
210 164 291 204 men
315 162 494 203 sententia
519 173 592 199 non
620 173 769 202 neoesse
784 171 841 202 eet
858 166 1062 203 camisum
1079 163 1194 214 magis
1216 175 1239 202 a
1255 158 1423 214 carendo,
1438 177 1549 217 quam

104 241 127 267 a
152 227 330 278 oar-pendo
354 225 491 261 dictum
518 235 620 261 esse:
647 236 730 260 nam
755 224 955 264 decer-mina
979 233 1064 264 sunt
1090 238 1112 263 a
1135 225 1370 276 decerpendo:
1401 239 1549 277 carpere

105 289 194 327 uei-o
219 298 330 336 saepe
355 292 413 323 est
436 297 505 335 pro
530 283 666 332 nendo,
695 286 779 323 uide
803 288 981 325 Forcell.:
1006 287 1133 338 quidni
1157 299 1245 337 ergo
1273 298 1395 325 carere
1418 289 1456 324 in
1481 301 1548 326 ue-

105 357 203 388 tusta
231 349 355 397 lingua
381 347 491 383 fuerit
515 359 584 396 pro
609 345 813 397 carpendo?
847 350 926 397 uel,
954 350 984 386 si
1009 349 1147 398 mauis,
1173 348 1299 399 quidni
1325 360 1347 385 a
1373 349 1550 399 carpendo

106 412 202 448 dicta
227 410 273 447 sit
302 406 524 447 Camerata?

206 472 389 510 Consus
424 476 728 507 commemoratur
759 471 805 507 ab
831 470 967 508 Ouidio
1004 475 1042 519 3,
1072 473 1158 509 199.
1217 471 1341 510 Varro
1377 472 1555 523 superiori

105 534 199 571 libro
224 532 333 570 deum
359 539 513 579 certum,
541 533 769 569 consiliorum
795 539 982 581 potente-m
1008 533 1109 571 fecit.
1161 533 1290 571 Eidem
1317 540 1440 571 tamen
1467 540 1555 571 nota

108 607 188 633 ease
212 594 337 632 debuit
362 593 477 630 altera
502 593 753 642 interpretatio
779 592 826 628 de
853 592 1029 642 Neptuno
1055 594 1242 644 Equestrh
1269 597 1331 645 qui
1358 596 1475 632 cultus
1500 601 1557 632 est

108 657 229 694 multis
257 655 433 692 Arcadiae
458 654 566 701 locis,
592 653 666 689 uid.
693 653 803 689 Paus.
830 655 866 695 8,
889 656 956 701 103
984 656 1054 702 143
1082 656 1151 703 25⁷3
1179 660 1246 704 363
1273 659 1337 704 37,
1364 663 1401 693 et
1427 658 1557 694 allatus

111 718 302 755 dicebatur
327 717 373 753 ab
393 715 584 762 Euandro,
610 715 762 762 Dionys.
790 714 872 750 Hal.
901 718 935 761 1,
955 717 1016 750 33.
1068 716 1238 766 Namque
1263 724 1317 754 est
1343 718 1557 767 religionum

110 779 366 817 Arcadicarum
392 778 455 814 illa
482 775 745 813 animaduersio
777 776 953 812 uetustior
981 775 1159 824 Varrone,
1186 778 1269 815 uide
1294 791 1333 828 p.
1356 789 1475 825 cc111,
1499 789 1561 815 se-

112 841 271 878 cundum
297 851 407 890 quam
446 838 492 875 de
527 837 597 875 hoc
621 837 797 887 Neptuno
830 837 1126 874 commemorauit
1157 837 1271 876 schol.
1299 839 1485 877 Ciceronis
1511 839 1559 876 ad

111 903 257 941 Vei-rin.
287 906 324 948 l,
348 913 387 950 p.
409 901 481 936 142
508 898 575 937 Or.

211 962 370 999 virbii
397 974 529 998 numen
556 972 675 1011 paene
700 953 817 998 totum
845 960 966 997 obruit
986 959 1205 1010 mythologie
1232 973 1373 1011 graeca.
1414 960 1560 998 Scimus

113 1024 253 1062 Ariciae
277 1024 313 1060 in
341 1035 489 1060 nemore
513 1023 666 1067 Dianae,
691 1023 794 1072 Virg.
822 1024 911 1059 Aen.
939 1025 978 1070 7,
999 1025 1087 1070 775,
1116 1022 1188 1060 Ou.
1217 1025 1253 1068 6,
1273 1025 1363 1070 749,
1389 1024 1449 1059 uhi
1477 1035 1561 1071 asy-

111 1087 188 1123 lum
214 1093 293 1123 erat
317 1084 565 1134 fugitiuorum,
592 1082 667 1121 Ou.
696 1087 732 1131 3,
752 1086 839 1130 271,
867 1084 975 1120 Seru.
1003 1085 1048 1120 ad
1078 1087 1166 1122 Aen.
1193 1087 1229 1130 6,
1252 1087 1338 1132 136,
1366 1085 1501 1122 Strabo
1519 1086 1558 1133 5,

113 1151 136 1184 3
162 1162 200 1198 p.
216 1149 289 1184 388
316 1146 502 1193 Tauchn.,
528 1145 657 1193 deum,
685 1146 738 1181 uti
766 1145 930 1193 uidetur,
958 1158 1004 1183 ex
1030 1146 1175 1183 homine
1199 1154 1283 1196 post
1309 1154 1460 1183 mortem
1486 1146 1560 1182 La-

112 1211 269 1246 tinorum
296 1220 398 1244 more
426 1213 694 1251 consecratum,
721 1206 846 1254 fuisse,
873 1208 1013 1245 Dianae
1040 1209 1089 1244 ita
1117 1208 1324 1245 adiunctum
1353 1214 1446 1244 teste
1471 1207 1560 1244 Ser-

112 1270 174 1307 uio
201 1269 247 1306 ad
268 1271 359 1306 Aen.
380 1271 418 1316 7,
438 1271 528 1316 761,
556 1275 597 1304 ut
614 1268 722 1304 Matri
749 1267 898 1304 deorum
922 1272 1030 1317 Atyn,
1057 1269 1246 1306 Mineruae
1273 1268 1559 1305 Erichthonium.

113 1331 267 1381 Signum
295 1333 370 1368 eius
397 1330 499 1367 nefas
534 1329 644 1366 fuisse
671 1328 797 1378 attingi
825 1330 973 1367 Seruius
1007 1331 1094 1366 ibid.
1123 1343 1162 1368 u.
1180 1332 1275 1377 776,
1311 1330 1451 1366 uultum
1484 1341 1560 1365 non

113 1393 310 1430 iuuenilem
337 1392 504 1429 babuisse
531 1390 685 1428 Ouidius
712 1398 798 1427 met.
829 1392 890 1435 15,
910 1392 985 1427 539
1012 1391 1171 1428 tradunt.
1223 1391 1333 1435 Quod
1360 1403 1473 1441 equos
1500 1403 1561 1427 ar-

115 1455 188 1491 ceri
222 1455 269 1491 ab
302 1466 346 1491 eo
373 1465 521 1491 nemore
546 1453 647 1501 Virg.
675 1454 714 1499 7,
734 1454 832 1500 779,
861 1452 933 1489 Ou.
963 1455 1000 1500 3,
1021 1454 1117 1500 266,
1141 1453 1308 1490 Lactant.
1333 1457 1370 1500 1,
1388 1455 1435 1489 17
1461 1452 1561 1489 affir-

114 1522 239 1564 mant,
270 1516 306 1552 id
333 1517 449 1566 ipsum
475 1527 519 1552 ex
544 1525 674 1564 graeca
701 1515 956 1563 superstitione
983 1515 1182 1550 institutum
1209 1516 1394 1551 existimo:
1432 1526 1561 1564 quem-

114 1576 310 1614 admodum
338 1589 405 1614 nec
432 1576 635 1626 Aesculapii
662 1575 833 1620 officium,
860 1577 960 1625 Virg.
985 1578 1021 1620 7,
1041 1577 1127 1623 769,
1153 1575 1228 1613 Ou.
1255 1578 1294 1623 6,
1311 1578 1387 1612 740
1407 1589 1479 1626 sq.,
1505 1576 1562 1612 fa-

114 1640 182 1675 cile
206 1640 242 1675 in
268 1639 456 1675 uetustiori
483 1636 608 1674 sabula
633 1636 727 1684 suit,
762 1636 914 1687 posthac
940 1639 1035 1687 ipsos
1063 1638 1223 1674 Aricinos
1253 1637 1301 1674 de
1326 1650 1370 1674 eo
1397 1649 1564 1675 narrasse

115 1707 269 1737 testatur
301 1700 499 1736 Pausanias
533 1703 571 1745 2,
598 1700 662 1746 27,
689 1700 733 1734 4:
779 1706 955 1735 mutatum
994 1699 1101 1734 ritum
1135 1698 1389 1735 sacrificiorum
1425 1698 1564 1736 fatetur

115 1761 266 1799 Seruius
292 1760 339 1796 ad
366 1762 454 1796 Aen.
482 1761 521 1807 6,
550 1761 635 1795 136.
687 1759 833 1795 Virbius
865 1760 973 1808 igitur
999 1760 1141 1796 habitus
1176 1766 1230 1795 est
1265 1771 1333 1808 pro
1360 1761 1561 1810 Hippolyto

115 1835 188 1860 non
216 1823 300 1872 quia
327 1822 401 1858 ulla
427 1823 464 1857 in
491 1833 556 1866 re,
589 1821 657 1857 nisi
682 1820 778 1857 forte
805 1821 852 1857 de
878 1822 1023 1857 nomine
1049 1822 1085 1857 in
1114 1820 1212 1857 Osca
1238 1821 1360 1870 lingua
1387 1823 1562 1872 suspicari

114 1885 265 1931 lubeat,
301 1883 421 1920 similis
447 1882 497 1918 illi
530 1881 663 1929 fuerit,
697 1883 760 1918 sed
789 1883 871 1932 quia
898 1883 1020 1919 similis
1046 1890 1100 1919 est
1127 1883 1332 1919 coniunctio
1361 1884 1398 1920 in
1424 1885 1562 1933 graecis

116 1946 264 1982 urbibus
294 1944 435 1981 Dianae
462 1950 499 1980 et
526 1943 658 1979 herois.
710 1944 853 1980 Dianae
878 1945 1055 1982 Saroniae
1080 1944 1205 1980 sanum
1231 1944 1300 1980 suit
1330 1946 1390 1981 ubi
1418 1946 1561 1995 Hippo-

116 2007 213 2056 lytus
240 2018 349 2042 curru
374 2004 546 2042 excidisse
571 2006 782 2054 putabatur,
810 2006 966 2042 Pausan.
994 2010 1033 2053 2,
1059 2009 1108 2042 32
1134 2006 1197 2043 fin.
1238 2002 1439 2055 Ἀρτέμιδι
1465 2006 1561 2044 Λυ-

118 2065 211 2120 καίᾳ
237 2067 360 2103 sanum
392 2066 522 2102 fecisse
549 2067 741 2103 Troezene
775 2066 905 2103 dicitur
933 2068 1151 2117 Hippolytus
1178 2068 1336 2105 Pausan.
1364 2072 1404 2115 2,
1431 2071 1493 2115 31,
1518 2068 1558 2115 4,

118 2131 178 2179 qui
199 2130 351 2165 maxime
377 2129 455 2178 ipse
483 2127 616 2163 ibidem
645 2128 787 2174 colitur,
815 2141 845 2165 c.
865 2132 926 2165 32.
978 2130 1035 2166 De
1055 2129 1255 2179 Epidauria
1277 2129 1392 2165 Diana
1417 2129 1452 2165 in
1477 2129 1560 2165 luco

119 2191 321 2240 Aesculapii
350 2190 432 2226 uide
450 2189 560 2225 Paus.
581 2193 620 2236 2,
634 2192 694 2234 27,
709 2191 745 2226 5.
789 2191 1004 2228 Hermionae
1019 2186 1205 2239 Ἄρτεμις
1226 2185 1433 2240 Ἰφιγένεια
1460 2201 1559 2226 com-

118 2259 338 2288 memoratur
374 2259 411 2287 et
444 2251 575 2287 ibidem
612 2251 750 2298 asylum
783 2251 927 2288 Cereris
963 2253 1061 2302 apud
1089 2253 1255 2289 Photium
1292 2253 1362 2288 lex.
1388 2264 1428 2301 p.
1451 2253 1511 2298 16,
1533 2252 1556 2287 5

117 2311 237 2358 Pers„
265 2312 361 2361 quod
388 2313 536 2349 indicari
564 2312 709 2348 uidetur
735 2325 757 2348 a
784 2312 962 2349 Pausania
983 2318 1021 2360 2,
1043 2316 1106 2361 35,
1128 2317 1192 2351 10:
1219 2309 1390 2350 ὄπισθεν
1416 2310 1461 2349 δὲ
1487 2312 1559 2349 τοῦ

118 2374 218 2409 ναοῦ
254 2373 325 2420 τῆς
354 2371 530 2420 χθονίας
562 2372 694 2422 χωρία
731 2371 831 2420 ἓςίν,
871 2370 897 2410 ἃ
931 2374 1122 2411 καλοῦσιν
1151 2368 1369 2421 Ἑρμιονεῖς
1404 2370 1449 2410 τὸ
1484 2372 1561 2422 μὲν

118 2431 355 2481 Κλυμένου,
384 2432 426 2471 u)
456 2433 499 2472 δὲ
527 2431 793 2481 Πλούτωνος,
821 2432 866 2471 τὸ
895 2435 1030 2484 τρίτον
1058 2433 1103 2473 δὲ
1126 2430 1260 2472 αὐτῶν
1285 2434 1427 2484 λίμνην
1446 2430 1559 2484 Ἀχε-

118 2493 297 2543 ρουσίαν.
327 2494 585 2545 περιείργεται
610 2493 683 2543 μὲν
711 2493 762 2544 δὴ
790 2492 920 2533 πάντα
948 2498 1131 2546 θριγκοῖς
1155 2493 1285 2532 λίθων
1307 2519 1356 2526 -
1380 2510 1447 2533 nec
1473 2510 1559 2547 pro-

119 2558 178 2594 cul
202 2557 313 2593 fuisse
340 2557 481 2593 uidetur
508 2559 631 2594 sanum
660 2558 837 2606 Ilithyiae,
865 2561 901 2604 §.
927 2563 985 2595 11.
1038 2558 1090 2593 Ad
1118 2557 1208 2593 haec
1233 2570 1314 2594 cum
1342 2560 1560 2596 conueniant
1627 2549 1630 2553 ’

118 2619 197 2655 fere
224 2619 361 2654 Ariciae
386 2619 538 2666 asylum,
568 2620 680 2666 lacus,
708 2627 744 2655 et
770 2620 925 2669 Egeriae
952 2619 1179 2657 uenerandae
1205 2621 1294 2656 ritus
1321 2620 1395 2657 Οιι.
1415 2623 1452 2668 3,
1472 2621 1564 2665 269(

1663 2812 1685 2954 mk
