1685 2954
506 80 563 109 DE
592 78 719 108 Lvnls
747 76 1024 107 CIRCENSIBVS
1390 77 1490 108 CLXI

45 184 142 222 circo
166 181 292 230 fuerit,
314 179 367 218 ‘de
391 191 465 229 quo
490 189 625 227 genere
650 176 734 215 uide
749 175 948 226 Bulenger.
965 175 1012 214 de
1035 179 1157 214 uenat.
1177 174 1262 215 circ.
1284 175 1321 214 in
1349 176 1489 218 Graeu.

45 245 138 284 thes.
164 246 203 293 9,
230 257 268 295 p.
285 243 372 280 758.
1211 238 1214 241 '

145 306 333 343 Ludorum
359 299 569 338 circensium
603 299 740 336 initium
765 310 876 349 saepe
909 299 1046 336 factum
1073 305 1128 337 est
1152 310 1312 351 pompa,
1344 298 1392 339 de
1416 313 1491 352 qua

44 367 195 417 Dionys.
223 366 304 403 Hal.
332 365 368 407 7,
389 364 454 410 72,
489 361 647 410 Appiani.
678 361 762 398 bell.
790 361 860 397 ciu.
888 363 927 408 2,
952 363 1039 409 101,
1076 361 1150 398 Ou.
1177 375 1247 399 am.
1277 365 1315 411 3,
1340 366 1390 412 23
1424 362 1491 400 sed

45 442 200 481 quorum
225 426 393 466 ludorum
415 429 452 460 et
476 435 548 472 qua
574 422 620 459 de
641 435 762 470 causa,
790 422 1018 472 exploratum
1039 435 1110 460 non
1134 431 1200 461 est.
1244 425 1302 461 Ex
1321 425 1373 469 iis,
1398 437 1491 475 quos

46 491 201 530 Ouidius
229 487 409 533 describit,
436 484 662 534 Megalenses
683 496 855 534 pompam
881 483 1051 521 habuisse
1076 484 1233 522 affirmat
1257 486 1308 523 IV
1326 486 1378 524 ld.
1403 488 1492 537 Apr-

44 554 85 601 4,
101 554 194 589 391:
221 549 267 586 de
284 545 494 586 Cerealibus
520 546 665 583 minime
690 547 726 583 id
752 558 840 583 sane
866 545 1090 583 demonstrat
1105 547 1222 583 Varro
1242 547 1288 584 de
1305 561 1334 584 r.
1351 561 1381 585 r.
1401 552 1438 597 1,
1453 552 1491 598 2,

44 614 105 650 ubi
129 611 220 650 illud
245 622 353 648 ouum
380 616 660 657 commemorat,
688 607 782 658 quod
806 610 845 645 in
877 607 1013 646 Cereali
1038 621 1172 659 pompa
1196 608 1286 646 solet
1312 620 1388 645 esse
1411 611 1493 659 pri-

42 686 152 718 mum,
179 673 337 709 omnium
366 677 488 708 tamen
513 671 668 707 maxime
686 671 875 720 probabile
899 676 968 718 est,
996 682 1077 706 cum
1104 671 1141 706 in
1167 671 1263 720 ipsas
1288 670 1397 707 ferias
1419 671 1492 707 Ce-

42 736 134 772 reris
160 734 350 771 inciderint
377 733 566 770 circenses.
614 732 824 768 Cerealibus
849 744 961 782 equos
988 733 1181 769 certauisse
1204 737 1358 768 testatur
1383 732 1492 768 etiam

42 797 112 834 Dio
141 797 243 834 Cass.
269 798 333 843 47,
354 797 423 831 40:
458 790 525 829 καὶ
559 788 596 828 οἳ
633 787 881 841 ἀγορανόμοι
918 792 988 830 τοῦ
1021 787 1209 841 πλήθους
1241 785 1494 840 ὁπλομαχίας

43 853 203 908 ἀγῶνας
231 852 317 894 ἀντὶ
345 855 418 903 τῆς
446 850 717 903 ἱπποδρομίας
743 855 792 905 τῇ
819 849 1011 903 Δήμητρι
1039 850 1288 891 ἐπετέλεσανε
1317 854 1495 903 uulpecu-

43 921 160 958 larum
187 918 274 956 illud
301 917 564 968 spectaculum,
593 916 638 952 de
659 929 731 965 quo
751 916 860 953 Ouid.
883 929 918 952 u.
937 918 1008 952 681
1028 929 1100 965 sq„
1129 922 1226 953 certe
1251 914 1321 951 fuit
1348 916 1494 954 uenatio

45 983 105 1019 uel
130 988 232 1032 post,
269 980 329 1017 uel
354 980 449 1016 inter
476 990 652 1028 equorum
681 990 805 1013 cursus
842 977 1002 1014 exhiberi
1028 978 1155 1024 solita,
1189 977 1494 1027 quemadmodum

43 1042 270 1092 Bulengerus
297 1042 322 1078 l.
349 1040 427 1078 ind.
454 1040 572 1076 docet.
626 1037 770 1074 Aediles
803 1039 919 1088 plebis
944 1039 1112 1076 ludorum
1140 1039 1283 1076 Cereris
1310 1046 1495 1077 curatores

44 1104 115 1141 dici
149 1103 339 1149 uidentur,
375 1114 467 1151 quos
495 1100 699 1138 Cerealium
733 1101 877 1137 nomine
905 1101 949 1138 C.
977 1101 1115 1138 Caesar
1147 1107 1305 1151 quatuor
1339 1102 1494 1151 antiquis

43 1165 183 1203 addidit
207 1171 299 1201 teste
324 1163 453 1199 eodem
475 1163 592 1198 Dione
613 1162 674 1206 43,
694 1161 761 1198 51:
789 1174 811 1198 a
832 1175 904 1212 quo
930 1163 1016 1199 inde
1038 1170 1204 1212 tempore
1227 1162 1382 1198 dubitari
1408 1175 1496 1212 pos-

42 1227 109 1274 sit,
137 1237 182 1262 an
210 1225 386 1261 circenses
412 1224 585 1261 Cereales
612 1223 647 1258 in
676 1224 770 1260 circo
797 1224 974 1261 Flaminio
1002 1225 1087 1261 editi
1113 1225 1194 1260 sint.
1247 1223 1383 1260 Verum
1411 1235 1494 1260 cum

41 1288 114 1325 hoc
139 1289 383 1337 perincertum
410 1285 479 1332 sit,
510 1283 598 1321 illud
625 1292 763 1321 certum
791 1292 867 1333 est,
898 1299 957 1322 me
983 1298 1094 1336 supra
1121 1297 1222 1334 p.1x
1250 1291 1401 1335 propter
1426 1285 1495 1321 ista

42 1350 170 1387 Dionis
197 1349 309 1385 uerba
329 1347 512 1384 Ciceronis
538 1346 656 1382 locum
683 1347 721 1383 in
749 1347 854 1384 Verr.
874 1350 916 1394 2,
932 1348 970 1395 5,
991 1350 1040 1384 14
1058 1359 1251 1398 perperam
1276 1348 1496 1396 interpreta-

43 1419 120 1448 tum
147 1423 225 1448 esse
251 1410 298 1447 de
325 1408 418 1446 ludis
443 1408 617 1445 Romanis
645 1409 690 1445 ab
719 1408 894 1446 aedilibus
923 1410 1037 1459 plebis
1064 1409 1225 1446 edendis.
1280 1408 1334 1445 Eo
1361 1420 1407 1445 ex
1433 1408 1495 1446 Ci-

44 1472 184 1509 ceronis
211 1472 292 1508 loco
321 1470 496 1507 docemur
522 1470 665 1507 Cereris
701 1477 737 1508 et
764 1471 889 1507 Liberi
921 1471 1068 1508 eosdem
1104 1470 1214 1507 fuisse
1240 1469 1366 1507 ludos:
1403 1483 1494 1520 quos

43 1539 166 1570 tamen
194 1533 278 1570 olim
304 1531 499 1582 separatim
526 1537 626 1568 actos
653 1538 718 1569 aut
743 1533 937 1581 coniectat,
964 1539 1029 1569 aut
1049 1532 1220 1569 traditum
1240 1533 1379 1582 accepit
1401 1531 1495 1570 Oui-

46 1594 126 1632 dius
146 1598 183 1642 3,
200 1595 290 1642 785,
317 1595 442 1630 unicus
469 1592 566 1643 quod
594 1594 704 1631 sciam
732 1595 807 1632 eius
834 1595 888 1632 rei
914 1601 1053 1632 auctor.
1106 1593 1243 1643 Vulpes
1263 1595 1346 1630 olim
1365 1595 1412 1632 ad
1431 1595 1494 1632 Li-

45 1656 182 1693 beralia
216 1657 432 1705 pertinuisse
465 1655 580 1705 possit
612 1655 718 1692 alicui
751 1657 786 1693 in
813 1663 972 1694 mentem
999 1657 1145 1694 uenire:
1179 1655 1226 1692 de
1259 1668 1331 1706 qua
1357 1669 1420 1707 re,
1454 1664 1494 1695 ut

47 1717 193 1767 opinor,
213 1716 306 1753 infra
332 1722 473 1765 agetur.

152 1779 268 1815 Varro
299 1790 379 1813 cum
408 1783 551 1813 uetusto
578 1789 679 1815 more
704 1778 809 1816 ludos
834 1779 1084 1816 Romanorum
1112 1791 1225 1817 cauea
1253 1786 1290 1817 et
1316 1781 1411 1817 circo
1438 1780 1494 1818 di-

47 1840 203 1887 uideret,
230 1838 296 1876 cfr.
325 1838 402 1875 Cic.
431 1837 478 1875 de
503 1838 598 1887 legg.
628 1843 667 1885 2,
684 1839 744 1886 15,
773 1842 888 1886 §.38,
915 1841 1146 1889 gladiatorios
1174 1842 1399 1880 accensuisse
1425 1844 1495 1880 cir-

47 1902 214 1940 censibus
236 1900 391 1937 uidetur.
470 1900 650 1947 Quorum,
680 1906 718 1936 ut
743 1900 969 1937 Varroniano
997 1901 1112 1938 dicam
1141 1902 1282 1950 ordine,
1309 1912 1495 1942 curatores

46 1962 198 2012 legitimi
223 1968 327 1999 erant
347 1967 548 2012 praetores,
575 1961 648 1997 uid.
668 1961 776 1998 Dion.
797 1962 898 1999 Cass.
918 1963 982 2010 54,
1000 1967 1045 2011 23
1072 1964 1134 2012 55,
1151 1967 1222 2012 313
1248 1966 1311 2012 56,
1330 1966 1403 2014 253
1429 1967 1495 2015 59,

47 2025 114 2061 14:
141 2024 242 2061 locus
268 2022 403 2071 forum,
432 2023 508 2060 uid.
536 2023 699 2073 Lipsium
726 2030 862 2060 saturn.
891 2028 928 2071 1,
948 2026 1011 2072 17,
1037 2025 1189 2074 posthac
1214 2026 1495 2077 amphitheatra,

45 2085 222 2135 inprimis,
248 2092 353 2135 puto,
381 2086 626 2132 Statilianum,
652 2085 722 2121 Dio
748 2086 811 2133 51,
831 2088 897 2121 23:
927 2092 1069 2135 tempus
1095 2094 1268 2124 statutum
1294 2089 1494 2126 secundum

46 2145 159 2183 Ouid.
180 2149 218 2194 3,
235 2149 323 2194 811,
344 2149 418 2183 813
447 2148 709 2196 Quinquatrus,
737 2153 774 2183 et
798 2146 952 2184 sortasse
976 2148 1175 2186 secundum
1195 2149 1348 2187 Dionem
1371 2151 1492 2198 54,2:

46 2204 109 2253 δὶς
134 2205 176 2246 ἐν
206 2202 362 2261 ἑκάστῳ
390 2203 480 2256 ἔτει,
508 2210 676 2256 alterum,
706 2208 805 2258 quod
831 2209 1052 2258 ignoramus.

549 2355 713 2392 ‘LIBER
747 2355 988 2395 DECIMVS.

145 2454 210 2493 Fr.
239 2458 274 2492 l.
313 2455 465 2506 August.
493 2455 540 2493 de
566 2469 597 2494 c.
624 2456 662 2495 d.
691 2460 727 2503 1,
749 2459 815 2493 32:
843 2457 944 2494 Ludi
968 2459 1110 2507 scenici,
1137 2461 1346 2509 spectacula
1372 2462 1491 2510 turpi-

50 2512 210 2553 tudinum
229 2536 281 2544 —-
300 2529 372 2555 non
396 2518 580 2569 homimum
607 2520 718 2562 uitiis,
744 2517 807 2555 secl
832 2518 978 2557 deorum
1003 2525 1204 2558 uestrorum
1227 2524 1339 2560 iussis
1352 2526 1494 2560 Romae

49 2576 204 2614 instituti
235 2584 341 2618 swnt.¹
385 2582 452 2617 Dii
482 2585 629 2629 propter
664 2579 863 2617 sedandam
897 2594 1093 2631 corporum.
1115 2583 1357 2632 pestilentiam
1390 2585 1497 2635 ludos⁴

48 2635 118 2674 sibi
142 2642 295 2680 scenicos
320 2641 478 2679 exhiberi
502 2642 679 2680 iubebant.
707 2663 757 2672 —
781 2641 835 2679 ld.
862 2642 948 2681 ibid.
974 2647 1013 2693 2,
1031 2647 1075 2682 8:
1101 2644 1183 2682 illos
1209 2645 1375 2683 letdos—
1391 2649 1494 2696 ipsos

100 2709 160 2743 Ou.
177 2711 269 2744 Fasti.
286 2713 405 2753 Proleg.
1139 2705 1173 2742 L
