1685 2954
522 100 649 131 conn.
680 96 718 143 1,
747 94 788 141 2,
818 92 856 141 3,
887 87 926 140 4,
957 91 980 128 5
1246 96 1472 128 οσικκκιιι

27 205 75 243 rit
99 204 263 243 elocutus
286 209 353 243 est.
398 200 510 241 Modo
532 201 628 239 enim
655 212 765 238 unum
792 199 968 247 nominat,
994 199 1056 250 qui
1081 196 1226 236 aliunde
1251 203 1338 236 tunc
1363 204 1470 237 notus

25 280 98 304 non
124 266 208 315 suit,
238 274 277 304 ut
304 266 429 314 1,454
453 264 513 300 ubi
538 265 722 306 injnostro
747 261 798 299 ait
821 263 896 298 iam
921 259 1068 308 infimae
1091 262 1297 306 uetustatis,
1322 260 1360 309 5,
1376 262 1470 308 3293

26 331 115 374 630,
142 330 225 368 ubi:
253 330 291 366 in
309 318 397 372 nmo,
423 328 484 376 qui
501 327 569 362 uim
590 325 657 374 ἔσθι’,
673 328 800 375 potest,
827 322 916 360 adeo
934 324 1040 359 tineis
1056 322 1223 367 adv-osus,
1247 323 1336 370 691,
1363 321 1472 358 modo

26 391 133 440 duos,
162 398 202 428 ut
226 393 264 439 4,
279 391 373 437 9073
401 388 440 436 5,
462 390 549 435 199,
576 386 684 423 modo
711 394 784 423 tres
813 389 848 433 1,
870 386 962 431 1303
988 384 1027 431 4,
1047 385 1136 432 606,
1164 384 1273 421 modo
1299 389 1470 434 quatuor,

28 457 66 500 2,
87 454 183 498 508,
209 452 422 503 plerumque
449 450 587 486 incerto
614 460 764 485 numero
792 446 935 482 codices
963 452 1172 495 nuncupat,
1202 459 1245 483 ac
1276 447 1398 482 nescio
1423 457 1471 482 an

27 513 204 551 editiones
229 512 456 549 saeculorum
484 512 645 561 priorum
671 508 737 547 illis
765 508 1002 555 accensuerit,
1030 519 1120 557 quas
1147 507 1282 545 codices
1304 507 1476 555 vulgatos

27 574 117 612 dixit
142 575 180 622 4,
195 575 282 610 713.
324 573 523 610 Caeterum
550 572 891 609 commentariorum
919 569 1023 606 huius
1049 569 1119 605 uiri
1145 581 1217 606 non
1244 570 1373 605 utebar
1399 568 1476 605 edi-

27 636 126 672 tione
151 634 306 672 Puteani
334 642 398 672 aut
423 634 571 680 Palesii‚
597 633 661 671 sed
687 633 975 680 Burmanniana,
1004 644 1100 682 quae
1126 644 1206 668 cum
1233 632 1278 668 sit
1303 636 1382 666 tota
1410 641 1476 666 ne·

26 697 281 747 gligentissime
314 695 514 744 adornata,
561 708 633 733 non
668 695 840 740 mirarer,
885 695 915 731 si
951 694 1009 731 hic
1042 694 1114 731 illic
1150 694 1186 731 in
1222 702 1477 730 erroremwme

26 757 191 796 illexerit.

178 823 215 857 3.
254 820 330 858 Iani
356 821 506 858 Dusae
532 824 729 869 excerpta,
766 819 796 856 si
821 818 991 865 memini,
1019 817 1107 853 nihil
1133 822 1218 852 sunt
1242 813 1340 851 aliud
1368 820 1479 864 atque

29 881 174 919 collatio
200 883 314 920 altera
341 883 472 920 codicis
498 882 696 928 Puteanei,
731 879 804 916 uid.
832 891 946 928 supra
975 891 1010 914 n.
1032 880 1094 916 16.
1148 877 1188 913 ld
1215 890 1287 913 non
1315 875 1480 913 animad-

30 944 182 981 uertisse
208 944 354 982 uidetur
380 944 548 982 Heinsius
574 947 612 990 2,
631 943 725 988 2543
751 942 842 987 274,
868 942 907 987 6,
927 942 999 975 332
1030 940 1089 976 ubi
1115 941 1150 976 in
1177 939 1318 976 schedis
1344 938 1480 975 Putea-

30 1016 140 1041 neum
165 1010 199 1042 et
224 1006 338 1043 alium
366 1007 521 1053 notauit,
549 1005 610 1054 qui
637 1010 691 1049 est
711 1002 768 1038 hic
784 1002 908 1039 Dusae
935 1002 1039 1038 liber.
1077 1003 1221 1038 Tamen
1247 1002 1324 1037 fieri
1350 1002 1480 1050 potuit,

31 1072 72 1102 ut
97 1065 322 1106 diuersorum
359 1067 522 1103 codicum
550 1066 761 1102 collationes
797 1064 832 1100 in
863 1064 991 1101 eodem
1027 1065 1227 1114 exemplari
1254 1075 1355 1100 more
1387 1064 1481 1099 illius

30 1127 163 1164 saeculi
191 1129 376 1165 institutae
401 1128 549 1174 fuerint,
576 1127 604 1163 si
630 1126 726 1162 forte
752 1125 894 1174 longius
921 1125 1108 1164 discedant
1135 1127 1228 1164 haec
1254 1126 1479 1174 testimonia,

31 1187 129 1238 quod
156 1188 386 1226 iudicandum
414 1190 493 1226 aliis
521 1189 700 1237 relinquo.

131 1251 195 1288 36.
246 1252 283 1288 4.
324 1252 381 1288 De
406 1250 642 1288 Politiani
675 1249 856 1298 excerptis
888 1260 947 1285 res
983 1256 1038 1285 est
1072 1249 1158 1285 satis
1184 1248 1365 1286 difficilis..
1401 1250 1483 1287 Hoc

31 1321 183 1347 numero
209 1311 355 1350 distinxi
381 1325 424 1351 ea
457 1325 552 1363 quae
577 1312 662 1348 inde
690 1311 869 1361 exscripta
895 1311 1018 1347 inueni
1050 1311 1085 1347 in
1110 1312 1358 1360 {pugillaribus
1386 1312 1412 1349 l.
1435 1312 1480 1349 F.

10 1372 238 1422 'Gronouii‚
275 1375 350 1413 uid.
385 1375 503 1426 praef.
540 1375 631 1412 trist.
659 1387 697 1423 p.
718 1384 898 1418 xxxnl,
933 1373 993 1409 ubi
1025 1374 1076 1409 ita
1111 1373 1319 1422 legebaturx
1359 1373 1484 1411 Ouidii

33 1446 188 1484 anwres,
213 1436 308 1483 fasti
333 1441 367 1473 et
394 1436 472 1473 alia
498 1435 634 1473 collata
660 1434 705 1472 ub
723 1435 819 1483 Any.
834 1434 1022 1473 Politiano
1048 1444 1128 1472 cum
1156 1440 1225 1471 net.
1251 1435 1329 1472 cod.
1354 1441 1484 1473 extant

32 1496 71 1532 in
96 1495 178 1535 bibl.
207 1501 530 1536 Dominicanorum
556 1497 605 1535 ad
631 1497 754 1534 aedem
779 1496 857 1534 diui
882 1495 1036 1546 Marci,
1070 1497 1163 1534 unde
1188 1497 1276 1535 haec
1301 1500 1487 1548 excerpsi-

34 1567 134 1603 mus,
170 1566 208 1596 et
239 1561 308 1597 sub
341 1560 450 1596 finem
484 1567 738 1610 excerptorum
774 1558 866 1595 haec
899 1559 1009 1609 ipsius
1043 1559 1231 1596 Pontiani:
1278 1561 1488 1609 Recoynoui

35 1619 134 1668 Any.
161 1621 367 1659 Politiamts
403 1634 482 1658 cum
515 1626 655 1658 uetusto
687 1620 803 1658 codice
837 1621 990 1659 collatos
1025 1621 1210 1668 fastorum
1245 1621 1355 1659 libros
1388 1634 1487 1660 anino

35 1682 283 1719 mcccclxxx
323 1685 359 1720 V
380 1684 445 1720 ΚΡ
481 1683 672 1729 Quinctilis
707 1683 912 1721 Florentiae
951 1685 988 1720 in
1030 1682 1106 1720 diui
1137 1683 1261 1720 Pauli.
1329 1684 1488 1721 Eosdem

37 1755 134 1794 anno
161 1745 430 1793 mcccclxxxij
456 1745 594 1794 publice
618 1744 850 1783 enarrabant.
904 1745 974 1781 Hic
998 1749 1163 1781 uetustus
1197 1745 1308 1782 codex
1339 1747 1400 1795 qui
1427 1746 1487 1782 di-

38 1804 133 1840 citur
158 1804 306 1841 dubium
342 1818 414 1842 non
452 1812 506 1842 est
540 1818 585 1842 ex
618 1806 702 1856 ipsis
728 1805 913 1855 scripturis
945 1806 1032 1855 quin
1069 1808 1113 1843 sit
1138 1807 1335 1843 Vaticanus
1360 1807 1421 1844 ille
1447 1820 1486 1845 n.

39 1867 101 1902 39.
127 1868 174 1913 8,
210 1866 310 1916 quod
345 1880 418 1904 non
455 1866 634 1916 ignorauit
659 1866 849 1915 Heinsius,
886 1868 949 1916 qui
979 1869 1015 1904 in
1052 1869 1211 1918 epistolis
1245 1868 1292 1905 ad
1319 1870 1488 1908 Gronou.

38 1939 78 1977 p.
98 1930 191 1965 1762
228 1931 374 1966 Nactus
397 1940 480 1965 sum
510 1927 693 1975 fastorum
715 1930 1071 1977 praestantissimam
1103 1930 1288 1980 exemplar
1310 1932 1351 1968 in
1380 1934 1490 1969 Vati-

41 2001 137 2026 ccma
164 1989 374 2028 bibliotheca
400 1990 529 2028 litteris
555 1989 840 2038 Longobardicis
865 1993 1053 2042 scriptum,
1081 2005 1150 2042 quo
1167 1993 1375 2030 Politiamzs
1398 2006 1490 2031 usus

11 2050 239 2100 salique-ndo
263 2053 424 2097 uidetur,
458 2051 521 2089 sed
546 2072 594 2079 —
620 2056 662 2088 ut
686 2051 901 2089 uberrimmn
935 2053 1025 2090 mihi
1049 2055 1268 2104 spicilegium
1293 2054 1489 2104 reliquerit.

40 2113 150 2164 Atqui
174 2114 270 2151 idem
298 2115 466 2151 Heinsius
489 2114 528 2162 5,
556 2116 630 2150 621
658 2114 829 2151 discernit
862 2115 1058 2165 scripturas
1093 2116 1223 2153 codicis
1249 2117 1428 2154 Vrsiniani
1453 2123 1491 2155 et

41 2187 150 2224 quam
177 2176 213 2212 in
242 2175 294 2213 his
313 2177 491 2213 Gronouii
516 2176 658 2214 schedis
683 2176 844 2214 inuenit:
871 2189 939 2214 nec
964 2178 1095 2215 iniuria
1117 2179 1157 2227 5,
1174 2181 1245 2216 571
1274 2180 1491 2228 scripturam

43 2236 126 2277 hinc
150 2242 267 2276 stanti
301 2250 397 2288 quae
423 2238 578 2275 traditur
607 2240 797 2276 Gronouio
824 2240 860 2275 in
887 2239 1027 2277 schedis
1053 2240 1221 2278 Politiani
1248 2241 1491 2279 coniecturam

43 2298 173 2339 dixisse
198 2301 356 2341 uidetur.
406 2301 568 2338 Dubium
600 2301 686 2338 mihi
712 2314 784 2338 non
811 2307 885 2346 est,
923 2303 1010 2351 quin
1038 2302 1073 2338 in
1102 2303 1225 2339 libello
1253 2302 1313 2339 illo
1339 2303 1492 2340 Grono-

46 2361 152 2399 uiano
183 2365 386 2414 scripturae
420 2351 584 2401 codicu‘m
620 2363 866 2410 diuersorum,
904 2364 1004 2401 uelut
1031 2364 1068 2409 5,
1094 2365 1167 2401 725
1194 2363 1348 2401 Medicei
1380 2365 1491 2412 tertii,

47 2424 316 2465 emendationes
349 2425 516 2463 Politiani
555 2426 740 2476 ipsiusque
775 2426 952 2462 Gronouii
987 2427 1189 2476 promiscue
1225 2427 1491 2464 contineantur.

48 2485 174 2529 Quare
198 2487 326 2525 eadem
352 2488 520 2525 cautione
546 2494 655 2537 atque
674 2487 861 2539 exemplar
886 2487 973 2524 illud
990 2488 1223 2524 Perreianum
1250 2488 1492 2537 elegiacorum

50 2549 258 2597 usurpanda
282 2556 367 2587 sunt
393 2561 490 2600 quae
524 2550 623 2586 nullo
657 2550 870 2600 interposito
902 2561 984 2588 meo.
1017 2549 1146 2600 iudicio
1179 2551 1256 2588 sine
1289 2550 1494 2588 discrimine

51 2608 103 2647 nti
129 2613 272 2664 repperi
295 2611 451 2650 fideliter
478 2612 760 2662 repraesentaiii.
1483 2611 1488 2614 ’

203 2672 239 2708 5.
279 2673 334 2715 Ex
359 2675 483 2713 iisdem
504 2674 669 2713 Politiani
695 2675 873 2729 excerptis
900 2680 981 2725 post
1001 2672 1231 2714 Gronouium
1258 2674 1327 2713 alia
1353 2674 1398 2711 ab
1426 2672 1495 2710 hoc
