1685 2954
573 92 673 123 me.
703 89 955 128 ovnn’rvs
1160 131 1164 134 ,
1410 75 1496 120 205

113 197 236 239 Dicta
264 196 389 238 Pales
414 193 542 237 nobis.
576 191 684 234 idem
711 191 874 233 Vinalia
901 191 1045 246 dicam,

169 266 266 306 Vna
296 250 433 306 tamen
459 259 595 302 media
623 266 690 301 est
718 260 823 300 inter
847 264 1060 312 utramque
1090 258 1192 302 dies.

112 331 291 373 Numina
319 333 508 384 uolgares
536 329 714 370 Veneris
741 327 948 368 celebrato
972 328 1154 380 puellae!
1404 330 1484 368 865

167 401 299 440 Multa
325 398 599 451 professarum
627 395 868 450 quaestibus
897 400 994 447 apta
1021 395 1180 437 Venus.

109 466 277 509 Poscite
303 466 419 506 thure
447 465 544 505 dato
575 463 742 504 formam
771 461 990 515 populique
1019 461 1211 515 fauorem,

164 533 330 576 Poscite
358 531 574 572 blanditias
603 531 810 585 dignaque
839 529 965 569 uerba
992 527 1097 571 ioco.

108 603 294 655 Cumque
321 612 399 641 sua
431 599 618 640 dominae
648 599 744 640 date
772 603 893 652 grata
922 597 1139 651 sisymbria
1166 603 1300 652 myrto

163 671 381 722 'sextaque
411 667 639 720 composita
665 667 814 707 iuncea
841 665 979 706 uincla
1005 677 1111 706 rosa.
1414 668 1496 705 870

108 738 281 790 Templa
307 734 555 789 frequentari
587 734 772 775 Collinae
799 732 982 787 proxima
1009 738 1153 786 portae

163 807 286 846 Nunc
313 804 448 845 decet.
485 816 510 844 a
537 803 678 845 Siculo
707 803 871 842 nomina
900 801 1003 842 colle
1032 805 1185 841 tenent.

107 873 249 926 thue
277 873 511 925 Syracusas
535 870 808 912 Arethusidas
835 869 1002 910 abstulit
1030 867 1152 909 armis

163 938 373 992 Claudius,
403 944 445 978 et
467 939 572 978 bello
594 944 638 978 te
662 950 824 991 quoque
844 935 969 990 cepit,
995 937 1124 989 EryX,

107 1007 298 1048 Carmine
326 1006 484 1046 uiuacis
512 1005 656 1046 Venus
684 1010 750 1045 est
776 1004 974 1045 translata
1001 1003 1200 1057 Sibyllae,
1414 1003 1493 1042 875

162 1076 291 1127 Inque
320 1085 424 1113 suae
453 1071 591 1125 stirpis
616 1072 757 1113 maluit
780 1072 879 1112 urbe
910 1071 1001 1112 coli.

105 1141 191 1182 Cur
218 1141 341 1194 igitur
369 1129 520 1180 festum
549 1139 726 1180 Veneris
753 1139 917 1180 Vinalia
945 1139 1096 1190 dicant,

161 1207 381 1260 Quaeritis,
413 1213 455 1247 et
484 1219 608 1259 quare
639 1207 694 1247 sit
722 1208 832 1248 Iouis
861 1207 940 1248 ista
970 1206 1070 1247 dies.

107 1277 282 1327 Turnus,
314 1288 365 1315 an
393 1275 561 1315 Aeneas
589 1274 711 1314 latiae
741 1288 869 1327 gener
900 1279 1015 1314 esset
1043 1274 1235 1326 Amatae,

163 1344 321 1383 Bellum
357 1348 455 1383 erat.
491 1343 692 1381 Etruscas
721 1343 882 1383 Turnus
912 1342 1054 1382 adorat
1083 1353 1197 1393 opes.
1416 1343 1496 1378 880

107 1409 254 1451 Clarus
283 1416 370 1452 erat
397 1408 653 1464 sumptisque
690 1410 805 1450 ferox
833 1408 1070 1451 Mezentius
1100 1409 1234 1462 armis,

102 1600 190 1636 863.
226 1599 332 1635 Dicta
366 1600 472 1649 michi
504 1601 605 1649 pales
632 1599 727 1636 idem
754 1600 834 1637 Db.
887 1602 978 1650 palis
1004 1598 1112 1638 ΑΨ.
1160 1599 1253 1636 idem
1280 1601 1318 1636 in
1342 1611 1417 1636 ras.
1445 1611 1493 1635 τη.

52 1651 156 1687 nobis
182 1656 235 1686 est
260 1651 330 1685 iam
358 1650 430 1685 uin.
449 1650 535 1686 Am.
549 1653 655 1698 prim.
670 1650 820 1688 Nsediol.
861 1653 994 1688 uiualia
1009 1649 1056 1687 Σ.
1159 1653 1244 1688 864.
1273 1657 1393 1686 tamen
1419 1662 1494 1686 me-

52 1701 113 1737 dio
140 1706 195 1736 est
220 1701 267 1736 in'
289 1701 478 1748 curuisque
504 1701 578 1735 dies
599 1700 618 1736 b
633 1714 706 1737 ona.
721 1713 776 1748 pr.
822 1709 1013 1751 utrumque
1036 1699 1492 1748 BFFNPETngma.

51 1755 241 1800 pr.suett.
258 1749 312 1786 ed.
415 1751 501 1787 865.
528 1750 684 1786 Nomina
715 1752 754 1787 G.
794 1752 946 1787 Munera
972 1753 1002 1788 0
1019 1764 1163 1799 mmpr.
1204 1751 1313 1787 Num.
1342 1748 1495 1799 uulgan'-

54 1809 109 1838 tes
128 1799 191 1838 A.
231 1801 331 1848 uulg.
361 1799 440 1836 libri
461 1805 603 1848 praeter
622 1802 670 1836 A.
715 1801 857 1849 puellae
882 1803 921 1837 in
947 1813 1023 1838 ras.
1051 1815 1099 1838 m.
1201 1803 1287 1837 866.
1315 1808 1400 1850 apta
1427 1801 1495 1836 dea

52 1857 109 1888 est
133 1856 161 1888 t.
263 1852 349 1887 867.
377 1850 484 1886 thura
511 1850 530 1886 b
552 1863 625 1886 ma.
641 1863 697 1900 pr.
735 1851 840 1887 form.
863 1852 1080 1900 ueniamque
1104 1864 1135 1888 s.
1239 1854 1324 1888 868.
1356 1851 1494 1887 blandi·-
1537 1881 1584 1901 Ἣ.

37 1902 126 1948 &cias
145 1898 322 1939 DEGF.
364 1900 485 1937 bland.
505 1902 691 1950 uerbaque
716 1900 822 1950 digna
843 1899 1081 1938 ENHtres.
1120 1903 1231 1938 uerba
1258 1903 1336 1938 loco
1360 1899 1494 1949 (Dfffy.

103 1954 190 1989 869.
218 1952 359 1988 Cuncta
384 1963 473 1987 suae
499 1951 596 1986 dom.
622 1963 657 1999 9.
698 1951 853 1996 §siurbia
872 1954 921 1989 D.
957 1954 1088 1989 sisimb.
1116 1951 1251 1989 EGF.
1291 1953 1425 1989 sisibria
1445 1950 1495 1989 A

52 2015 86 2041 r.
131 2002 288 2039 silinbria
313 2001 343 2048 f.
399 2002 494 2039 mirt.
521 2004 609 2037 DE.
660 2002 790 2038 rnirtho
820 2004 866 2039 G.
985 1998 1071 2039 870.
1110 2004 1299 2053 Tectaque
1324 2003 1495 2039 ABFG

56 2050 249 2090 ‹DMNP
261 2050 458 2101 ²Pmprst
478 2051 638 2088 sedecim.
679 2065 796 2099 comp.
821 2054 915 2089 linea
933 2051 981 2090 Γ.
1020 2054 1162 2090 iunctea
1188 2053 1290 2090 bma.
1301 2066 1356 2102 pr.
1397 2054 1493 2089 iunc.

52 2110 150 2140 serta
182 2101 234 2139 Ψ.
344 2105 430 2138 871.
465 2103 585 2138 Tecta
616 2103 708 2151 freq.
737 2100 806 2149 Es
826 2103 950 2140 decem.
1069 2107 1156 2144 872.
1188 2106 1223 2140 T
1229 2116 1297 2139 unc
1324 2104 1404 2140 dec.
1430 2101 1492 2139 A.

53 2154 149 2191 colle
179 2159 280 2190 tenet
313 2152 394 2189 libri
419 2155 576 2202 eoeceptis
601 2155 701 2199 mets,
725 2153 774 2189 A
792 2151 927 2190 ΨΛΣ
950 2160 1027 2192 octo
1054 2155 1152 2200 αῑὶὶες
1185 2156 1304 2191 Gerar.
1322 2166 1393 2190 scr.

102 2206 189 2241 873.
216 2204 414 2252 syracusias
433 2205 477 2239 P.
515 2204 620 2248 sirac.
643 2201 820 2240 DEGF.
862 2210 994 2243 aretus.
1024 2208 1114 2243 DE.
1157 2205 1271 2242 areth.
1296 2205 1415 2240 attulit
1432 2206 1493 2241 M.

101 2256 188 2291 874.
217 2254 292 2290 erix
318 2250 453 2297 ΒΕΓ.
527 2255 642 2299 ,875
672 2254 841 2290 Carmina
867 2268 916 2294 m.
956 2257 1083 2292 subille
1108 2268 1138 2292 r.
1177 2256 1282 2301 sibill.
1310 2254 1388 2291 rell.
1414 2256 1494 2293 mei.
1564 2265 1579 2278 ·-

101 2306 188 2342 876.
219 2304 303 2340 mal.
326 2305 404 2352 ipsa
431 2304 498 2339 coli
525 2303 545 2339 b
563 2316 637 2340 ma.
654 2316 710 2352 pr.
820 2307 906 2342 877.
941 2307 1066 2349 Quare
1092 2307 1197 2355 igitur
1223 2305 1304 2342 (Ιιιο.
1354 2306 1400 2354 ig.
1429 2317 1494 2341 ue-
1551 2324 1553 2326 ·

55 2355 150 2392 neris
174 2354 305 2391 festum
322 2351 625 2390 AAMOPH
640 2353 708 2403 4⁶⁴9
720 2358 766 2390 33
786 2360 875 2392 octo.
916 2358 1040 2393 ueneri
1064 2357 1096 2403 f.
1138 2357 1277 2393 uenalia
1303 2358 1493 2404 Emmpr.

55 2405 185 2441 uiualia
212 2402 259 2441 Σ.
301 2404 420 2440 dicent
446 2402 498 2441 Φ.
543 2404 658 2441 dicam
685 2404 771 2441 EN
776 2404 812 2442 P
822 2404 911 2443 {PT
933 2409 1096 2456 quinque.
1200 2408 1285 2443 878.
1311 2405 1400 2442 iouis
1426 2407 1494 2442 iste

57 2457 176 2491 2033.
216 2455 337 2493 Gloss.
356 2457 413 2491 D:
448 2454 532 2493 Ideo
561 2461 680 2492 autem
707 2456 770 2493 lias
804 2456 893 2493 duas
920 2459 1126 2505 questiones
1153 2458 1256 2493 simul
1280 2457 1383 2506 ponit
1409 2457 1494 2506 quia

59 2516 130 2541 una
153 2511 207 2542 est
225 2506 412 2542 ambarum
431 2517 550 2541 causa.
654 2508 740 2542 879.
768 2507 856 2543 lacie
876 2510 965 2544 EG.
1069 2510 1155 2544 880.
1184 2512 1262 2544 erat
1286 2513 1323 2543 et
1348 2507 1493 2543 thuscas

57 2560 151 2590 turn.
175 2567 291 2604 puar.
303 2567 373 2593 scr.
411 2555 568 2592 hetrusc.
588 2560 675 2592 vett.
689 2556 742 2593 ed.
757 2561 790 2592 et
808 2556 896 2602 fort.
911 2557 996 2606 aliq.
1011 2554 1150 2603 Heius„
1175 2560 1229 2595 uti
1241 2558 1350 2594 evium
1363 2568 1492 2605 supra.

57 2610 183 2641 turnus
208 2605 357 2655 adoptat
382 2604 433 2642 Z.
481 2606 585 2642 oPeS
611 2604 659 2643 Γ.
766 2609 856 2644 881.
892 2619 964 2657 que
989 2620 1058 2645 om.
1077 2611 1268 2659 Dma.pr.
1312 2608 1416 2644 ferox
1440 2604 1490 2644 Γ.

56 2653 158 2691 ferax
183 2665 215 2692 r.
261 2657 464 2694 mezencius
491 2659 585 2694 DE.
628 2663 782 2695 merent.
811 2656 843 2694 b.
895 2660 1093 2696 mezantius
1117 2659 1149 2706 f.
