<?xml version="1.0" encoding="UTF-8"?>
<!DOCTYPE html PUBLIC "-//W3C//DTD XHTML 1.0 Transitional//EN"
    "http://www.w3.org/TR/xhtml1/DTD/xhtml1-transitional.dtd">
<html xmlns="http://www.w3.org/1999/xhtml" xml:lang="en" lang="en">
 <head>
  <title>
</title>
<meta http-equiv="Content-Type" content="text/html;charset=utf-8" />
  <meta name='ocr-system' content='tesseract 3.04.00' />
  <meta name='ocr-capabilities' content='ocr_page ocr_carea ocr_par ocr_line ocrx_word'/>
</head>
<body>
  <div class='ocr_page' id='page_1' title='image "./fastorumlibrisex00oviduoft_0537.png"; bbox 0 0 1685 2954; ppageno 0'>
   <div class='ocr_carea' id='block_1_1' title="bbox 600 121 1515 184">
    <p class='ocr_par' dir='ltr' id='par_1_1' title="bbox 600 121 1515 184">
     <span class='ocr_line' id='line_1_1' title="bbox 600 121 1515 184; baseline -0.007 -12"><span class='ocrx_word' id='word_1_1' title='bbox 600 142 705 172; x_wconf 74' lang='lat' dir='ltr'><strong>mn.</strong></span> <span class='ocrx_word' id='word_1_2' title='bbox 736 122 981 177; x_wconf 72' lang='lat' dir='ltr'><strong>va‘rvs&#39;</strong></span> <span class='ocrx_word' id='word_1_3' title='bbox 1225 182 1228 184; x_wconf 26' lang='grc'>-</span> <span class='ocrx_word' id='word_1_4' title='bbox 1430 121 1515 166; x_wconf 82' lang='grc'><strong>235</strong></span> 
     </span>
    </p>
   </div>
   <div class='ocr_carea' id='block_1_2' title="bbox 131 237 1518 904">
    <p class='ocr_par' dir='ltr' id='par_1_2' title="bbox 131 237 1518 904">
     <span class='ocr_line' id='line_1_2' title="bbox 132 237 1514 302; baseline -0.009 -12"><span class='ocrx_word' id='word_1_5' title='bbox 132 246 347 302; x_wconf 79' lang='lat' dir='ltr'><strong>Sanguine</strong></span> <span class='ocrx_word' id='word_1_6' title='bbox 375 241 571 287; x_wconf 80' lang='lat' dir='ltr'><strong>Centauri</strong></span> <span class='ocrx_word' id='word_1_7' title='bbox 598 243 811 283; x_wconf 78' lang='lat' dir='ltr'><strong>Lernaeae</strong></span> <span class='ocrx_word' id='word_1_8' title='bbox 838 238 1011 294; x_wconf 80' lang='lat' dir='ltr'><strong>sanguis</strong></span> <span class='ocrx_word' id='word_1_9' title='bbox 1039 239 1237 282; x_wconf 80' lang='lat' dir='ltr'><strong>echidnae</strong></span> <span class='ocrx_word' id='word_1_10' title='bbox 1434 237 1514 278; x_wconf 83' lang='lat'><strong>405</strong></span> 
     </span>
     <span class='ocr_line' id='line_1_3' title="bbox 186 307 1158 363; baseline -0.008 -7"><span class='ocrx_word' id='word_1_11' title='bbox 186 317 346 356; x_wconf 82' lang='lat' dir='ltr'>Mixtus</span> <span class='ocrx_word' id='word_1_12' title='bbox 375 312 427 354; x_wconf 86' lang='lat' dir='ltr'><strong>ad</strong></span> <span class='ocrx_word' id='word_1_13' title='bbox 455 310 646 352; x_wconf 84' lang='lat' dir='ltr'><strong>auxilium</strong></span> <span class='ocrx_word' id='word_1_14' title='bbox 674 315 858 363; x_wconf 85' lang='lat' dir='ltr'><strong>tempora</strong></span> <span class='ocrx_word' id='word_1_15' title='bbox 884 308 995 348; x_wconf 84' lang='lat' dir='ltr'><strong>nulla</strong></span> <span class='ocrx_word' id='word_1_16' title='bbox 1022 307 1158 349; x_wconf 84' lang='lat' dir='ltr'><strong>dabat.</strong></span> 
     </span>
     <span class='ocr_line' id='line_1_4' title="bbox 131 375 1312 430; baseline -0.007 -7"><span class='ocrx_word' id='word_1_17' title='bbox 131 382 282 422; x_wconf 74' lang='lat' dir='ltr'><strong>Stabat</strong></span> <span class='ocrx_word' id='word_1_18' title='bbox 309 386 356 421; x_wconf 92' lang='lat' dir='ltr'><strong>ut</strong></span> <span class='ocrx_word' id='word_1_19' title='bbox 382 383 479 420; x_wconf 76' lang='lat' dir='ltr'><strong>mite</strong></span> <span class='ocrx_word' id='word_1_20' title='bbox 505 382 665 430; x_wconf 88' lang='lat' dir='ltr'><strong>patrem</strong></span> <span class='ocrx_word' id='word_1_21' title='bbox 691 376 868 417; x_wconf 84' lang='lat' dir='ltr'><strong>lacrimis</strong></span> <span class='ocrx_word' id='word_1_22' title='bbox 894 375 1085 428; x_wconf 88' lang='lat' dir='ltr'><strong>perfusus</strong></span> <span class='ocrx_word' id='word_1_23' title='bbox 1112 375 1312 417; x_wconf 88' lang='lat' dir='ltr'><strong>Achilles:</strong></span> 
     </span>
     <span class='ocr_line' id='line_1_5' title="bbox 186 444 1097 497; baseline -0.008 -8"><span class='ocrx_word' id='word_1_24' title='bbox 186 448 260 490; x_wconf 93' lang='lat' dir='ltr'><strong>Sic</strong></span> <span class='ocrx_word' id='word_1_25' title='bbox 287 447 448 488; x_wconf 87' lang='lat' dir='ltr'><strong>flendus</strong></span> <span class='ocrx_word' id='word_1_26' title='bbox 475 444 640 497; x_wconf 87' lang='lat' dir='ltr'><strong>Peleus,</strong></span> <span class='ocrx_word' id='word_1_27' title='bbox 669 445 707 484; x_wconf 89' lang='lat' dir='ltr'><strong>si</strong></span> <span class='ocrx_word' id='word_1_28' title='bbox 735 448 969 495; x_wconf 85' lang='lat' dir='ltr'><strong>moreretur,</strong></span> <span class='ocrx_word' id='word_1_29' title='bbox 998 447 1097 483; x_wconf 87' lang='lat' dir='ltr'><strong>erat.</strong></span> 
     </span>
     <span class='ocr_line' id='line_1_6' title="bbox 132 507 1240 569; baseline -0.007 -11"><span class='ocrx_word' id='word_1_30' title='bbox 132 515 272 569; x_wconf 84' lang='lat' dir='ltr'><strong>Saepe</strong></span> <span class='ocrx_word' id='word_1_31' title='bbox 300 526 444 556; x_wconf 82' lang='lat' dir='ltr'><strong>manus</strong></span> <span class='ocrx_word' id='word_1_32' title='bbox 472 523 622 566; x_wconf 85' lang='lat' dir='ltr'><strong>aegras</strong></span> <span class='ocrx_word' id='word_1_33' title='bbox 649 511 838 557; x_wconf 85' lang='lat' dir='ltr'><strong>manibus</strong></span> <span class='ocrx_word' id='word_1_34' title='bbox 865 509 1051 564; x_wconf 86' lang='lat' dir='ltr'><strong>fingebat</strong></span> <span class='ocrx_word' id='word_1_35' title='bbox 1079 507 1240 550; x_wconf 85' lang='lat' dir='ltr'><strong>amicis:</strong></span> 
     </span>
     <span class='ocr_line' id='line_1_7' title="bbox 187 576 1518 635; baseline -0.006 -12"><span class='ocrx_word' id='word_1_36' title='bbox 187 584 358 634; x_wconf 89' lang='lat' dir='ltr'><strong>Morum,</strong></span> <span class='ocrx_word' id='word_1_37' title='bbox 388 592 491 635; x_wconf 90' lang='lat' dir='ltr'><strong>quos</strong></span> <span class='ocrx_word' id='word_1_38' title='bbox 519 579 632 632; x_wconf 85' lang='lat' dir='ltr'><strong>fecit,</strong></span> <span class='ocrx_word' id='word_1_39' title='bbox 662 577 842 631; x_wconf 87' lang='lat' dir='ltr'><strong>praemia</strong></span> <span class='ocrx_word' id='word_1_40' title='bbox 867 577 1010 618; x_wconf 83' lang='lat' dir='ltr'><strong>doctor</strong></span> <span class='ocrx_word' id='word_1_41' title='bbox 1037 577 1175 618; x_wconf 88' lang='lat' dir='ltr'><strong>habet.</strong></span> <span class='ocrx_word' id='word_1_42' title='bbox 1438 576 1518 615; x_wconf 92' lang='grc'><strong>410</strong></span> 
     </span>
     <span class='ocr_line' id='line_1_8' title="bbox 132 644 1286 702; baseline -0.006 -11"><span class='ocrx_word' id='word_1_43' title='bbox 132 649 287 691; x_wconf 83' lang='lat' dir='ltr'><strong>Oscula</strong></span> <span class='ocrx_word' id='word_1_44' title='bbox 314 661 442 702; x_wconf 82' lang='lat' dir='ltr'><strong>saepe</strong></span> <span class='ocrx_word' id='word_1_45' title='bbox 473 646 597 688; x_wconf 87' lang='lat' dir='ltr'><strong>dedit.</strong></span> <span class='ocrx_word' id='word_1_46' title='bbox 636 645 739 686; x_wconf 85' lang='lat' dir='ltr'><strong>dixit</strong></span> <span class='ocrx_word' id='word_1_47' title='bbox 769 658 932 700; x_wconf 90' lang='lat' dir='ltr'><strong>quoque</strong></span> <span class='ocrx_word' id='word_1_48' title='bbox 959 657 1086 698; x_wconf 86' lang='lat' dir='ltr'><strong>saepe</strong></span> <span class='ocrx_word' id='word_1_49' title='bbox 1114 644 1286 686; x_wconf 76' lang='lat' dir='ltr'><strong>iacenti:</strong></span> 
     </span>
     <span class='ocr_line' id='line_1_9' title="bbox 188 714 1166 768; baseline -0.006 -10"><span class='ocrx_word' id='word_1_50' title='bbox 188 717 298 758; x_wconf 91' lang='lat' dir='ltr'><strong>Viue</strong></span> <span class='ocrx_word' id='word_1_51' title='bbox 325 726 481 768; x_wconf 84' lang='lat' dir='ltr'><strong>precor,</strong></span> <span class='ocrx_word' id='word_1_52' title='bbox 508 727 588 755; x_wconf 91' lang='lat' dir='ltr'><strong>nec</strong></span> <span class='ocrx_word' id='word_1_53' title='bbox 612 726 679 754; x_wconf 89' lang='lat' dir='ltr'><strong>me</strong></span> <span class='ocrx_word' id='word_1_54' title='bbox 708 726 802 755; x_wconf 86' lang='lat' dir='ltr'><strong>care</strong></span> <span class='ocrx_word' id='word_1_55' title='bbox 831 714 1012 765; x_wconf 83' lang='lat' dir='ltr'><strong>relinque</strong></span> <span class='ocrx_word' id='word_1_56' title='bbox 1039 718 1166 766; x_wconf 85' lang='lat' dir='ltr'><strong>pater.</strong></span> 
     </span>
     <span class='ocr_line' id='line_1_10' title="bbox 132 780 1232 834; baseline -0.005 -9"><span class='ocrx_word' id='word_1_57' title='bbox 132 785 254 825; x_wconf 91' lang='lat' dir='ltr'><strong>Nona</strong></span> <span class='ocrx_word' id='word_1_58' title='bbox 282 782 373 825; x_wconf 91' lang='lat' dir='ltr'><strong>dies</strong></span> <span class='ocrx_word' id='word_1_59' title='bbox 401 781 564 834; x_wconf 79' lang='lat' dir='ltr'><strong>aderat,</strong></span> <span class='ocrx_word' id='word_1_60' title='bbox 597 794 690 824; x_wconf 91' lang='lat' dir='ltr'><strong>cum</strong></span> <span class='ocrx_word' id='word_1_61' title='bbox 718 787 785 833; x_wconf 86' lang='lat' dir='ltr'><strong>tu,</strong></span> <span class='ocrx_word' id='word_1_62' title='bbox 814 781 1039 822; x_wconf 87' lang='lat' dir='ltr'><strong>iustissime</strong></span> <span class='ocrx_word' id='word_1_63' title='bbox 1069 780 1232 831; x_wconf 80' lang='lat' dir='ltr'><strong>Chiron,</strong></span> 
     </span>
     <span class='ocr_line' id='line_1_11' title="bbox 189 849 1134 904; baseline -0.004 -11"><span class='ocrx_word' id='word_1_64' title='bbox 189 852 260 893; x_wconf 93' lang='lat' dir='ltr'><strong>Bis</strong></span> <span class='ocrx_word' id='word_1_65' title='bbox 289 856 450 904; x_wconf 86' lang='lat' dir='ltr'><strong>septem</strong></span> <span class='ocrx_word' id='word_1_66' title='bbox 479 850 613 891; x_wconf 86' lang='lat' dir='ltr'><strong>stellis</strong></span> <span class='ocrx_word' id='word_1_67' title='bbox 641 861 812 904; x_wconf 83' lang='lat' dir='ltr'><strong>corpora</strong></span> <span class='ocrx_word' id='word_1_68' title='bbox 838 849 1000 889; x_wconf 88' lang='lat' dir='ltr'><strong>cinctus</strong></span> <span class='ocrx_word' id='word_1_69' title='bbox 1029 860 1134 889; x_wconf 85' lang='lat' dir='ltr'><strong>eras.</strong></span> 
     </span>
    </p>
   </div>
   <div class='ocr_carea' id='block_1_3' title="bbox 138 978 1522 1104">
    <p class='ocr_par' dir='ltr' id='par_1_3' title="bbox 138 978 1522 1104">
     <span class='ocr_line' id='line_1_12' title="bbox 138 978 1522 1038; baseline -0.004 -12"><span class='ocrx_word' id='word_1_70' title='bbox 138 984 261 1026; x_wconf 88' lang='lat' dir='ltr'><strong>Hunc</strong></span> <span class='ocrx_word' id='word_1_71' title='bbox 287 984 375 1038; x_wconf 86' lang='lat' dir='ltr'><strong>lyra</strong></span> <span class='ocrx_word' id='word_1_72' title='bbox 404 995 530 1024; x_wconf 88' lang='lat' dir='ltr'><strong>curua</strong></span> <span class='ocrx_word' id='word_1_73' title='bbox 558 982 676 1036; x_wconf 88' lang='lat' dir='ltr'><strong>sequi</strong></span> <span class='ocrx_word' id='word_1_74' title='bbox 704 987 889 1036; x_wconf 83' lang='lat' dir='ltr'><strong>cuperet,</strong></span> <span class='ocrx_word' id='word_1_75' title='bbox 915 981 991 1023; x_wconf 86' lang='lat' dir='ltr'><strong>sed</strong></span> <span class='ocrx_word' id='word_1_76' title='bbox 1019 981 1167 1022; x_wconf 85' lang='lat' dir='ltr'><strong>idonea</strong></span> <span class='ocrx_word' id='word_1_77' title='bbox 1195 978 1372 1021; x_wconf 88' lang='lat' dir='ltr'><strong>nondum</strong></span> <span class='ocrx_word' id='word_1_78' title='bbox 1443 980 1522 1020; x_wconf 85' lang='lat'><strong>415</strong></span> 
     </span>
     <span class='ocr_line' id='line_1_13' title="bbox 194 1048 1123 1104; baseline -0.002 -12"><span class='ocrx_word' id='word_1_79' title='bbox 194 1053 274 1092; x_wconf 86' lang='lat' dir='ltr'><strong>Est</strong></span> <span class='ocrx_word' id='word_1_80' title='bbox 299 1052 378 1092; x_wconf 83' lang='lat' dir='ltr'><strong>uia.</strong></span> <span class='ocrx_word' id='word_1_81' title='bbox 415 1064 499 1095; x_wconf 81' lang='lat' dir='ltr'><strong>uox</strong></span> <span class='ocrx_word' id='word_1_82' title='bbox 527 1057 666 1104; x_wconf 83' lang='lat' dir='ltr'><strong>aptum</strong></span> <span class='ocrx_word' id='word_1_83' title='bbox 695 1051 818 1092; x_wconf 87' lang='lat' dir='ltr'><strong>tertia</strong></span> <span class='ocrx_word' id='word_1_84' title='bbox 845 1056 1009 1104; x_wconf 91' lang='lat' dir='ltr'><strong>tempus</strong></span> <span class='ocrx_word' id='word_1_85' title='bbox 1034 1048 1123 1090; x_wconf 89' lang='lat' dir='ltr'><strong>erit.</strong></span> 
     </span>
    </p>
   </div>
   <div class='ocr_carea' id='block_1_4' title="bbox 140 1184 1192 1307">
    <p class='ocr_par' dir='ltr' id='par_1_4' title="bbox 140 1184 1192 1307">
     <span class='ocr_line' id='line_1_14' title="bbox 140 1184 1192 1238; baseline -0.002 -11"><span class='ocrx_word' id='word_1_86' title='bbox 140 1185 335 1238; x_wconf 90' lang='lat' dir='ltr'><strong>Scorpios</strong></span> <span class='ocrx_word' id='word_1_87' title='bbox 363 1185 404 1224; x_wconf 88' lang='lat' dir='ltr'><strong>iu</strong></span> <span class='ocrx_word' id='word_1_88' title='bbox 432 1184 548 1225; x_wconf 89' lang='lat' dir='ltr'><strong>caelo</strong></span> <span class='ocrx_word' id='word_1_89' title='bbox 578 1196 672 1226; x_wconf 87' lang='lat' dir='ltr'><strong>cum</strong></span> <span class='ocrx_word' id='word_1_90' title='bbox 701 1197 795 1226; x_wconf 85' lang='lat' dir='ltr'><strong>cras</strong></span> <span class='ocrx_word' id='word_1_91' title='bbox 822 1186 1035 1226; x_wconf 91' lang='lat' dir='ltr'><strong>lucescere</strong></span> <span class='ocrx_word' id='word_1_92' title='bbox 1063 1195 1192 1225; x_wconf 85' lang='lat' dir='ltr'><strong>nonas</strong></span> 
     </span>
     <span class='ocr_line' id='line_1_15' title="bbox 193 1251 1094 1307; baseline -0.002 -14"><span class='ocrx_word' id='word_1_93' title='bbox 193 1252 389 1304; x_wconf 85' lang='lat' dir='ltr'><strong>Dicimus,</strong></span> <span class='ocrx_word' id='word_1_94' title='bbox 419 1265 444 1292; x_wconf 86' lang='lat' dir='ltr'><strong>a</strong></span> <span class='ocrx_word' id='word_1_95' title='bbox 473 1251 607 1293; x_wconf 87' lang='lat' dir='ltr'><strong>media</strong></span> <span class='ocrx_word' id='word_1_96' title='bbox 633 1259 750 1307; x_wconf 69' lang='lat' dir='ltr'><strong>parte</strong></span> <span class='ocrx_word' id='word_1_97' title='bbox 778 1251 983 1294; x_wconf 85' lang='lat' dir='ltr'><strong>notandus</strong></span> <span class='ocrx_word' id='word_1_98' title='bbox 1006 1251 1094 1292; x_wconf 89' lang='lat' dir='ltr'><strong>erit.</strong></span> 
     </span>
    </p>
   </div>
   <div class='ocr_carea' id='block_1_5' title="bbox 142 1384 1528 1505">
    <p class='ocr_par' dir='ltr' id='par_1_5' title="bbox 142 1384 1528 1505">
     <span class='ocr_line' id='line_1_16' title="bbox 142 1384 1233 1439; baseline -0.002 -11"><span class='ocrx_word' id='word_1_99' title='bbox 142 1386 252 1428; x_wconf 90' lang='lat' dir='ltr'><strong>Hinc</strong></span> <span class='ocrx_word' id='word_1_100' title='bbox 278 1385 348 1429; x_wconf 91' lang='lat' dir='ltr'><strong>ubi</strong></span> <span class='ocrx_word' id='word_1_101' title='bbox 376 1385 586 1439; x_wconf 87' lang='lat' dir='ltr'><strong>protulerit</strong></span> <span class='ocrx_word' id='word_1_102' title='bbox 614 1385 792 1426; x_wconf 88' lang='lat' dir='ltr'><strong>formosa</strong></span> <span class='ocrx_word' id='word_1_103' title='bbox 820 1390 882 1426; x_wconf 88' lang='lat' dir='ltr'><strong>ter</strong></span> <span class='ocrx_word' id='word_1_104' title='bbox 909 1384 1124 1437; x_wconf 86' lang='lat' dir='ltr'><strong>Hesperus</strong></span> <span class='ocrx_word' id='word_1_105' title='bbox 1152 1396 1233 1437; x_wconf 83' lang='lat' dir='ltr'><strong>ora,</strong></span> 
     </span>
     <span class='ocr_line' id='line_1_17' title="bbox 198 1452 1528 1505; baseline -0.002 -10"><span class='ocrx_word' id='word_1_106' title='bbox 198 1456 280 1495; x_wconf 84' lang='lat' dir='ltr'><strong>Ter</strong></span> <span class='ocrx_word' id='word_1_107' title='bbox 309 1453 495 1495; x_wconf 87' lang='lat' dir='ltr'><strong>dederint</strong></span> <span class='ocrx_word' id='word_1_108' title='bbox 519 1453 686 1495; x_wconf 91' lang='lat' dir='ltr'><strong>Phoebo</strong></span> <span class='ocrx_word' id='word_1_109' title='bbox 716 1452 851 1495; x_wconf 87' lang='lat' dir='ltr'><strong>sidera</strong></span> <span class='ocrx_word' id='word_1_110' title='bbox 877 1453 989 1494; x_wconf 86' lang='lat' dir='ltr'><strong>uicta</strong></span> <span class='ocrx_word' id='word_1_111' title='bbox 1017 1453 1163 1505; x_wconf 91' lang='lat' dir='ltr'><strong>locum,</strong></span> <span class='ocrx_word' id='word_1_112' title='bbox 1446 1454 1528 1492; x_wconf 90' lang='grc'><strong>420</strong></span> 
     </span>
    </p>
   </div>
   <div class='ocr_carea' id='block_1_6' title="bbox 61 1561 1538 1916">
    <p class='ocr_par' dir='ltr' id='par_1_6' title="bbox 61 1561 1538 1916">
     <span class='ocr_line' id='line_1_18' title="bbox 139 1561 1533 1615; baseline -0.001 -13"><span class='ocrx_word' id='word_1_113' title='bbox 139 1565 226 1604; x_wconf 80' lang='lat'><strong>405.</strong></span> <span class='ocrx_word' id='word_1_114' title='bbox 259 1564 434 1602; x_wconf 73' lang='lat' dir='ltr'><strong>echidnae</strong></span> <span class='ocrx_word' id='word_1_115' title='bbox 464 1577 493 1603; x_wconf 86' lang='lat' dir='ltr'><strong>e.</strong></span> <span class='ocrx_word' id='word_1_116' title='bbox 541 1577 644 1615; x_wconf 85' lang='lat' dir='ltr'><strong>sang.</strong></span> <span class='ocrx_word' id='word_1_117' title='bbox 671 1565 845 1602; x_wconf 86' lang='lat' dir='ltr'><strong>echinnae</strong></span> <span class='ocrx_word' id='word_1_118' title='bbox 870 1561 951 1601; x_wconf 87' lang='grc' dir='ltr'><strong>ΕΓ</strong></span> <span class='ocrx_word' id='word_1_119' title='bbox 955 1561 1083 1602; x_wconf 83' lang='lat' dir='ltr'><strong>MOb</strong></span> <span class='ocrx_word' id='word_1_120' title='bbox 1093 1564 1124 1611; x_wconf 76' lang='lat' dir='ltr'><strong>f.</strong></span> <span class='ocrx_word' id='word_1_121' title='bbox 1173 1576 1278 1614; x_wconf 81' lang='lat' dir='ltr'><strong>sang.</strong></span> <span class='ocrx_word' id='word_1_122' title='bbox 1305 1562 1454 1602; x_wconf 87' lang='lat' dir='ltr'><strong>echinae</strong></span> <span class='ocrx_word' id='word_1_123' title='bbox 1479 1565 1533 1600; x_wconf 90' lang='lat' dir='ltr'><strong>N.</strong></span> 
     </span>
     <span class='ocr_line' id='line_1_19' title="bbox 91 1611 1532 1665; baseline -0.002 -12"><span class='ocrx_word' id='word_1_124' title='bbox 91 1628 194 1662; x_wconf 80' lang='lat' dir='ltr'><strong>sang.</strong></span> <span class='ocrx_word' id='word_1_125' title='bbox 222 1621 259 1652; x_wconf 89' lang='lat' dir='ltr'><strong>et</strong></span> <span class='ocrx_word' id='word_1_126' title='bbox 283 1615 384 1652; x_wconf 87' lang='lat' dir='ltr'><strong>idrae</strong></span> <span class='ocrx_word' id='word_1_127' title='bbox 409 1627 441 1652; x_wconf 85' lang='lat' dir='ltr'><strong>r.</strong></span> <span class='ocrx_word' id='word_1_128' title='bbox 481 1628 584 1665; x_wconf 81' lang='lat' dir='ltr'><strong>sang.</strong></span> <span class='ocrx_word' id='word_1_129' title='bbox 611 1622 649 1653; x_wconf 91' lang='lat' dir='ltr'><strong>et</strong></span> <span class='ocrx_word' id='word_1_130' title='bbox 675 1611 812 1664; x_wconf 84' lang='lat' dir='ltr'><strong>hydrae</strong></span> <span class='ocrx_word' id='word_1_131' title='bbox 838 1627 959 1652; x_wconf 82' lang='lat' dir='ltr'><strong>mma.</strong></span> <span class='ocrx_word' id='word_1_132' title='bbox 970 1628 1039 1653; x_wconf 79' lang='lat' dir='ltr'><strong>sec.</strong></span> <span class='ocrx_word' id='word_1_133' title='bbox 1141 1617 1229 1653; x_wconf 82' lang='lat'><strong>406.</strong></span> <span class='ocrx_word' id='word_1_134' title='bbox 1255 1615 1358 1652; x_wconf 82' lang='lat' dir='ltr'><strong>Mixt.</strong></span> <span class='ocrx_word' id='word_1_135' title='bbox 1386 1621 1423 1651; x_wconf 93' lang='lat' dir='ltr'><strong>et</strong></span> <span class='ocrx_word' id='word_1_136' title='bbox 1447 1626 1532 1651; x_wconf 81' lang='lat' dir='ltr'><strong>aux.</strong></span> 
     </span>
     <span class='ocr_line' id='line_1_20' title="bbox 91 1663 1535 1715; baseline -0.002 -12"><span class='ocrx_word' id='word_1_137' title='bbox 91 1663 204 1707; x_wconf 84' lang='lat' dir='ltr'><strong>AM</strong></span> <span class='ocrx_word' id='word_1_138' title='bbox 206 1678 242 1714; x_wconf 78' lang='lat'><strong>9.</strong></span> <span class='ocrx_word' id='word_1_139' title='bbox 279 1665 404 1702; x_wconf 80' lang='lat' dir='ltr'><strong>auxsil.</strong></span> <span class='ocrx_word' id='word_1_140' title='bbox 420 1663 468 1702; x_wconf 89' lang='grc' dir='ltr'><strong>Γ.</strong></span> <span class='ocrx_word' id='word_1_141' title='bbox 507 1667 609 1703; x_wconf 88' lang='lat' dir='ltr'><strong>ausil.</strong></span> <span class='ocrx_word' id='word_1_142' title='bbox 628 1679 661 1705; x_wconf 82' lang='lat' dir='ltr'><strong>r.</strong></span> <span class='ocrx_word' id='word_1_143' title='bbox 699 1666 836 1703; x_wconf 81' lang='lat' dir='ltr'><strong>dabant</strong></span> <span class='ocrx_word' id='word_1_144' title='bbox 852 1664 891 1703; x_wconf 94' lang='grc' dir='ltr'><em>Γ</em></span> <span class='ocrx_word' id='word_1_145' title='bbox 888 1665 937 1704; x_wconf 86' lang='lat' dir='ltr'><em>A</em></span> <span class='ocrx_word' id='word_1_146' title='bbox 945 1665 997 1703; x_wconf 84' lang='lat' dir='ltr'><strong><em>M</em></strong></span> <span class='ocrx_word' id='word_1_147' title='bbox 1008 1665 1073 1715; x_wconf 69' lang='lat' dir='ltr'><strong>Ty</strong></span> <span class='ocrx_word' id='word_1_148' title='bbox 1084 1668 1132 1703; x_wconf 89' lang='lat'><strong>28</strong></span> <span class='ocrx_word' id='word_1_149' title='bbox 1149 1666 1233 1704; x_wconf 80' lang='lat' dir='ltr'><strong>duo.</strong></span> <span class='ocrx_word' id='word_1_150' title='bbox 1334 1666 1422 1701; x_wconf 89' lang='lat'><em>407.</em></span> <span class='ocrx_word' id='word_1_151' title='bbox 1448 1670 1535 1701; x_wconf 84' lang='lat' dir='ltr'><strong>ante</strong></span> 
     </span>
     <span class='ocr_line' id='line_1_21' title="bbox 93 1714 1534 1767; baseline -0.001 -14"><span class='ocrx_word' id='word_1_152' title='bbox 93 1723 215 1767; x_wconf 84' lang='lat' dir='ltr'><strong>patres</strong></span> <span class='ocrx_word' id='word_1_153' title='bbox 240 1729 289 1754; x_wconf 85' lang='lat' dir='ltr'><strong>m.</strong></span> <span class='ocrx_word' id='word_1_154' title='bbox 391 1717 478 1752; x_wconf 87' lang='lat'><em>408.</em></span> <span class='ocrx_word' id='word_1_155' title='bbox 506 1717 577 1765; x_wconf 84' lang='lat' dir='ltr'><strong>pel.</strong></span> <span class='ocrx_word' id='word_1_156' title='bbox 604 1717 655 1752; x_wconf 90' lang='lat' dir='ltr'><strong>sic</strong></span> <span class='ocrx_word' id='word_1_157' title='bbox 679 1729 771 1756; x_wconf 85' lang='lat' dir='ltr'><strong>mor.</strong></span> <span class='ocrx_word' id='word_1_158' title='bbox 796 1729 845 1753; x_wconf 81' lang='lat' dir='ltr'><strong>m.</strong></span> <span class='ocrx_word' id='word_1_159' title='bbox 944 1718 1032 1755; x_wconf 83' lang='lat'><strong>409.</strong></span> <span class='ocrx_word' id='word_1_160' title='bbox 1061 1729 1158 1765; x_wconf 82' lang='lat' dir='ltr'><strong>aegr.</strong></span> <span class='ocrx_word' id='word_1_161' title='bbox 1186 1716 1340 1753; x_wconf 87' lang='lat' dir='ltr'><strong>lacrimis</strong></span> <span class='ocrx_word' id='word_1_162' title='bbox 1365 1716 1452 1764; x_wconf 86' lang='lat' dir='ltr'><strong>fing.</strong></span> <span class='ocrx_word' id='word_1_163' title='bbox 1470 1714 1534 1752; x_wconf 87' lang='lat' dir='ltr'><strong>A.</strong></span> 
     </span>
     <span class='ocr_line' id='line_1_22' title="bbox 93 1766 1535 1816; baseline 0 -12"><span class='ocrx_word' id='word_1_164' title='bbox 93 1780 191 1804; x_wconf 88' lang='lat' dir='ltr'><strong>man.</strong></span> <span class='ocrx_word' id='word_1_165' title='bbox 220 1766 393 1816; x_wconf 83' lang='lat' dir='ltr'><strong>palpabat</strong></span> <span class='ocrx_word' id='word_1_166' title='bbox 423 1768 457 1803; x_wconf 87' lang='lat' dir='ltr'><strong><em>G</em></strong></span> <span class='ocrx_word' id='word_1_167' title='bbox 470 1778 583 1814; x_wconf 78' lang='lat' dir='ltr'><strong>supra</strong></span> <span class='ocrx_word' id='word_1_168' title='bbox 600 1766 665 1803; x_wconf 72' lang='lat' dir='ltr'><strong>lin.</strong></span> <span class='ocrx_word' id='word_1_169' title='bbox 681 1779 754 1803; x_wconf 85' lang='lat' dir='ltr'><strong>ma.</strong></span> <span class='ocrx_word' id='word_1_170' title='bbox 772 1771 857 1810; x_wconf 72' lang='lat' dir='ltr'><strong>net„</strong></span> <span class='ocrx_word' id='word_1_171' title='bbox 883 1778 947 1804; x_wconf 76' lang='lat' dir='ltr'><strong>nec</strong></span> <span class='ocrx_word' id='word_1_172' title='bbox 964 1779 1029 1816; x_wconf 81' lang='lat' dir='ltr'><strong>pro</strong></span> <span class='ocrx_word' id='word_1_173' title='bbox 1046 1766 1156 1815; x_wconf 72' lang='lat' dir='ltr'><strong>yloss.</strong></span> <span class='ocrx_word' id='word_1_174' title='bbox 1175 1772 1217 1802; x_wconf 73' lang='lat' dir='ltr'><strong>ut</strong></span> <span class='ocrx_word' id='word_1_175' title='bbox 1232 1766 1388 1803; x_wconf 57' lang='lat' dir='ltr'><strong>uidetur.</strong></span> <span class='ocrx_word' id='word_1_176' title='bbox 1436 1777 1535 1804; x_wconf 86' lang='lat' dir='ltr'><strong>man.</strong></span> 
     </span>
     <span class='ocr_line' id='line_1_23' title="bbox 93 1815 1535 1865; baseline -0.003 -9"><span class='ocrx_word' id='word_1_177' title='bbox 93 1818 275 1856; x_wconf 86' lang='lat' dir='ltr'><strong>mulcebat</strong></span> <span class='ocrx_word' id='word_1_178' title='bbox 305 1818 336 1854; x_wconf 92' lang='grc'><strong>0</strong></span> <span class='ocrx_word' id='word_1_179' title='bbox 353 1821 508 1865; x_wconf 80' lang='lat' dir='ltr'><strong>quatuor</strong></span> <span class='ocrx_word' id='word_1_180' title='bbox 526 1821 560 1853; x_wconf 83' lang='lat' dir='ltr'><strong>et</strong></span> <span class='ocrx_word' id='word_1_181' title='bbox 577 1822 663 1854; x_wconf 68' lang='lat' dir='ltr'><strong>vett.</strong></span> <span class='ocrx_word' id='word_1_182' title='bbox 680 1816 734 1853; x_wconf 79' lang='lat' dir='ltr'><strong>ed.</strong></span> <span class='ocrx_word' id='word_1_183' title='bbox 773 1829 869 1855; x_wconf 90' lang='lat' dir='ltr'><strong>man.</strong></span> <span class='ocrx_word' id='word_1_184' title='bbox 897 1818 1095 1865; x_wconf 85' lang='lat' dir='ltr'><strong>stringebat</strong></span> <span class='ocrx_word' id='word_1_185' title='bbox 1119 1820 1154 1853; x_wconf 94' lang='lat' dir='ltr'><strong><em>P</em></strong></span> <span class='ocrx_word' id='word_1_186' title='bbox 1169 1817 1282 1862; x_wconf 56' lang='lat' dir='ltr'><strong>aliam</strong></span> <span class='ocrx_word' id='word_1_187' title='bbox 1309 1815 1351 1853; x_wconf 98' lang='lat' dir='ltr'><em>A</em></span> <span class='ocrx_word' id='word_1_188' title='bbox 1364 1828 1449 1853; x_wconf 70' lang='lat' dir='ltr'><strong>nar.</strong></span> <span class='ocrx_word' id='word_1_189' title='bbox 1463 1827 1535 1852; x_wconf 85' lang='lat' dir='ltr'><strong>scr.</strong></span> 
     </span>
     <span class='ocr_line' id='line_1_24' title="bbox 61 1867 1538 1916; baseline -0.001 -11"><span class='ocrx_word' id='word_1_190' title='bbox 61 1883 67 1886; x_wconf 86' lang='lat'>·</span> <span class='ocrx_word' id='word_1_191' title='bbox 94 1880 191 1905; x_wconf 85' lang='lat' dir='ltr'><strong>man.</strong></span> <span class='ocrx_word' id='word_1_192' title='bbox 205 1868 378 1916; x_wconf 83' lang='lat' dir='ltr'><strong>tangebat</strong></span> <span class='ocrx_word' id='word_1_193' title='bbox 395 1872 567 1916; x_wconf 78' lang='lat' dir='ltr'><strong>quatuor3</strong></span> <span class='ocrx_word' id='word_1_194' title='bbox 592 1879 787 1916; x_wconf 61' lang='lat' dir='ltr'><strong>pum-,son</strong></span> <span class='ocrx_word' id='word_1_195' title='bbox 824 1879 919 1903; x_wconf 87' lang='lat' dir='ltr'><strong>man.</strong></span> <span class='ocrx_word' id='word_1_196' title='bbox 932 1867 1067 1916; x_wconf 83' lang='lat' dir='ltr'><strong>figebat</strong></span> <span class='ocrx_word' id='word_1_197' title='bbox 1080 1869 1229 1903; x_wconf 84' lang='lat'><em>83334.</em></span> <span class='ocrx_word' id='word_1_198' title='bbox 1330 1868 1418 1904; x_wconf 89' lang='lat'><strong>410.</strong></span> <span class='ocrx_word' id='word_1_199' title='bbox 1445 1878 1538 1916; x_wconf 89' lang='lat' dir='ltr'><strong>quos</strong></span> 
     </span>
    </p>
   </div>
   <div class='ocr_carea' id='block_1_7' title="bbox 94 1914 1540 2068">
    <p class='ocr_par' dir='ltr' id='par_1_7' title="bbox 94 1914 1540 2068">
     <span class='ocr_line' id='line_1_25' title="bbox 94 1914 1539 1967; baseline -0.001 -12"><span class='ocrx_word' id='word_1_200' title='bbox 94 1918 199 1956; x_wconf 82' lang='lat' dir='ltr'><strong>finxit</strong></span> <span class='ocrx_word' id='word_1_201' title='bbox 225 1919 315 1955; x_wconf 79' lang='lat' dir='ltr'><strong>coni.</strong></span> <span class='ocrx_word' id='word_1_202' title='bbox 418 1918 504 1953; x_wconf 91' lang='lat'>411.</span> <span class='ocrx_word' id='word_1_203' title='bbox 530 1930 641 1967; x_wconf 80' lang='lat' dir='ltr'><strong>saepe</strong></span> <span class='ocrx_word' id='word_1_204' title='bbox 666 1919 777 1954; x_wconf 81' lang='lat' dir='ltr'><strong>dabat</strong></span> <span class='ocrx_word' id='word_1_205' title='bbox 802 1914 855 1956; x_wconf 86' lang='lat' dir='ltr'><em>A.</em></span> <span class='ocrx_word' id='word_1_206' title='bbox 957 1919 1045 1954; x_wconf 82' lang='lat'><strong>412.</strong></span> <span class='ocrx_word' id='word_1_207' title='bbox 1073 1929 1225 1967; x_wconf 83' lang='lat' dir='ltr'><strong>praecor</strong></span> <span class='ocrx_word' id='word_1_208' title='bbox 1252 1930 1296 1954; x_wconf 94' lang='lat' dir='ltr'><strong>ne</strong></span> <span class='ocrx_word' id='word_1_209' title='bbox 1323 1929 1382 1953; x_wconf 90' lang='lat' dir='ltr'><strong>me</strong></span> <span class='ocrx_word' id='word_1_210' title='bbox 1407 1930 1438 1953; x_wconf 83' lang='lat' dir='ltr'><strong>e.</strong></span> <span class='ocrx_word' id='word_1_211' title='bbox 1478 1928 1539 1954; x_wconf 82' lang='lat' dir='ltr'><strong>me</strong></span> 
     </span>
     <span class='ocr_line' id='line_1_26' title="bbox 96 1966 1540 2017; baseline -0.001 -12"><span class='ocrx_word' id='word_1_212' title='bbox 96 1969 226 2005; x_wconf 85' lang='lat' dir='ltr'><strong>desere</strong></span> <span class='ocrx_word' id='word_1_213' title='bbox 249 1968 359 2004; x_wconf 88' lang='lat' dir='ltr'><strong>chare</strong></span> <span class='ocrx_word' id='word_1_214' title='bbox 385 1975 489 2017; x_wconf 83' lang='lat' dir='ltr'><strong>pater</strong></span> <span class='ocrx_word' id='word_1_215' title='bbox 514 1971 578 2007; x_wconf 83' lang='lat'><strong>20.</strong></span> <span class='ocrx_word' id='word_1_216' title='bbox 618 1970 705 2006; x_wconf 83' lang='lat' dir='ltr'><strong>kare</strong></span> <span class='ocrx_word' id='word_1_217' title='bbox 730 1981 761 2005; x_wconf 84' lang='lat' dir='ltr'><strong>r.</strong></span> <span class='ocrx_word' id='word_1_218' title='bbox 806 1968 992 2017; x_wconf 87' lang='lat' dir='ltr'><strong>relinquae</strong></span> <span class='ocrx_word' id='word_1_219' title='bbox 1018 1968 1167 2016; x_wconf 83' lang='lat' dir='ltr'><strong>(comp.)</strong></span> <span class='ocrx_word' id='word_1_220' title='bbox 1190 1966 1282 2005; x_wconf 82' lang='lat' dir='ltr'><strong>DF.</strong></span> <span class='ocrx_word' id='word_1_221' title='bbox 1385 1970 1472 2003; x_wconf 82' lang='grc'><strong>413.</strong></span> <span class='ocrx_word' id='word_1_222' title='bbox 1497 1973 1540 2004; x_wconf 89' lang='lat' dir='ltr'><strong>tu</strong></span> 
     </span>
     <span class='ocr_line' id='line_1_27' title="bbox 97 2018 1537 2068; baseline -0.001 -13"><span class='ocrx_word' id='word_1_223' title='bbox 97 2019 280 2055; x_wconf 83' lang='lat' dir='ltr'><strong>mitissime</strong></span> <span class='ocrx_word' id='word_1_224' title='bbox 299 2021 350 2055; x_wconf 92' lang='lat' dir='ltr'><strong><em>M</em></strong></span> <span class='ocrx_word' id='word_1_225' title='bbox 359 2030 441 2055; x_wconf 69' lang='grc' dir='ltr'><strong>ναν.</strong></span> <span class='ocrx_word' id='word_1_226' title='bbox 453 2030 524 2055; x_wconf 82' lang='lat' dir='ltr'><strong>scr.</strong></span> <span class='ocrx_word' id='word_1_227' title='bbox 565 2019 700 2068; x_wconf 86' lang='lat' dir='ltr'><strong>chyron</strong></span> <span class='ocrx_word' id='word_1_228' title='bbox 718 2032 746 2056; x_wconf 83' lang='lat' dir='ltr'><strong>e.</strong></span> <span class='ocrx_word' id='word_1_229' title='bbox 786 2018 921 2056; x_wconf 87' lang='lat' dir='ltr'><strong>chirino</strong></span> <span class='ocrx_word' id='word_1_230' title='bbox 939 2031 1047 2056; x_wconf 81' lang='lat' dir='ltr'><strong>rma.</strong></span> <span class='ocrx_word' id='word_1_231' title='bbox 1057 2031 1112 2067; x_wconf 78' lang='lat' dir='ltr'><strong>pr.</strong></span> <span class='ocrx_word' id='word_1_232' title='bbox 1218 2020 1306 2056; x_wconf 79' lang='lat'>414.</span> <span class='ocrx_word' id='word_1_233' title='bbox 1332 2019 1537 2068; x_wconf 86' lang='lat' dir='ltr'><strong>Bisseptem</strong></span> 
     </span>
    </p>
   </div>
   <div class='ocr_carea' id='block_1_8' title="bbox 100 2067 1549 2675">
    <p class='ocr_par' dir='ltr' id='par_1_8' title="bbox 103 2067 1540 2118">
     <span class='ocr_line' id='line_1_28' title="bbox 103 2067 1540 2118; baseline -0.002 -10"><span class='ocrx_word' id='word_1_234' title='bbox 103 2070 150 2108; x_wconf 83' lang='lat' dir='ltr'><strong>G.</strong></span> <span class='ocrx_word' id='word_1_235' title='bbox 189 2081 342 2118; x_wconf 84' lang='lat' dir='ltr'><strong>corpore</strong></span> <span class='ocrx_word' id='word_1_236' title='bbox 368 2071 403 2105; x_wconf 93' lang='lat' dir='ltr'><strong><em>E</em></strong></span> <span class='ocrx_word' id='word_1_237' title='bbox 412 2067 607 2118; x_wconf 73' lang='lat' dir='ltr'><strong>Gfflyms.</strong></span> <span class='ocrx_word' id='word_1_238' title='bbox 646 2070 740 2107; x_wconf 87' lang='lat' dir='ltr'><strong>stell.</strong></span> <span class='ocrx_word' id='word_1_239' title='bbox 768 2076 934 2118; x_wconf 83' lang='lat' dir='ltr'><strong>tempora</strong></span> <span class='ocrx_word' id='word_1_240' title='bbox 959 2071 1165 2106; x_wconf 81' lang='grc'><strong>4132933.</strong></span> <span class='ocrx_word' id='word_1_241' title='bbox 1206 2077 1284 2106; x_wconf 86' lang='lat' dir='ltr'><strong>erat</strong></span> <span class='ocrx_word' id='word_1_242' title='bbox 1309 2067 1348 2106; x_wconf 91' lang='grc' dir='ltr'><strong>Γ</strong></span> <span class='ocrx_word' id='word_1_243' title='bbox 1354 2079 1540 2117; x_wconf 59' lang='lat' dir='ltr'><strong>mmmm·-</strong></span> 
     </span>
    </p>

    <p class='ocr_par' dir='ltr' id='par_1_9' title="bbox 100 2117 1549 2675">
     <span class='ocr_line' id='line_1_29' title="bbox 150 2117 1541 2170; baseline 0 -16"><span class='ocrx_word' id='word_1_244' title='bbox 150 2120 237 2156; x_wconf 81' lang='lat'><strong>415.</strong></span> <span class='ocrx_word' id='word_1_245' title='bbox 265 2120 332 2170; x_wconf 71' lang='lat' dir='ltr'><strong>lira</strong></span> <span class='ocrx_word' id='word_1_246' title='bbox 356 2117 392 2155; x_wconf 89' lang='lat' dir='ltr'><strong><em>E</em></strong></span> <span class='ocrx_word' id='word_1_247' title='bbox 401 2117 439 2157; x_wconf 92' lang='grc' dir='ltr'><strong>Γ</strong></span> <span class='ocrx_word' id='word_1_248' title='bbox 446 2119 478 2157; x_wconf 85' lang='lat' dir='ltr'><strong>b.</strong></span> <span class='ocrx_word' id='word_1_249' title='bbox 515 2121 616 2169; x_wconf 90' lang='lat' dir='ltr'><strong>sequi</strong></span> <span class='ocrx_word' id='word_1_250' title='bbox 641 2121 756 2157; x_wconf 82' lang='lat' dir='ltr'><strong>uoluit</strong></span> <span class='ocrx_word' id='word_1_251' title='bbox 782 2120 845 2156; x_wconf 90' lang='lat' dir='ltr'><strong>sed</strong></span> <span class='ocrx_word' id='word_1_252' title='bbox 872 2117 918 2156; x_wconf 82' lang='grc' dir='ltr'><strong>Σ.</strong></span> <span class='ocrx_word' id='word_1_253' title='bbox 960 2119 1102 2168; x_wconf 85' lang='lat' dir='ltr'><strong>ydonea</strong></span> <span class='ocrx_word' id='word_1_254' title='bbox 1126 2133 1156 2156; x_wconf 76' lang='lat' dir='ltr'><strong>e.</strong></span> <span class='ocrx_word' id='word_1_255' title='bbox 1195 2119 1315 2157; x_wconf 83' lang='lat' dir='ltr'><strong>Gloss.</strong></span> <span class='ocrx_word' id='word_1_256' title='bbox 1334 2123 1389 2156; x_wconf 85' lang='lat' dir='ltr'><strong>D:</strong></span> <span class='ocrx_word' id='word_1_257' title='bbox 1418 2126 1458 2155; x_wconf 92' lang='lat' dir='ltr'><strong>ut</strong></span> <span class='ocrx_word' id='word_1_258' title='bbox 1482 2130 1541 2155; x_wconf 87' lang='lat' dir='ltr'><strong>se-</strong></span> 
     </span>
     <span class='ocr_line' id='line_1_30' title="bbox 100 2169 1542 2219; baseline 0.001 -14"><span class='ocrx_word' id='word_1_259' title='bbox 100 2182 184 2206; x_wconf 90' lang='lat' dir='ltr'><strong>cum</strong></span> <span class='ocrx_word' id='word_1_260' title='bbox 203 2170 371 2206; x_wconf 85' lang='lat' dir='ltr'><strong>oriretur.</strong></span> <span class='ocrx_word' id='word_1_261' title='bbox 472 2172 559 2206; x_wconf 83' lang='lat'><strong>416.</strong></span> <span class='ocrx_word' id='word_1_262' title='bbox 587 2172 699 2208; x_wconf 83' lang='lat' dir='ltr'><strong>tercia</strong></span> <span class='ocrx_word' id='word_1_263' title='bbox 718 2172 850 2208; x_wconf 88' lang='lat' dir='ltr'><em>DEG.</em></span> <span class='ocrx_word' id='word_1_264' title='bbox 888 2177 999 2219; x_wconf 85' lang='lat' dir='ltr'><strong>temp.</strong></span> <span class='ocrx_word' id='word_1_265' title='bbox 1021 2178 1096 2207; x_wconf 88' lang='lat' dir='ltr'><strong>erat</strong></span> <span class='ocrx_word' id='word_1_266' title='bbox 1114 2169 1161 2208; x_wconf 92' lang='grc' dir='ltr'><strong>Γ.</strong></span> <span class='ocrx_word' id='word_1_267' title='bbox 1198 2177 1310 2219; x_wconf 86' lang='lat' dir='ltr'><strong>temp.</strong></span> <span class='ocrx_word' id='word_1_268' title='bbox 1331 2171 1434 2206; x_wconf 86' lang='lat' dir='ltr'><strong>herat</strong></span> <span class='ocrx_word' id='word_1_269' title='bbox 1450 2181 1542 2218; x_wconf 81' lang='lat' dir='ltr'><strong>qua-</strong></span> 
     </span>
     <span class='ocr_line' id='line_1_31' title="bbox 101 2219 1542 2271; baseline -0.001 -14"><span class='ocrx_word' id='word_1_270' title='bbox 101 2224 196 2258; x_wconf 78' lang='lat' dir='ltr'><strong>tuor.</strong></span> <span class='ocrx_word' id='word_1_271' title='bbox 235 2226 347 2269; x_wconf 87' lang='lat' dir='ltr'><strong>temp.</strong></span> <span class='ocrx_word' id='word_1_272' title='bbox 369 2219 477 2257; x_wconf 82' lang='lat' dir='ltr'><strong>habet</strong></span> <span class='ocrx_word' id='word_1_273' title='bbox 495 2223 573 2258; x_wconf 91' lang='lat' dir='ltr'><strong>DE</strong></span> <span class='ocrx_word' id='word_1_274' title='bbox 580 2233 662 2271; x_wconf 72' lang='lat' dir='ltr'><strong>yps</strong></span> <span class='ocrx_word' id='word_1_275' title='bbox 680 2224 832 2270; x_wconf 74' lang='lat' dir='ltr'><strong>quinque</strong></span> <span class='ocrx_word' id='word_1_276' title='bbox 848 2223 938 2268; x_wconf 81' lang='lat' dir='ltr'><strong>(tres</strong></span> <span class='ocrx_word' id='word_1_277' title='bbox 956 2220 1080 2268; x_wconf 56' lang='lat' dir='ltr'><strong>Cios.)</strong></span> <span class='ocrx_word' id='word_1_278' title='bbox 1183 2223 1269 2258; x_wconf 86' lang='lat'>417.</span> <span class='ocrx_word' id='word_1_279' title='bbox 1296 2224 1402 2257; x_wconf 84' lang='lat' dir='ltr'><strong>Hunc</strong></span> <span class='ocrx_word' id='word_1_280' title='bbox 1419 2224 1451 2256; x_wconf 74' lang='lat' dir='ltr'><strong>et</strong></span> <span class='ocrx_word' id='word_1_281' title='bbox 1469 2231 1542 2268; x_wconf 84' lang='lat' dir='ltr'><strong>seq.</strong></span> 
     </span>
     <span class='ocr_line' id='line_1_32' title="bbox 100 2269 1544 2322; baseline -0.001 -16"><span class='ocrx_word' id='word_1_282' title='bbox 100 2282 197 2306; x_wconf 70' lang='lat' dir='ltr'><strong>uei-s.</strong></span> <span class='ocrx_word' id='word_1_283' title='bbox 214 2282 282 2307; x_wconf 85' lang='lat' dir='ltr'><strong>om.</strong></span> <span class='ocrx_word' id='word_1_284' title='bbox 299 2269 386 2306; x_wconf 66' lang='lat' dir='ltr'><strong>Ala.</strong></span> <span class='ocrx_word' id='word_1_285' title='bbox 401 2273 506 2320; x_wconf 78' lang='lat' dir='ltr'><strong>prim.</strong></span> <span class='ocrx_word' id='word_1_286' title='bbox 538 2271 724 2322; x_wconf 75' lang='lat' dir='ltr'><strong>Scorpion</strong></span> <span class='ocrx_word' id='word_1_287' title='bbox 742 2285 760 2308; x_wconf 82' lang='lat' dir='ltr'><strong>e</strong></span> <span class='ocrx_word' id='word_1_288' title='bbox 777 2271 846 2309; x_wconf 79' lang='lat' dir='ltr'><strong>duo</strong></span> <span class='ocrx_word' id='word_1_289' title='bbox 864 2272 942 2308; x_wconf 57' lang='lat' dir='ltr'><strong>alti.</strong></span> <span class='ocrx_word' id='word_1_290' title='bbox 984 2271 1156 2321; x_wconf 87' lang='lat' dir='ltr'><strong>Scorpius</strong></span> <span class='ocrx_word' id='word_1_291' title='bbox 1175 2274 1306 2308; x_wconf 64' lang='lat' dir='ltr'><strong>caeteri</strong></span> <span class='ocrx_word' id='word_1_292' title='bbox 1321 2283 1452 2308; x_wconf 82' lang='lat' dir='ltr'><strong>omnes.</strong></span> <span class='ocrx_word' id='word_1_293' title='bbox 1487 2269 1544 2305; x_wconf 90' lang='lat' dir='ltr'><strong>lu-</strong></span> 
     </span>
     <span class='ocr_line' id='line_1_33' title="bbox 101 2318 1544 2372; baseline -0.001 -14"><span class='ocrx_word' id='word_1_294' title='bbox 101 2333 244 2358; x_wconf 90' lang='lat' dir='ltr'><strong>cessere</strong></span> <span class='ocrx_word' id='word_1_295' title='bbox 267 2318 307 2356; x_wconf 90' lang='grc' dir='ltr'><em>Γ</em></span> <span class='ocrx_word' id='word_1_296' title='bbox 306 2347 315 2357; x_wconf 90' lang='grc'><strong>.</strong></span> <span class='ocrx_word' id='word_1_297' title='bbox 417 2321 505 2358; x_wconf 89' lang='grc'><strong>418.</strong></span> <span class='ocrx_word' id='word_1_298' title='bbox 531 2322 699 2359; x_wconf 85' lang='lat' dir='ltr'><strong>Dicemus</strong></span> <span class='ocrx_word' id='word_1_299' title='bbox 726 2323 841 2359; x_wconf 83' lang='lat' dir='ltr'><strong>media</strong></span> <span class='ocrx_word' id='word_1_300' title='bbox 867 2333 887 2358; x_wconf 86' lang='lat' dir='ltr'><strong>s</strong></span> <span class='ocrx_word' id='word_1_301' title='bbox 912 2327 1001 2360; x_wconf 85' lang='lat' dir='ltr'><strong>octo.</strong></span> <span class='ocrx_word' id='word_1_302' title='bbox 1040 2329 1144 2372; x_wconf 85' lang='lat' dir='ltr'><strong>parte</strong></span> <span class='ocrx_word' id='word_1_303' title='bbox 1172 2329 1316 2358; x_wconf 86' lang='lat' dir='ltr'><strong>notatus</strong></span> <span class='ocrx_word' id='word_1_304' title='bbox 1343 2334 1393 2358; x_wconf 89' lang='lat' dir='ltr'><strong>er.</strong></span> <span class='ocrx_word' id='word_1_305' title='bbox 1422 2320 1544 2357; x_wconf 78' lang='lat' dir='ltr'><strong>DFG</strong></span> 
     </span>
     <span class='ocr_line' id='line_1_34' title="bbox 104 2370 1545 2424; baseline -0.001 -17"><span class='ocrx_word' id='word_1_306' title='bbox 104 2371 331 2417; x_wconf 74' lang='lat' dir='ltr'><strong>PTfr42o</strong></span> <span class='ocrx_word' id='word_1_307' title='bbox 350 2375 434 2407; x_wconf 79' lang='lat' dir='ltr'><strong>tres.</strong></span> <span class='ocrx_word' id='word_1_308' title='bbox 472 2379 577 2420; x_wconf 85' lang='lat' dir='ltr'><strong>parte</strong></span> <span class='ocrx_word' id='word_1_309' title='bbox 602 2373 780 2410; x_wconf 86' lang='lat' dir='ltr'><strong>tenendus</strong></span> <span class='ocrx_word' id='word_1_310' title='bbox 800 2385 818 2409; x_wconf 86' lang='lat' dir='ltr'><strong>e</strong></span> <span class='ocrx_word' id='word_1_311' title='bbox 838 2372 945 2416; x_wconf 64' lang='lat' dir='ltr'><strong>alius,</strong></span> <span class='ocrx_word' id='word_1_312' title='bbox 972 2372 1028 2409; x_wconf 74' lang='lat' dir='ltr'><strong>ed.</strong></span> <span class='ocrx_word' id='word_1_313' title='bbox 1047 2372 1197 2410; x_wconf 69' lang='lat' dir='ltr'><strong>Medici.</strong></span> <span class='ocrx_word' id='word_1_314' title='bbox 1236 2379 1341 2424; x_wconf 85' lang='lat' dir='ltr'><strong>parte</strong></span> <span class='ocrx_word' id='word_1_315' title='bbox 1368 2370 1545 2408; x_wconf 69' lang='lat' dir='ltr'><strong>uidendus</strong></span> 
     </span>
     <span class='ocr_line' id='line_1_35' title="bbox 105 2421 1548 2472; baseline 0 -15"><span class='ocrx_word' id='word_1_316' title='bbox 105 2432 158 2460; x_wconf 87' lang='lat' dir='ltr'><strong>er.</strong></span> <span class='ocrx_word' id='word_1_317' title='bbox 183 2421 313 2470; x_wconf 75' lang='lat' dir='ltr'><strong>reliqui</strong></span> <span class='ocrx_word' id='word_1_318' title='bbox 335 2425 480 2470; x_wconf 76' lang='lat' dir='ltr'><strong>praeter</strong></span> <span class='ocrx_word' id='word_1_319' title='bbox 506 2434 593 2470; x_wconf 74' lang='lat' dir='ltr'><strong>quos</strong></span> <span class='ocrx_word' id='word_1_320' title='bbox 614 2436 686 2472; x_wconf 84' lang='lat' dir='ltr'><strong>seq.</strong></span> <span class='ocrx_word' id='word_1_321' title='bbox 707 2422 1060 2461; x_wconf 73' lang='lat' dir='ltr'><strong>BGOEAObmsa</strong></span> <span class='ocrx_word' id='word_1_322' title='bbox 1074 2426 1123 2458; x_wconf 90' lang='lat'><strong>20</strong></span> <span class='ocrx_word' id='word_1_323' title='bbox 1133 2427 1178 2459; x_wconf 86' lang='lat'><strong>21</strong></span> <span class='ocrx_word' id='word_1_324' title='bbox 1193 2426 1242 2458; x_wconf 89' lang='grc'><strong>22</strong></span> <span class='ocrx_word' id='word_1_325' title='bbox 1263 2422 1418 2459; x_wconf 76' lang='lat' dir='ltr'><strong>undecim</strong></span> <span class='ocrx_word' id='word_1_326' title='bbox 1426 2436 1437 2467; x_wconf 84' lang='lat'><em>3</em></span> <span class='ocrx_word' id='word_1_327' title='bbox 1465 2423 1548 2457; x_wconf 89' lang='grc' dir='ltr'><strong>ΝΡ</strong></span> 
     </span>
     <span class='ocr_line' id='line_1_36' title="bbox 105 2468 1548 2523; baseline 0.001 -17"><span class='ocrx_word' id='word_1_328' title='bbox 105 2482 186 2507; x_wconf 78' lang='lat' dir='ltr'><strong>uar-</strong></span> <span class='ocrx_word' id='word_1_329' title='bbox 202 2484 272 2509; x_wconf 84' lang='lat' dir='ltr'><strong>scr.</strong></span> <span class='ocrx_word' id='word_1_330' title='bbox 375 2474 463 2508; x_wconf 87' lang='grc'><strong>419.</strong></span> <span class='ocrx_word' id='word_1_331' title='bbox 491 2473 598 2508; x_wconf 88' lang='lat' dir='ltr'><strong>Hunc</strong></span> <span class='ocrx_word' id='word_1_332' title='bbox 623 2475 683 2510; x_wconf 88' lang='lat' dir='ltr'><strong>ubi</strong></span> <span class='ocrx_word' id='word_1_333' title='bbox 709 2487 745 2510; x_wconf 84' lang='lat' dir='ltr'><strong><em>m</em></strong></span> <span class='ocrx_word' id='word_1_334' title='bbox 761 2478 807 2510; x_wconf 91' lang='lat'><strong>12</strong></span> <span class='ocrx_word' id='word_1_335' title='bbox 830 2476 993 2523; x_wconf 76' lang='lat' dir='ltr'><strong>quinque.</strong></span> <span class='ocrx_word' id='word_1_336' title='bbox 1034 2475 1144 2509; x_wconf 89' lang='lat' dir='ltr'><strong>Tunc</strong></span> <span class='ocrx_word' id='word_1_337' title='bbox 1169 2474 1229 2509; x_wconf 90' lang='lat' dir='ltr'><strong>ubi</strong></span> <span class='ocrx_word' id='word_1_338' title='bbox 1257 2468 1548 2510; x_wconf 71' lang='lat' dir='ltr'><strong><em>BGDEGI&#39;O</em></strong></span> 
     </span>
     <span class='ocr_line' id='line_1_37' title="bbox 107 2517 1547 2571; baseline 0.001 -15"><span class='ocrx_word' id='word_1_339' title='bbox 107 2517 198 2556; x_wconf 87' lang='grc' dir='ltr'><strong>ΠΛ</strong></span> <span class='ocrx_word' id='word_1_340' title='bbox 211 2521 471 2571; x_wconf 77' lang='lat' dir='ltr'><strong>T9p40uett.</strong></span> <span class='ocrx_word' id='word_1_341' title='bbox 486 2522 540 2560; x_wconf 78' lang='lat' dir='ltr'><strong>od.</strong></span> <span class='ocrx_word' id='word_1_342' title='bbox 578 2524 686 2560; x_wconf 88' lang='lat' dir='ltr'><strong>Tunc</strong></span> <span class='ocrx_word' id='word_1_343' title='bbox 708 2525 792 2560; x_wconf 82' lang='lat' dir='ltr'><strong>mihi</strong></span> <span class='ocrx_word' id='word_1_344' title='bbox 816 2522 866 2561; x_wconf 76' lang='grc' dir='ltr'><strong>Ψ.</strong></span> <span class='ocrx_word' id='word_1_345' title='bbox 907 2525 1015 2560; x_wconf 76' lang='lat' dir='ltr'><strong>Tunc</strong></span> <span class='ocrx_word' id='word_1_346' title='bbox 1041 2524 1110 2561; x_wconf 86' lang='lat' dir='ltr'><strong>nisi</strong></span> <span class='ocrx_word' id='word_1_347' title='bbox 1135 2525 1196 2562; x_wconf 82' lang='lat'><strong>41.</strong></span> <span class='ocrx_word' id='word_1_348' title='bbox 1236 2525 1295 2559; x_wconf 89' lang='lat' dir='ltr'><strong>ubi</strong></span> <span class='ocrx_word' id='word_1_349' title='bbox 1311 2524 1410 2570; x_wconf 90' lang='lat' dir='ltr'><strong>(nisi)</strong></span> <span class='ocrx_word' id='word_1_350' title='bbox 1427 2529 1547 2559; x_wconf 87' lang='lat' dir='ltr'><strong>sustu-</strong></span> 
     </span>
     <span class='ocr_line' id='line_1_38' title="bbox 109 2570 1547 2624; baseline 0.002 -19"><span class='ocrx_word' id='word_1_351' title='bbox 109 2570 190 2607; x_wconf 86' lang='lat' dir='ltr'><strong>lerit</strong></span> <span class='ocrx_word' id='word_1_352' title='bbox 207 2570 514 2622; x_wconf 79' lang='lat' dir='ltr'>MHb9p4041</span> <span class='ocrx_word' id='word_1_353' title='bbox 537 2579 628 2611; x_wconf 79' lang='lat' dir='ltr'><strong>octo.</strong></span> <span class='ocrx_word' id='word_1_354' title='bbox 669 2575 730 2610; x_wconf 88' lang='lat' dir='ltr'><strong>ubi</strong></span> <span class='ocrx_word' id='word_1_355' title='bbox 756 2575 958 2624; x_wconf 86' lang='lat' dir='ltr'><strong>propulerit</strong></span> <span class='ocrx_word' id='word_1_356' title='bbox 980 2577 1078 2611; x_wconf 82' lang='lat' dir='ltr'><strong><em>ch</em></strong></span> <span class='ocrx_word' id='word_1_357' title='bbox 1093 2578 1137 2610; x_wconf 85' lang='lat'><strong>12</strong></span> <span class='ocrx_word' id='word_1_358' title='bbox 1157 2577 1319 2624; x_wconf 59' lang='lat' dir='ltr'><strong>(liciaque.</strong></span> <span class='ocrx_word' id='word_1_359' title='bbox 1358 2575 1419 2610; x_wconf 87' lang='lat' dir='ltr'><strong>ubi</strong></span> <span class='ocrx_word' id='word_1_360' title='bbox 1440 2578 1547 2623; x_wconf 83' lang='lat' dir='ltr'><strong>prae-</strong></span> 
     </span>
     <span class='ocr_line' id='line_1_39' title="bbox 110 2620 1549 2675; baseline 0.002 -20"><span class='ocrx_word' id='word_1_361' title='bbox 110 2620 232 2658; x_wconf 87' lang='lat' dir='ltr'><strong>tulerit</strong></span> <span class='ocrx_word' id='word_1_362' title='bbox 248 2623 307 2661; x_wconf 87' lang='lat' dir='ltr'><em>A.</em></span> <span class='ocrx_word' id='word_1_363' title='bbox 346 2623 432 2659; x_wconf 85' lang='lat' dir='ltr'><strong>mihi</strong></span> <span class='ocrx_word' id='word_1_364' title='bbox 457 2625 658 2674; x_wconf 81' lang='lat' dir='ltr'><strong>pertulerat</strong></span> <span class='ocrx_word' id='word_1_365' title='bbox 683 2623 734 2662; x_wconf 78' lang='grc' dir='ltr'><strong>Ψ.</strong></span> <span class='ocrx_word' id='word_1_366' title='bbox 773 2626 834 2661; x_wconf 89' lang='lat' dir='ltr'><strong>ubi</strong></span> <span class='ocrx_word' id='word_1_367' title='bbox 858 2625 1046 2675; x_wconf 87' lang='lat' dir='ltr'><strong>pertulerit</strong></span> <span class='ocrx_word' id='word_1_368' title='bbox 1066 2629 1232 2673; x_wconf 75' lang='lat' dir='ltr'><strong>quatuor.</strong></span> <span class='ocrx_word' id='word_1_369' title='bbox 1336 2627 1423 2660; x_wconf 84' lang='lat'><strong>420.</strong></span> <span class='ocrx_word' id='word_1_370' title='bbox 1452 2624 1549 2659; x_wconf 88' lang='lat' dir='ltr'><strong>Tra-</strong></span> 
     </span>
    </p>
   </div>
   <div class='ocr_carea' id='block_1_9' title="bbox 110 2669 1550 2768">
    <p class='ocr_par' dir='ltr' id='par_1_10' title="bbox 110 2669 1550 2768">
     <span class='ocr_line' id='line_1_40' title="bbox 110 2669 1550 2723; baseline 0.003 -18"><span class='ocrx_word' id='word_1_371' title='bbox 110 2669 269 2708; x_wconf 81' lang='lat' dir='ltr'><strong>diderint</strong></span> <span class='ocrx_word' id='word_1_372' title='bbox 296 2672 431 2723; x_wconf 89' lang='lat' dir='ltr'><strong>phoeb.</strong></span> <span class='ocrx_word' id='word_1_373' title='bbox 450 2673 512 2713; x_wconf 89' lang='lat' dir='ltr'><em>A.</em></span> <span class='ocrx_word' id='word_1_374' title='bbox 551 2675 601 2711; x_wconf 93' lang='lat' dir='ltr'><strong>Et</strong></span> <span class='ocrx_word' id='word_1_375' title='bbox 627 2675 711 2713; x_wconf 91' lang='lat' dir='ltr'><strong>ded.</strong></span> <span class='ocrx_word' id='word_1_376' title='bbox 739 2673 785 2711; x_wconf 90' lang='grc' dir='ltr'>Π</span> <span class='ocrx_word' id='word_1_377' title='bbox 793 2675 825 2713; x_wconf 86' lang='lat' dir='ltr'><strong>b.</strong></span> <span class='ocrx_word' id='word_1_378' title='bbox 864 2675 1031 2714; x_wconf 85' lang='lat' dir='ltr'><strong>dederint</strong></span> <span class='ocrx_word' id='word_1_379' title='bbox 1054 2676 1119 2713; x_wconf 91' lang='lat' dir='ltr'><strong>soli</strong></span> <span class='ocrx_word' id='word_1_380' title='bbox 1145 2676 1212 2716; x_wconf 84' lang='lat' dir='ltr'><strong>sid.</strong></span> <span class='ocrx_word' id='word_1_381' title='bbox 1243 2673 1295 2713; x_wconf 85' lang='grc' dir='ltr'><strong>Φ.</strong></span> <span class='ocrx_word' id='word_1_382' title='bbox 1335 2674 1400 2712; x_wconf 88' lang='lat' dir='ltr'><strong>sid.</strong></span> <span class='ocrx_word' id='word_1_383' title='bbox 1428 2674 1550 2710; x_wconf 87' lang='lat' dir='ltr'><strong>iuncta</strong></span> 
     </span>
     <span class='ocr_line' id='line_1_41' title="bbox 113 2717 1414 2768; baseline 0.008 -6"><span class='ocrx_word' id='word_1_384' title='bbox 113 2717 333 2768; x_wconf 74' lang='lat' dir='ltr'>Hbf4041</span> <span class='ocrx_word' id='word_1_385' title='bbox 359 2735 439 2765; x_wconf 75' lang='lat' dir='ltr'><strong>sex.</strong></span> <span class='ocrx_word' id='word_1_386' title='bbox 475 2725 542 2763; x_wconf 86' lang='lat' dir='ltr'><strong>sid.</strong></span> <span class='ocrx_word' id='word_1_387' title='bbox 569 2733 698 2764; x_wconf 82' lang='lat' dir='ltr'><strong>cuncta</strong></span> <span class='ocrx_word' id='word_1_388' title='bbox 725 2725 777 2765; x_wconf 86' lang='lat' dir='ltr'><em>A.</em></span> <span class='ocrx_word' id='word_1_389' title='bbox 1401 2729 1414 2737; x_wconf 71' lang='grc'><strong><em>’</em></strong></span> 
     </span>
    </p>
   </div>
  </div>
 </body>
</html>
