<?xml version="1.0" encoding="UTF-8"?>
<!DOCTYPE html PUBLIC "-//W3C//DTD XHTML 1.0 Transitional//EN"
    "http://www.w3.org/TR/xhtml1/DTD/xhtml1-transitional.dtd">
<html xmlns="http://www.w3.org/1999/xhtml" xml:lang="en" lang="en">
 <head>
  <title>
</title>
<meta http-equiv="Content-Type" content="text/html;charset=utf-8" />
  <meta name='ocr-system' content='tesseract 3.04.00' />
  <meta name='ocr-capabilities' content='ocr_page ocr_carea ocr_par ocr_line ocrx_word'/>
</head>
<body>
  <div class='ocr_page' id='page_1' title='image "./fastorumlibrisex00oviduoft_0253.png"; bbox 0 0 1685 2954; ppageno 0'>
   <div class='ocr_carea' id='block_1_1' title="bbox 705 62 1523 95">
    <p class='ocr_par' dir='ltr' id='par_1_1' title="bbox 705 62 1523 95">
     <span class='ocr_line' id='line_1_1' title="bbox 705 62 1523 95; baseline 0.005 -4"><span class='ocrx_word' id='word_1_1' title='bbox 705 62 903 92; x_wconf 79' lang='lat' dir='ltr'>SELECTIS</span> <span class='ocrx_word' id='word_1_2' title='bbox 1380 63 1523 95; x_wconf 75' lang='lat' dir='ltr'>CCXLV</span> 
     </span>
    </p>
   </div>
   <div class='ocr_carea' id='block_1_2' title="bbox 75 157 1520 580">
    <p class='ocr_par' dir='ltr' id='par_1_2' title="bbox 75 157 1520 580">
     <span class='ocr_line' id='line_1_2' title="bbox 81 157 1518 217; baseline 0.003 -20"><span class='ocrx_word' id='word_1_3' title='bbox 81 166 145 198; x_wconf 86' lang='lat' dir='ltr'>ten</span> <span class='ocrx_word' id='word_1_4' title='bbox 172 159 320 199; x_wconf 80' lang='lat' dir='ltr'>fabulae</span> <span class='ocrx_word' id='word_1_5' title='bbox 345 160 395 198; x_wconf 89' lang='lat' dir='ltr'>illi</span> <span class='ocrx_word' id='word_1_6' title='bbox 418 159 466 197; x_wconf 86' lang='lat' dir='ltr'>de</span> <span class='ocrx_word' id='word_1_7' title='bbox 489 157 654 196; x_wconf 86' lang='lat' dir='ltr'>Palladio</span> <span class='ocrx_word' id='word_1_8' title='bbox 680 171 702 197; x_wconf 85' lang='lat' dir='ltr'>a</span> <span class='ocrx_word' id='word_1_9' title='bbox 726 159 903 198; x_wconf 89' lang='lat' dir='ltr'>Diomede</span> <span class='ocrx_word' id='word_1_10' title='bbox 935 167 999 198; x_wconf 87' lang='lat' dir='ltr'>aut</span> <span class='ocrx_word' id='word_1_11' title='bbox 1024 161 1156 212; x_wconf 86' lang='lat' dir='ltr'>Ulysse</span> <span class='ocrx_word' id='word_1_12' title='bbox 1181 160 1344 217; x_wconf 80' lang='lat' dir='ltr'>reddito,</span> <span class='ocrx_word' id='word_1_13' title='bbox 1380 161 1452 202; x_wconf 87' lang='lat' dir='ltr'>Ou.</span> <span class='ocrx_word' id='word_1_14' title='bbox 1477 165 1518 214; x_wconf 81' lang='lat'>6,</span> 
     </span>
     <span class='ocr_line' id='line_1_3' title="bbox 80 221 1520 274; baseline 0.003 -15"><span class='ocrx_word' id='word_1_15' title='bbox 80 223 171 270; x_wconf 82' lang='grc'><strong>427,</strong></span> <span class='ocrx_word' id='word_1_16' title='bbox 199 223 306 260; x_wconf 87' lang='lat' dir='ltr'>Seru.</span> <span class='ocrx_word' id='word_1_17' title='bbox 329 223 375 260; x_wconf 92' lang='lat' dir='ltr'>ad</span> <span class='ocrx_word' id='word_1_18' title='bbox 392 223 481 258; x_wconf 90' lang='lat' dir='ltr'>Aen.</span> <span class='ocrx_word' id='word_1_19' title='bbox 501 225 539 269; x_wconf 84' lang='lat'>3,</span> <span class='ocrx_word' id='word_1_20' title='bbox 555 221 630 258; x_wconf 89' lang='grc'>550</span> <span class='ocrx_word' id='word_1_21' title='bbox 646 228 682 258; x_wconf 91' lang='lat' dir='ltr'>et</span> <span class='ocrx_word' id='word_1_22' title='bbox 707 222 832 258; x_wconf 87' lang='lat' dir='ltr'>Claus.</span> <span class='ocrx_word' id='word_1_23' title='bbox 853 234 938 259; x_wconf 87' lang='lat' dir='ltr'>ann.</span> <span class='ocrx_word' id='word_1_24' title='bbox 957 226 1066 261; x_wconf 87' lang='grc'>1288.</span> <span class='ocrx_word' id='word_1_25' title='bbox 1106 225 1240 262; x_wconf 84' lang='lat' dir='ltr'>Verum</span> <span class='ocrx_word' id='word_1_26' title='bbox 1267 235 1312 260; x_wconf 84' lang='lat' dir='ltr'>ex</span> <span class='ocrx_word' id='word_1_27' title='bbox 1337 235 1394 268; x_wconf 89' lang='lat' dir='ltr'>eo,</span> <span class='ocrx_word' id='word_1_28' title='bbox 1420 225 1520 274; x_wconf 90' lang='lat' dir='ltr'>quod</span> 
     </span>
     <span class='ocr_line' id='line_1_4' title="bbox 80 282 1519 335; baseline 0.001 -15"><span class='ocrx_word' id='word_1_29' title='bbox 80 282 206 321; x_wconf 89' lang='lat' dir='ltr'>Nautii</span> <span class='ocrx_word' id='word_1_30' title='bbox 231 285 324 322; x_wconf 87' lang='lat' dir='ltr'>inter</span> <span class='ocrx_word' id='word_1_31' title='bbox 349 284 504 320; x_wconf 87' lang='lat' dir='ltr'>minores</span> <span class='ocrx_word' id='word_1_32' title='bbox 529 289 655 332; x_wconf 83' lang='lat' dir='ltr'><strong>gentes</strong></span> <span class='ocrx_word' id='word_1_33' title='bbox 676 282 823 319; x_wconf 83' lang='lat' dir='ltr'>suerunt</span> <span class='ocrx_word' id='word_1_34' title='bbox 842 283 1031 321; x_wconf 89' lang='lat' dir='ltr'>Niebuhrii</span> <span class='ocrx_word' id='word_1_35' title='bbox 1053 286 1183 323; x_wconf 91' lang='lat' dir='ltr'>indicio</span> <span class='ocrx_word' id='word_1_36' title='bbox 1203 286 1239 323; x_wconf 85' lang='lat' dir='ltr'>h.</span> <span class='ocrx_word' id='word_1_37' title='bbox 1254 285 1302 321; x_wconf 92' lang='lat' dir='ltr'>R.</span> <span class='ocrx_word' id='word_1_38' title='bbox 1319 289 1356 332; x_wconf 89' lang='grc'>1,</span> <span class='ocrx_word' id='word_1_39' title='bbox 1376 297 1415 335; x_wconf 88' lang='lat' dir='ltr'>p.</span> <span class='ocrx_word' id='word_1_40' title='bbox 1428 287 1519 334; x_wconf 84' lang='lat'>676,</span> 
     </span>
     <span class='ocr_line' id='line_1_5' title="bbox 79 344 1519 394; baseline 0.002 -12"><span class='ocrx_word' id='word_1_41' title='bbox 79 345 226 383; x_wconf 90' lang='lat' dir='ltr'>minime</span> <span class='ocrx_word' id='word_1_42' title='bbox 252 345 368 394; x_wconf 81' lang='lat' dir='ltr'><strong>colligi</strong></span> <span class='ocrx_word' id='word_1_43' title='bbox 395 350 514 394; x_wconf 91' lang='lat' dir='ltr'>potest</span> <span class='ocrx_word' id='word_1_44' title='bbox 541 344 724 393; x_wconf 89' lang='lat' dir='ltr'>publicum</span> <span class='ocrx_word' id='word_1_45' title='bbox 751 344 929 381; x_wconf 86' lang='lat' dir='ltr'>Albanum</span> <span class='ocrx_word' id='word_1_46' title='bbox 956 358 1098 383; x_wconf 87' lang='lat' dir='ltr'>sacrum</span> <span class='ocrx_word' id='word_1_47' title='bbox 1125 349 1172 384; x_wconf 91' lang='lat' dir='ltr'>ab</span> <span class='ocrx_word' id='word_1_48' title='bbox 1199 348 1239 384; x_wconf 88' lang='lat' dir='ltr'>iis</span> <span class='ocrx_word' id='word_1_49' title='bbox 1257 347 1413 384; x_wconf 85' lang='lat' dir='ltr'><strong>Romam</strong></span> <span class='ocrx_word' id='word_1_50' title='bbox 1439 357 1519 385; x_wconf 85' lang='lat' dir='ltr'>esse</span> 
     </span>
     <span class='ocr_line' id='line_1_6' title="bbox 79 405 1518 457; baseline 0.001 -13"><span class='ocrx_word' id='word_1_51' title='bbox 79 408 304 453; x_wconf 82' lang='lat' dir='ltr'>translatum,</span> <span class='ocrx_word' id='word_1_52' title='bbox 330 406 381 442; x_wconf 89' lang='lat' dir='ltr'>uti</span> <span class='ocrx_word' id='word_1_53' title='bbox 406 405 493 442; x_wconf 85' lang='lat' dir='ltr'>fecit</span> <span class='ocrx_word' id='word_1_54' title='bbox 521 405 734 442; x_wconf 89' lang='lat' dir='ltr'>Clausenius</span> <span class='ocrx_word' id='word_1_55' title='bbox 759 418 797 456; x_wconf 92' lang='lat' dir='ltr'>p.</span> <span class='ocrx_word' id='word_1_56' title='bbox 813 408 909 443; x_wconf 69' lang='lat'>6982</span> <span class='ocrx_word' id='word_1_57' title='bbox 944 419 1064 456; x_wconf 89' lang='lat' dir='ltr'>neque</span> <span class='ocrx_word' id='word_1_58' title='bbox 1091 407 1189 457; x_wconf 91' lang='lat' dir='ltr'>quod</span> <span class='ocrx_word' id='word_1_59' title='bbox 1215 408 1408 456; x_wconf 86' lang='lat' dir='ltr'>Dionysius</span> <span class='ocrx_word' id='word_1_60' title='bbox 1433 408 1518 445; x_wconf 89' lang='lat' dir='ltr'>Hal.</span> 
     </span>
     <span class='ocr_line' id='line_1_7' title="bbox 77 461 1518 518; baseline 0 -11"><span class='ocrx_word' id='word_1_61' title='bbox 77 470 116 517; x_wconf 87' lang='grc'>6,</span> <span class='ocrx_word' id='word_1_62' title='bbox 130 470 180 506; x_wconf 87' lang='grc'>69</span> <span class='ocrx_word' id='word_1_63' title='bbox 196 462 377 516; x_wconf 73' lang='grc' dir='ltr'><em>Ἀθήνην</em></span> <span class='ocrx_word' id='word_1_64' title='bbox 395 461 585 503; x_wconf 76' lang='grc' dir='ltr'><em>Πολιάδα</em></span> <span class='ocrx_word' id='word_1_65' title='bbox 604 467 718 504; x_wconf 90' lang='lat' dir='ltr'>Troia</span> <span class='ocrx_word' id='word_1_66' title='bbox 745 467 902 504; x_wconf 87' lang='lat' dir='ltr'>ablatam</span> <span class='ocrx_word' id='word_1_67' title='bbox 927 469 1068 518; x_wconf 77' lang='lat' dir='ltr'><strong>scripsit</strong></span> <span class='ocrx_word' id='word_1_68' title='bbox 1094 481 1115 505; x_wconf 91' lang='lat' dir='ltr'>a</span> <span class='ocrx_word' id='word_1_69' title='bbox 1140 468 1276 506; x_wconf 86' lang='lat' dir='ltr'>Nautio</span> <span class='ocrx_word' id='word_1_70' title='bbox 1303 469 1433 507; x_wconf 84' lang='lat' dir='ltr'>comite</span> <span class='ocrx_word' id='word_1_71' title='bbox 1448 471 1518 507; x_wconf 89' lang='lat' dir='ltr'>Ae·</span> 
     </span>
     <span class='ocr_line' id='line_1_8' title="bbox 75 527 1519 580; baseline 0 -13"><span class='ocrx_word' id='word_1_72' title='bbox 75 542 168 567; x_wconf 86' lang='lat' dir='ltr'>neae</span> <span class='ocrx_word' id='word_1_73' title='bbox 193 528 295 578; x_wconf 90' lang='lat' dir='ltr'>(quid</span> <span class='ocrx_word' id='word_1_74' title='bbox 314 529 407 566; x_wconf 92' lang='lat' dir='ltr'>enim</span> <span class='ocrx_word' id='word_1_75' title='bbox 428 527 525 564; x_wconf 88' lang='lat' dir='ltr'>aliud</span> <span class='ocrx_word' id='word_1_76' title='bbox 544 528 650 564; x_wconf 83' lang='lat' dir='ltr'><strong>scribi</strong></span> <span class='ocrx_word' id='word_1_77' title='bbox 676 530 794 578; x_wconf 92' lang='lat' dir='ltr'>potuit</span> <span class='ocrx_word' id='word_1_78' title='bbox 818 529 864 567; x_wconf 93' lang='lat' dir='ltr'>de</span> <span class='ocrx_word' id='word_1_79' title='bbox 884 529 1048 566; x_wconf 88' lang='lat' dir='ltr'>Palladio</span> <span class='ocrx_word' id='word_1_80' title='bbox 1058 528 1111 577; x_wconf 68' lang='lat'>¹3),</span> <span class='ocrx_word' id='word_1_81' title='bbox 1136 530 1283 580; x_wconf 87' lang='lat' dir='ltr'>illepida</span> <span class='ocrx_word' id='word_1_82' title='bbox 1311 531 1519 568; x_wconf 84' lang='lat' dir='ltr'>coniectura</span> 
     </span>
    </p>
   </div>
   <div class='ocr_carea' id='block_1_3' title="bbox 53 590 1518 642">
    <p class='ocr_par' dir='ltr' id='par_1_3' title="bbox 53 590 1518 642">
     <span class='ocr_line' id='line_1_9' title="bbox 53 590 1518 642; baseline 0.001 -14"><span class='ocrx_word' id='word_1_83' title='bbox 53 592 192 628; x_wconf 75' lang='lat' dir='ltr'>‘locum</span> <span class='ocrx_word' id='word_1_84' title='bbox 219 590 355 637; x_wconf 88' lang='lat' dir='ltr'>habet,</span> <span class='ocrx_word' id='word_1_85' title='bbox 388 590 489 627; x_wconf 91' lang='lat' dir='ltr'>cuius</span> <span class='ocrx_word' id='word_1_86' title='bbox 515 601 654 626; x_wconf 89' lang='lat' dir='ltr'>summa</span> <span class='ocrx_word' id='word_1_87' title='bbox 682 590 771 627; x_wconf 86' lang='lat' dir='ltr'>haec</span> <span class='ocrx_word' id='word_1_88' title='bbox 799 598 870 638; x_wconf 84' lang='lat' dir='ltr'>est,</span> <span class='ocrx_word' id='word_1_89' title='bbox 898 605 936 642; x_wconf 88' lang='lat' dir='ltr'>p.</span> <span class='ocrx_word' id='word_1_90' title='bbox 957 594 1029 629; x_wconf 83' lang='lat'>701</span> <span class='ocrx_word' id='word_1_91' title='bbox 1059 598 1096 629; x_wconf 90' lang='lat' dir='ltr'>et</span> <span class='ocrx_word' id='word_1_92' title='bbox 1122 594 1215 629; x_wconf 80' lang='lat'>702:</span> <span class='ocrx_word' id='word_1_93' title='bbox 1248 593 1425 629; x_wconf 78' lang='lat' dir='ltr'>Minerua</span> <span class='ocrx_word' id='word_1_94' title='bbox 1449 592 1518 630; x_wconf 68' lang='lat' dir='ltr'>lei-</span> 
     </span>
    </p>
   </div>
   <div class='ocr_carea' id='block_1_4' title="bbox 57 649 1518 2054">
    <p class='ocr_par' dir='ltr' id='par_1_4' title="bbox 67 649 1518 1070">
     <span class='ocr_line' id='line_1_10' title="bbox 72 649 1518 701; baseline 0.001 -12"><span class='ocrx_word' id='word_1_95' title='bbox 72 655 123 689; x_wconf 73' lang='lat' dir='ltr'>tet</span> <span class='ocrx_word' id='word_1_96' title='bbox 153 650 224 689; x_wconf 79' lang='lat' dir='ltr'>das</span> <span class='ocrx_word' id='word_1_97' title='bbox 249 649 493 698; x_wconf 70' lang='lat' dir='ltr'>Staatsscltiff</span> <span class='ocrx_word' id='word_1_98' title='bbox 521 651 580 688; x_wconf 79' lang='lat' dir='ltr'>als</span> <span class='ocrx_word' id='word_1_99' title='bbox 614 651 798 688; x_wconf 65' lang='lat' dir='ltr'>nautische</span> <span class='ocrx_word' id='word_1_100' title='bbox 828 654 975 701; x_wconf 74' lang='lat' dir='ltr'>Gottin,</span> <span class='ocrx_word' id='word_1_101' title='bbox 1001 675 1051 683; x_wconf 79' lang='lat'>———</span> <span class='ocrx_word' id='word_1_102' title='bbox 1076 655 1251 690; x_wconf 73' lang='lat' dir='ltr'>Minerua</span> <span class='ocrx_word' id='word_1_103' title='bbox 1277 655 1424 690; x_wconf 71' lang='lat' dir='ltr'>Nautia</span> <span class='ocrx_word' id='word_1_104' title='bbox 1459 654 1518 691; x_wconf 79' lang='lat' dir='ltr'>als</span> 
     </span>
     <span class='ocr_line' id='line_1_11' title="bbox 72 712 1517 762; baseline 0 -12"><span class='ocrx_word' id='word_1_105' title='bbox 72 712 391 761; x_wconf 76' lang='lat' dir='ltr'>Schiffslenkerinn</span> <span class='ocrx_word' id='word_1_106' title='bbox 418 712 480 750; x_wconf 83' lang='lat' dir='ltr'>des</span> <span class='ocrx_word' id='word_1_107' title='bbox 505 715 637 750; x_wconf 76' lang='lat' dir='ltr'>Staats</span> <span class='ocrx_word' id='word_1_108' title='bbox 661 714 856 762; x_wconf 75' lang='lat' dir='ltr'>entspricht</span> <span class='ocrx_word' id='word_1_109' title='bbox 881 714 943 751; x_wconf 78' lang='lat' dir='ltr'>der</span> <span class='ocrx_word' id='word_1_110' title='bbox 967 714 1154 752; x_wconf 67' lang='lat' dir='ltr'>italischen</span> <span class='ocrx_word' id='word_1_111' title='bbox 1178 715 1253 751; x_wconf 76' lang='lat' dir='ltr'>und</span> <span class='ocrx_word' id='word_1_112' title='bbox 1276 713 1517 751; x_wconf 70' lang='lat' dir='ltr'>italiotischen</span> 
     </span>
     <span class='ocr_line' id='line_1_12' title="bbox 71 773 1515 822; baseline 0.001 -12"><span class='ocrx_word' id='word_1_113' title='bbox 71 774 308 822; x_wconf 74' lang='lat' dir='ltr'>Auffassuny</span> <span class='ocrx_word' id='word_1_114' title='bbox 341 773 404 811; x_wconf 83' lang='lat' dir='ltr'>der</span> <span class='ocrx_word' id='word_1_115' title='bbox 433 776 560 811; x_wconf 77' lang='lat' dir='ltr'>Go&#39;ttin</span> <span class='ocrx_word' id='word_1_116' title='bbox 596 775 653 812; x_wconf 82' lang='lat' dir='ltr'>als</span> <span class='ocrx_word' id='word_1_117' title='bbox 684 774 883 813; x_wconf 66' lang='lat' dir='ltr'>Gebzeterzn</span> <span class='ocrx_word' id='word_1_118' title='bbox 920 776 981 813; x_wconf 81' lang='lat' dir='ltr'>des</span> <span class='ocrx_word' id='word_1_119' title='bbox 1007 778 1131 814; x_wconf 74' lang='lat' dir='ltr'>Meers</span> <span class='ocrx_word' id='word_1_120' title='bbox 1162 775 1237 813; x_wconf 75' lang='lat' dir='ltr'>und</span> <span class='ocrx_word' id='word_1_121' title='bbox 1271 774 1332 812; x_wconf 79' lang='lat' dir='ltr'>der</span> <span class='ocrx_word' id='word_1_122' title='bbox 1358 776 1515 812; x_wconf 69' lang='lat' dir='ltr'>Stin-me.</span> 
     </span>
     <span class='ocr_line' id='line_1_13' title="bbox 71 835 1516 886; baseline 0.001 -13"><span class='ocrx_word' id='word_1_123' title='bbox 71 835 179 886; x_wconf 89' lang='lat' dir='ltr'>Nego</span> <span class='ocrx_word' id='word_1_124' title='bbox 205 837 314 885; x_wconf 89' lang='lat' dir='ltr'>igitur</span> <span class='ocrx_word' id='word_1_125' title='bbox 338 836 420 871; x_wconf 86' lang='lat' dir='ltr'>sciri</span> <span class='ocrx_word' id='word_1_126' title='bbox 447 836 539 873; x_wconf 90' lang='lat' dir='ltr'>adeo</span> <span class='ocrx_word' id='word_1_127' title='bbox 565 848 692 886; x_wconf 91' lang='lat' dir='ltr'>posse,</span> <span class='ocrx_word' id='word_1_128' title='bbox 721 837 929 884; x_wconf 83' lang='lat' dir='ltr'>Romaene,</span> <span class='ocrx_word' id='word_1_129' title='bbox 956 849 1002 873; x_wconf 91' lang='lat' dir='ltr'>an</span> <span class='ocrx_word' id='word_1_130' title='bbox 1029 838 1173 874; x_wconf 90' lang='lat' dir='ltr'>Lauinii</span> <span class='ocrx_word' id='word_1_131' title='bbox 1200 844 1262 873; x_wconf 90' lang='lat' dir='ltr'>aut</span> <span class='ocrx_word' id='word_1_132' title='bbox 1287 836 1416 884; x_wconf 84' lang='lat' dir='ltr'>Albae,</span> <span class='ocrx_word' id='word_1_133' title='bbox 1441 836 1516 876; x_wconf 79' lang='lat' dir='ltr'>uid.</span> 
     </span>
     <span class='ocr_line' id='line_1_14' title="bbox 71 896 1512 947; baseline 0.001 -13"><span class='ocrx_word' id='word_1_134' title='bbox 71 897 243 934; x_wconf 83' lang='lat' dir='ltr'>Clausen.</span> <span class='ocrx_word' id='word_1_135' title='bbox 271 909 310 946; x_wconf 92' lang='lat' dir='ltr'>p.</span> <span class='ocrx_word' id='word_1_136' title='bbox 325 898 415 944; x_wconf 81' lang='lat'>623,</span> <span class='ocrx_word' id='word_1_137' title='bbox 443 899 596 947; x_wconf 88' lang='lat' dir='ltr'>primum</span> <span class='ocrx_word' id='word_1_138' title='bbox 624 897 826 934; x_wconf 78' lang='lat' dir='ltr'>adhaeserit</span> <span class='ocrx_word' id='word_1_139' title='bbox 845 896 984 935; x_wconf 84' lang='lat' dir='ltr'>Vestae</span> <span class='ocrx_word' id='word_1_140' title='bbox 1010 899 1166 934; x_wconf 89' lang='lat' dir='ltr'>sacrario</span> <span class='ocrx_word' id='word_1_141' title='bbox 1193 897 1344 934; x_wconf 89' lang='lat' dir='ltr'>Palladii</span> <span class='ocrx_word' id='word_1_142' title='bbox 1368 897 1512 935; x_wconf 83' lang='lat' dir='ltr'>sabula:</span> 
     </span>
     <span class='ocr_line' id='line_1_15' title="bbox 69 959 1513 1009; baseline 0.001 -14"><span class='ocrx_word' id='word_1_143' title='bbox 69 959 314 995; x_wconf 90' lang='lat' dir='ltr'>coniecturam</span> <span class='ocrx_word' id='word_1_144' title='bbox 346 971 456 1008; x_wconf 88' lang='lat' dir='ltr'>quam</span> <span class='ocrx_word' id='word_1_145' title='bbox 489 970 599 1009; x_wconf 86' lang='lat' dir='ltr'>supra</span> <span class='ocrx_word' id='word_1_146' title='bbox 633 970 672 1008; x_wconf 89' lang='lat' dir='ltr'>p.</span> <span class='ocrx_word' id='word_1_147' title='bbox 692 969 826 995; x_wconf 63' lang='grc' dir='ltr'>σον-111</span> <span class='ocrx_word' id='word_1_148' title='bbox 851 970 906 1009; x_wconf 88' lang='lat' dir='ltr'>sq.</span> <span class='ocrx_word' id='word_1_149' title='bbox 933 959 1094 1008; x_wconf 83' lang='lat' dir='ltr'>institui,</span> <span class='ocrx_word' id='word_1_150' title='bbox 1118 971 1193 998; x_wconf 89' lang='lat' dir='ltr'>non</span> <span class='ocrx_word' id='word_1_151' title='bbox 1227 960 1329 998; x_wconf 85' lang='lat' dir='ltr'>lubet</span> <span class='ocrx_word' id='word_1_152' title='bbox 1362 960 1513 998; x_wconf 87' lang='lat' dir='ltr'>ulterius</span> 
     </span>
     <span class='ocr_line' id='line_1_16' title="bbox 67 1020 251 1070; baseline -0.005 -13"><span class='ocrx_word' id='word_1_153' title='bbox 67 1020 251 1070; x_wconf 83' lang='lat' dir='ltr'>persequi.</span> 
     </span>
    </p>

    <p class='ocr_par' dir='ltr' id='par_1_5' title="bbox 57 1080 1513 2054">
     <span class='ocr_line' id='line_1_17' title="bbox 168 1080 1513 1134; baseline 0.004 -18"><span class='ocrx_word' id='word_1_154' title='bbox 168 1080 390 1120; x_wconf 82' lang='lat' dir='ltr'>Venerem</span> <span class='ocrx_word' id='word_1_155' title='bbox 417 1083 487 1120; x_wconf 88' lang='lat' dir='ltr'>hoc</span> <span class='ocrx_word' id='word_1_156' title='bbox 512 1083 591 1132; x_wconf 85' lang='lat' dir='ltr'>ipso</span> <span class='ocrx_word' id='word_1_157' title='bbox 618 1082 766 1119; x_wconf 86' lang='lat' dir='ltr'>nomine</span> <span class='ocrx_word' id='word_1_158' title='bbox 792 1082 849 1118; x_wconf 86' lang='lat' dir='ltr'>uix</span> <span class='ocrx_word' id='word_1_159' title='bbox 876 1087 998 1119; x_wconf 88' lang='lat' dir='ltr'>notam</span> <span class='ocrx_word' id='word_1_160' title='bbox 1024 1081 1133 1120; x_wconf 84' lang='lat' dir='ltr'>fuisse</span> <span class='ocrx_word' id='word_1_161' title='bbox 1157 1081 1301 1121; x_wconf 89' lang='lat' dir='ltr'>Romae</span> <span class='ocrx_word' id='word_1_162' title='bbox 1324 1083 1392 1120; x_wconf 89' lang='lat' dir='ltr'>sub</span> <span class='ocrx_word' id='word_1_163' title='bbox 1418 1084 1513 1134; x_wconf 88' lang='lat' dir='ltr'>regi-</span> 
     </span>
     <span class='ocr_line' id='line_1_18' title="bbox 68 1140 1513 1192; baseline 0.003 -15"><span class='ocrx_word' id='word_1_164' title='bbox 68 1140 136 1178; x_wconf 91' lang='lat' dir='ltr'>bus</span> <span class='ocrx_word' id='word_1_165' title='bbox 162 1142 386 1192; x_wconf 85' lang='lat' dir='ltr'>scripserunt</span> <span class='ocrx_word' id='word_1_166' title='bbox 413 1144 530 1180; x_wconf 87' lang='lat' dir='ltr'>Varro</span> <span class='ocrx_word' id='word_1_167' title='bbox 556 1149 593 1179; x_wconf 90' lang='lat' dir='ltr'>et</span> <span class='ocrx_word' id='word_1_168' title='bbox 621 1143 766 1180; x_wconf 86' lang='lat' dir='ltr'>Cincius</span> <span class='ocrx_word' id='word_1_169' title='bbox 793 1150 885 1181; x_wconf 88' lang='lat' dir='ltr'>teste</span> <span class='ocrx_word' id='word_1_170' title='bbox 911 1144 1097 1180; x_wconf 86' lang='lat' dir='ltr'>Macrobio</span> <span class='ocrx_word' id='word_1_171' title='bbox 1123 1151 1191 1181; x_wconf 90' lang='lat' dir='ltr'>sat.</span> <span class='ocrx_word' id='word_1_172' title='bbox 1219 1148 1256 1192; x_wconf 92' lang='lat'>1,</span> <span class='ocrx_word' id='word_1_173' title='bbox 1285 1148 1345 1181; x_wconf 86' lang='lat'>12.</span> <span class='ocrx_word' id='word_1_174' title='bbox 1399 1144 1513 1182; x_wconf 90' lang='lat' dir='ltr'>Vide-</span> 
     </span>
     <span class='ocr_line' id='line_1_19' title="bbox 66 1204 1511 1255; baseline 0.001 -15"><span class='ocrx_word' id='word_1_175' title='bbox 66 1208 128 1240; x_wconf 87' lang='lat' dir='ltr'>tur</span> <span class='ocrx_word' id='word_1_176' title='bbox 153 1215 241 1253; x_wconf 86' lang='lat' dir='ltr'>ergo</span> <span class='ocrx_word' id='word_1_177' title='bbox 267 1204 363 1240; x_wconf 88' lang='lat' dir='ltr'>culta</span> <span class='ocrx_word' id='word_1_178' title='bbox 396 1204 506 1241; x_wconf 82' lang='lat' dir='ltr'>fuisse</span> <span class='ocrx_word' id='word_1_179' title='bbox 539 1205 650 1241; x_wconf 86' lang='lat' dir='ltr'>sacris</span> <span class='ocrx_word' id='word_1_180' title='bbox 676 1206 844 1253; x_wconf 87' lang='lat' dir='ltr'>Albanis,</span> <span class='ocrx_word' id='word_1_181' title='bbox 880 1205 928 1242; x_wconf 88' lang='lat' dir='ltr'>de</span> <span class='ocrx_word' id='word_1_182' title='bbox 963 1205 1091 1254; x_wconf 85' lang='lat' dir='ltr'>quibus</span> <span class='ocrx_word' id='word_1_183' title='bbox 1123 1205 1254 1242; x_wconf 87' lang='lat' dir='ltr'>indicia</span> <span class='ocrx_word' id='word_1_184' title='bbox 1279 1206 1511 1255; x_wconf 85' lang='lat' dir='ltr'>scriptorum,</span> 
     </span>
     <span class='ocr_line' id='line_1_20' title="bbox 66 1264 1511 1316; baseline 0.002 -16"><span class='ocrx_word' id='word_1_185' title='bbox 66 1264 252 1301; x_wconf 88' lang='lat' dir='ltr'>Ciceronis</span> <span class='ocrx_word' id='word_1_186' title='bbox 272 1277 340 1313; x_wconf 88' lang='lat' dir='ltr'>pro</span> <span class='ocrx_word' id='word_1_187' title='bbox 358 1264 436 1302; x_wconf 91' lang='lat' dir='ltr'>Mil.</span> <span class='ocrx_word' id='word_1_188' title='bbox 459 1268 504 1301; x_wconf 87' lang='lat'>31</span> <span class='ocrx_word' id='word_1_189' title='bbox 535 1269 571 1313; x_wconf 64' lang='grc' dir='ltr'>ξ.</span> <span class='ocrx_word' id='word_1_190' title='bbox 588 1266 649 1311; x_wconf 89' lang='grc'>85,</span> <span class='ocrx_word' id='word_1_191' title='bbox 675 1266 799 1303; x_wconf 83' lang='lat' dir='ltr'>Strab.</span> <span class='ocrx_word' id='word_1_192' title='bbox 820 1267 857 1315; x_wconf 86' lang='lat'>5,</span> <span class='ocrx_word' id='word_1_193' title='bbox 884 1280 922 1316; x_wconf 88' lang='lat' dir='ltr'>p.</span> <span class='ocrx_word' id='word_1_194' title='bbox 945 1267 1018 1303; x_wconf 80' lang='grc'>353</span> <span class='ocrx_word' id='word_1_195' title='bbox 1039 1266 1166 1311; x_wconf 91' lang='lat' dir='ltr'>Wolt.‚</span> <span class='ocrx_word' id='word_1_196' title='bbox 1191 1267 1275 1304; x_wconf 91' lang='lat' dir='ltr'>Liu.</span> <span class='ocrx_word' id='word_1_197' title='bbox 1303 1271 1337 1311; x_wconf 92' lang='lat'>1,</span> <span class='ocrx_word' id='word_1_198' title='bbox 1358 1270 1419 1315; x_wconf 84' lang='lat'>31,</span> <span class='ocrx_word' id='word_1_199' title='bbox 1446 1267 1511 1304; x_wconf 90' lang='lat' dir='ltr'>de-</span> 
     </span>
     <span class='ocr_line' id='line_1_21' title="bbox 65 1325 1511 1377; baseline 0.002 -14"><span class='ocrx_word' id='word_1_200' title='bbox 65 1326 134 1363; x_wconf 89' lang='lat' dir='ltr'>beo</span> <span class='ocrx_word' id='word_1_201' title='bbox 160 1325 395 1362; x_wconf 89' lang='lat' dir='ltr'>Ambroschio</span> <span class='ocrx_word' id='word_1_202' title='bbox 422 1339 460 1375; x_wconf 89' lang='lat' dir='ltr'>p.</span> <span class='ocrx_word' id='word_1_203' title='bbox 478 1330 563 1374; x_wconf 81' lang='lat'>142,</span> <span class='ocrx_word' id='word_1_204' title='bbox 586 1330 673 1364; x_wconf 88' lang='grc'>220.</span> <span class='ocrx_word' id='word_1_205' title='bbox 736 1327 907 1377; x_wconf 86' lang='lat' dir='ltr'>Namque</span> <span class='ocrx_word' id='word_1_206' title='bbox 935 1327 1062 1363; x_wconf 88' lang='lat' dir='ltr'>Iuliam</span> <span class='ocrx_word' id='word_1_207' title='bbox 1094 1334 1239 1375; x_wconf 84' lang='lat' dir='ltr'>gentem</span> <span class='ocrx_word' id='word_1_208' title='bbox 1270 1329 1413 1366; x_wconf 88' lang='lat' dir='ltr'>Romae</span> <span class='ocrx_word' id='word_1_209' title='bbox 1447 1341 1511 1365; x_wconf 90' lang='lat' dir='ltr'>co-</span> 
     </span>
     <span class='ocr_line' id='line_1_22' title="bbox 62 1388 1508 1438; baseline 0.002 -14"><span class='ocrx_word' id='word_1_210' title='bbox 62 1388 172 1425; x_wconf 87' lang='lat' dir='ltr'>luisse</span> <span class='ocrx_word' id='word_1_211' title='bbox 203 1388 385 1425; x_wconf 85' lang='lat' dir='ltr'>Venerem</span> <span class='ocrx_word' id='word_1_212' title='bbox 417 1388 494 1437; x_wconf 88' lang='lat' dir='ltr'>ipse</span> <span class='ocrx_word' id='word_1_213' title='bbox 527 1390 571 1427; x_wconf 90' lang='lat' dir='ltr'>C.</span> <span class='ocrx_word' id='word_1_214' title='bbox 599 1390 734 1426; x_wconf 87' lang='lat' dir='ltr'>Caesar</span> <span class='ocrx_word' id='word_1_215' title='bbox 768 1396 922 1426; x_wconf 87' lang='lat' dir='ltr'>testatur</span> <span class='ocrx_word' id='word_1_216' title='bbox 956 1388 1052 1438; x_wconf 89' lang='lat' dir='ltr'>apud</span> <span class='ocrx_word' id='word_1_217' title='bbox 1080 1389 1186 1427; x_wconf 85' lang='lat' dir='ltr'>Suet.</span> <span class='ocrx_word' id='word_1_218' title='bbox 1216 1391 1324 1427; x_wconf 85' lang='lat' dir='ltr'>Caes.</span> <span class='ocrx_word' id='word_1_219' title='bbox 1353 1392 1400 1438; x_wconf 89' lang='grc'>5,</span> <span class='ocrx_word' id='word_1_220' title='bbox 1440 1390 1508 1428; x_wconf 83' lang='lat' dir='ltr'>cfr.</span> 
     </span>
     <span class='ocr_line' id='line_1_23' title="bbox 63 1449 1507 1500; baseline 0.002 -14"><span class='ocrx_word' id='word_1_221' title='bbox 63 1449 235 1487; x_wconf 86' lang='lat' dir='ltr'>Clausen.</span> <span class='ocrx_word' id='word_1_222' title='bbox 261 1461 299 1498; x_wconf 90' lang='lat' dir='ltr'>p.</span> <span class='ocrx_word' id='word_1_223' title='bbox 316 1451 409 1487; x_wconf 82' lang='lat'>731:</span> <span class='ocrx_word' id='word_1_224' title='bbox 444 1452 536 1487; x_wconf 90' lang='lat' dir='ltr'>Alba</span> <span class='ocrx_word' id='word_1_225' title='bbox 561 1451 749 1488; x_wconf 87' lang='lat' dir='ltr'>oriundam</span> <span class='ocrx_word' id='word_1_226' title='bbox 776 1450 886 1486; x_wconf 79' lang='lat' dir='ltr'>fuisse</span> <span class='ocrx_word' id='word_1_227' title='bbox 911 1450 1094 1500; x_wconf 84' lang='lat' dir='ltr'>inscriptio</span> <span class='ocrx_word' id='word_1_228' title='bbox 1123 1450 1308 1488; x_wconf 89' lang='lat' dir='ltr'>Orelliana</span> <span class='ocrx_word' id='word_1_229' title='bbox 1335 1466 1371 1490; x_wconf 89' lang='lat' dir='ltr'>n.</span> <span class='ocrx_word' id='word_1_230' title='bbox 1388 1455 1507 1489; x_wconf 83' lang='lat'>1287:</span> 
     </span>
     <span class='ocr_line' id='line_1_24' title="bbox 64 1511 1508 1562; baseline 0.003 -16"><span class='ocrx_word' id='word_1_231' title='bbox 64 1511 178 1548; x_wconf 85' lang='lat' dir='ltr'>Albae</span> <span class='ocrx_word' id='word_1_232' title='bbox 204 1523 351 1560; x_wconf 91' lang='lat' dir='ltr'>quoque</span> <span class='ocrx_word' id='word_1_233' title='bbox 376 1513 618 1549; x_wconf 83' lang='lat' dir='ltr'>sacerdotium</span> <span class='ocrx_word' id='word_1_234' title='bbox 646 1512 813 1548; x_wconf 83' lang='lat' dir='ltr'>habuisse</span> <span class='ocrx_word' id='word_1_235' title='bbox 839 1511 1022 1560; x_wconf 89' lang='lat' dir='ltr'>publicum</span> <span class='ocrx_word' id='word_1_236' title='bbox 1050 1512 1242 1562; x_wconf 86' lang='lat' dir='ltr'>Dionysius</span> <span class='ocrx_word' id='word_1_237' title='bbox 1270 1515 1351 1550; x_wconf 86' lang='lat' dir='ltr'>Hal.</span> <span class='ocrx_word' id='word_1_238' title='bbox 1381 1518 1420 1561; x_wconf 88' lang='grc'>1,</span> <span class='ocrx_word' id='word_1_239' title='bbox 1437 1516 1508 1562; x_wconf 74' lang='lat'>705</span> 
     </span>
     <span class='ocr_line' id='line_1_25' title="bbox 64 1571 1509 1624; baseline 0.004 -18"><span class='ocrx_word' id='word_1_240' title='bbox 64 1571 162 1607; x_wconf 91' lang='lat' dir='ltr'>unde</span> <span class='ocrx_word' id='word_1_241' title='bbox 190 1578 344 1621; x_wconf 86' lang='lat' dir='ltr'>apparet</span> <span class='ocrx_word' id='word_1_242' title='bbox 369 1585 436 1622; x_wconf 90' lang='lat' dir='ltr'>per</span> <span class='ocrx_word' id='word_1_243' title='bbox 463 1574 558 1610; x_wconf 87' lang='lat' dir='ltr'>illam</span> <span class='ocrx_word' id='word_1_244' title='bbox 587 1573 809 1623; x_wconf 89' lang='lat' dir='ltr'>potissimum</span> <span class='ocrx_word' id='word_1_245' title='bbox 838 1578 998 1621; x_wconf 83' lang='lat' dir='ltr'>gentem,</span> <span class='ocrx_word' id='word_1_246' title='bbox 1028 1574 1126 1610; x_wconf 86' lang='lat' dir='ltr'>cuius</span> <span class='ocrx_word' id='word_1_247' title='bbox 1152 1582 1304 1612; x_wconf 84' lang='lat' dir='ltr'>stemma</span> <span class='ocrx_word' id='word_1_248' title='bbox 1328 1581 1382 1612; x_wconf 91' lang='lat' dir='ltr'>est</span> <span class='ocrx_word' id='word_1_249' title='bbox 1408 1574 1509 1624; x_wconf 85' lang='lat' dir='ltr'>apud</span> 
     </span>
     <span class='ocr_line' id='line_1_26' title="bbox 64 1631 1508 1686; baseline 0.002 -17"><span class='ocrx_word' id='word_1_250' title='bbox 64 1631 235 1669; x_wconf 87' lang='lat' dir='ltr'>Ouidium</span> <span class='ocrx_word' id='word_1_251' title='bbox 255 1634 292 1678; x_wconf 86' lang='lat'>4,</span> <span class='ocrx_word' id='word_1_252' title='bbox 313 1635 490 1683; x_wconf 84' lang='lat'>27-56,</span> <span class='ocrx_word' id='word_1_253' title='bbox 517 1635 678 1671; x_wconf 76' lang='lat' dir='ltr'>fabulam</span> <span class='ocrx_word' id='word_1_254' title='bbox 704 1634 750 1670; x_wconf 92' lang='lat' dir='ltr'>de</span> <span class='ocrx_word' id='word_1_255' title='bbox 774 1639 896 1670; x_wconf 86' lang='lat' dir='ltr'>Aenea</span> <span class='ocrx_word' id='word_1_256' title='bbox 915 1634 1070 1671; x_wconf 87' lang='lat' dir='ltr'>Romam</span> <span class='ocrx_word' id='word_1_257' title='bbox 1097 1648 1176 1674; x_wconf 88' lang='lat' dir='ltr'>esse</span> <span class='ocrx_word' id='word_1_258' title='bbox 1200 1636 1372 1684; x_wconf 87' lang='lat' dir='ltr'>delatam,</span> <span class='ocrx_word' id='word_1_259' title='bbox 1398 1649 1508 1686; x_wconf 87' lang='lat' dir='ltr'>quam</span> 
     </span>
     <span class='ocr_line' id='line_1_27' title="bbox 65 1692 1507 1746; baseline 0.004 -18"><span class='ocrx_word' id='word_1_260' title='bbox 65 1698 143 1729; x_wconf 87' lang='lat' dir='ltr'>toto</span> <span class='ocrx_word' id='word_1_261' title='bbox 171 1692 277 1729; x_wconf 87' lang='lat' dir='ltr'>Latio</span> <span class='ocrx_word' id='word_1_262' title='bbox 304 1701 425 1730; x_wconf 87' lang='lat' dir='ltr'>notam</span> <span class='ocrx_word' id='word_1_263' title='bbox 451 1695 560 1732; x_wconf 80' lang='lat' dir='ltr'>fuisse</span> <span class='ocrx_word' id='word_1_264' title='bbox 585 1695 700 1742; x_wconf 87' lang='lat' dir='ltr'>adeo,</span> <span class='ocrx_word' id='word_1_265' title='bbox 727 1703 767 1730; x_wconf 93' lang='lat' dir='ltr'>ut</span> <span class='ocrx_word' id='word_1_266' title='bbox 794 1695 918 1731; x_wconf 85' lang='lat' dir='ltr'>Venus</span> <span class='ocrx_word' id='word_1_267' title='bbox 945 1696 1005 1732; x_wconf 89' lang='lat' dir='ltr'>illa</span> <span class='ocrx_word' id='word_1_268' title='bbox 1029 1696 1240 1746; x_wconf 85' lang='lat' dir='ltr'>Lammina,</span> <span class='ocrx_word' id='word_1_269' title='bbox 1267 1694 1399 1735; x_wconf 77' lang='grc' dir='ltr'><em>κοινὰν</em></span> <span class='ocrx_word' id='word_1_270' title='bbox 1427 1697 1507 1734; x_wconf 80' lang='grc' dir='ltr'>τῶν</span> 
     </span>
     <span class='ocr_line' id='line_1_28' title="bbox 61 1749 1507 1804; baseline 0.003 -12"><span class='ocrx_word' id='word_1_271' title='bbox 61 1749 258 1792; x_wconf 82' lang='grc' dir='ltr'><em>Λατίνων</em></span> <span class='ocrx_word' id='word_1_272' title='bbox 286 1749 391 1803; x_wconf 76' lang='grc' dir='ltr'><em>ἱερὸν</em></span> <span class='ocrx_word' id='word_1_273' title='bbox 424 1761 514 1792; x_wconf 86' lang='lat' dir='ltr'>teste</span> <span class='ocrx_word' id='word_1_274' title='bbox 539 1757 721 1793; x_wconf 79' lang='lat' dir='ltr'>Strabone</span> <span class='ocrx_word' id='word_1_275' title='bbox 746 1756 784 1799; x_wconf 87' lang='grc'>5,</span> <span class='ocrx_word' id='word_1_276' title='bbox 812 1766 851 1803; x_wconf 84' lang='lat' dir='ltr'>p.</span> <span class='ocrx_word' id='word_1_277' title='bbox 866 1757 976 1791; x_wconf 84' lang='grc' dir='ltr'><strong>355Α</strong></span> <span class='ocrx_word' id='word_1_278' title='bbox 999 1757 1128 1804; x_wconf 86' lang='lat' dir='ltr'>Wolt.‚</span> <span class='ocrx_word' id='word_1_279' title='bbox 1154 1759 1364 1795; x_wconf 85' lang='lat' dir='ltr'>Aeneadum</span> <span class='ocrx_word' id='word_1_280' title='bbox 1389 1765 1507 1796; x_wconf 91' lang='lat' dir='ltr'>mater</span> 
     </span>
     <span class='ocr_line' id='line_1_29' title="bbox 61 1815 1505 1865; baseline 0.004 -13"><span class='ocrx_word' id='word_1_281' title='bbox 61 1815 202 1853; x_wconf 87' lang='lat' dir='ltr'>credita</span> <span class='ocrx_word' id='word_1_282' title='bbox 227 1816 287 1862; x_wconf 89' lang='lat' dir='ltr'>sit,</span> <span class='ocrx_word' id='word_1_283' title='bbox 313 1827 387 1851; x_wconf 90' lang='lat' dir='ltr'>non</span> <span class='ocrx_word' id='word_1_284' title='bbox 414 1823 468 1851; x_wconf 92' lang='lat' dir='ltr'>est</span> <span class='ocrx_word' id='word_1_285' title='bbox 494 1816 594 1864; x_wconf 88' lang='lat' dir='ltr'>quod</span> <span class='ocrx_word' id='word_1_286' title='bbox 621 1816 775 1853; x_wconf 88' lang='lat' dir='ltr'>dubitari</span> <span class='ocrx_word' id='word_1_287' title='bbox 802 1821 926 1865; x_wconf 82' lang='lat' dir='ltr'>queat.</span> <span class='ocrx_word' id='word_1_288' title='bbox 970 1816 1096 1859; x_wconf 88' lang='lat' dir='ltr'>Qualis</span> <span class='ocrx_word' id='word_1_289' title='bbox 1123 1818 1232 1856; x_wconf 87' lang='lat' dir='ltr'>fuerit</span> <span class='ocrx_word' id='word_1_290' title='bbox 1256 1821 1317 1856; x_wconf 90' lang='lat' dir='ltr'>illa</span> <span class='ocrx_word' id='word_1_291' title='bbox 1343 1820 1411 1857; x_wconf 87' lang='lat' dir='ltr'>dea</span> <span class='ocrx_word' id='word_1_292' title='bbox 1430 1820 1505 1857; x_wconf 89' lang='lat' dir='ltr'>La-</span> 
     </span>
     <span class='ocr_line' id='line_1_30' title="bbox 61 1876 1504 1927; baseline 0.004 -13"><span class='ocrx_word' id='word_1_293' title='bbox 61 1877 218 1914; x_wconf 84' lang='lat' dir='ltr'>tinorum</span> <span class='ocrx_word' id='word_1_294' title='bbox 245 1881 330 1913; x_wconf 89' lang='lat' dir='ltr'>ante</span> <span class='ocrx_word' id='word_1_295' title='bbox 355 1876 533 1925; x_wconf 88' lang='lat' dir='ltr'>perlatam</span> <span class='ocrx_word' id='word_1_296' title='bbox 567 1878 652 1914; x_wconf 91' lang='lat' dir='ltr'>illuc</span> <span class='ocrx_word' id='word_1_297' title='bbox 683 1888 850 1927; x_wconf 83' lang='lat' dir='ltr'>graecam</span> <span class='ocrx_word' id='word_1_298' title='bbox 883 1876 1064 1922; x_wconf 81' lang='lat' dir='ltr'>fabulam,</span> <span class='ocrx_word' id='word_1_299' title='bbox 1101 1885 1222 1916; x_wconf 88' lang='lat' dir='ltr'>utrum</span> <span class='ocrx_word' id='word_1_300' title='bbox 1255 1881 1302 1918; x_wconf 84' lang='lat' dir='ltr'>ad</span> <span class='ocrx_word' id='word_1_301' title='bbox 1328 1882 1504 1920; x_wconf 82' lang='lat' dir='ltr'>Veniliam</span> 
     </span>
     <span class='ocr_line' id='line_1_31' title="bbox 59 1936 1503 1991; baseline 0.003 -16"><span class='ocrx_word' id='word_1_302' title='bbox 59 1937 254 1976; x_wconf 85' lang='lat' dir='ltr'>reserenda</span> <span class='ocrx_word' id='word_1_303' title='bbox 279 1937 341 1984; x_wconf 88' lang='lat' dir='ltr'>sit,</span> <span class='ocrx_word' id='word_1_304' title='bbox 370 1936 417 1974; x_wconf 91' lang='lat' dir='ltr'>de</span> <span class='ocrx_word' id='word_1_305' title='bbox 443 1950 515 1987; x_wconf 90' lang='lat' dir='ltr'>qua</span> <span class='ocrx_word' id='word_1_306' title='bbox 543 1938 714 1975; x_wconf 88' lang='lat' dir='ltr'>Clausen.</span> <span class='ocrx_word' id='word_1_307' title='bbox 738 1952 775 1988; x_wconf 91' lang='lat' dir='ltr'>p.</span> <span class='ocrx_word' id='word_1_308' title='bbox 790 1940 880 1986; x_wconf 81' lang='lat'>783,</span> <span class='ocrx_word' id='word_1_309' title='bbox 907 1950 953 1975; x_wconf 89' lang='lat' dir='ltr'>an</span> <span class='ocrx_word' id='word_1_310' title='bbox 981 1939 1027 1974; x_wconf 91' lang='lat' dir='ltr'>ab</span> <span class='ocrx_word' id='word_1_311' title='bbox 1054 1952 1098 1976; x_wconf 85' lang='lat' dir='ltr'>ea</span> <span class='ocrx_word' id='word_1_312' title='bbox 1123 1942 1322 1991; x_wconf 83' lang='lat' dir='ltr'>repetenda</span> <span class='ocrx_word' id='word_1_313' title='bbox 1347 1943 1392 1980; x_wconf 92' lang='lat' dir='ltr'>sit</span> <span class='ocrx_word' id='word_1_314' title='bbox 1416 1943 1503 1982; x_wconf 86' lang='lat' dir='ltr'>hor-</span> 
     </span>
     <span class='ocr_line' id='line_1_32' title="bbox 57 1999 1502 2054; baseline 0.003 -18"><span class='ocrx_word' id='word_1_315' title='bbox 57 2000 168 2037; x_wconf 88' lang='lat' dir='ltr'>tensis</span> <span class='ocrx_word' id='word_1_316' title='bbox 189 2000 340 2036; x_wconf 88' lang='lat' dir='ltr'>Veneris</span> <span class='ocrx_word' id='word_1_317' title='bbox 358 1999 546 2037; x_wconf 86' lang='lat' dir='ltr'>Romanae</span> <span class='ocrx_word' id='word_1_318' title='bbox 568 2000 768 2050; x_wconf 85' lang='lat' dir='ltr'>prouincia,</span> <span class='ocrx_word' id='word_1_319' title='bbox 795 1999 841 2037; x_wconf 88' lang='lat' dir='ltr'>de</span> <span class='ocrx_word' id='word_1_320' title='bbox 868 2011 941 2049; x_wconf 90' lang='lat' dir='ltr'>qua</span> <span class='ocrx_word' id='word_1_321' title='bbox 969 2000 1043 2037; x_wconf 86' lang='lat' dir='ltr'>uid.</span> <span class='ocrx_word' id='word_1_322' title='bbox 1068 2002 1194 2039; x_wconf 87' lang='lat' dir='ltr'>Muell.</span> <span class='ocrx_word' id='word_1_323' title='bbox 1209 2003 1255 2040; x_wconf 89' lang='lat' dir='ltr'>ad</span> <span class='ocrx_word' id='word_1_324' title='bbox 1270 2003 1374 2040; x_wconf 90' lang='lat' dir='ltr'>Paul.</span> <span class='ocrx_word' id='word_1_325' title='bbox 1389 2017 1426 2054; x_wconf 92' lang='lat' dir='ltr'>p.</span> <span class='ocrx_word' id='word_1_326' title='bbox 1437 2005 1502 2053; x_wconf 84' lang='lat'>58,</span> 
     </span>
    </p>
   </div>
   <div class='ocr_carea' id='block_1_5' title="bbox 26 2060 1500 2114">
    <p class='ocr_par' dir='ltr' id='par_1_6' title="bbox 26 2060 1500 2114">
     <span class='ocr_line' id='line_1_33' title="bbox 26 2060 1500 2114; baseline 0.003 -16"><span class='ocrx_word' id='word_1_327' title='bbox 26 2063 34 2070; x_wconf 83' lang='lat'><strong><em>‘</em></strong></span> <span class='ocrx_word' id='word_1_328' title='bbox 58 2061 120 2106; x_wconf 87' lang='grc'>15,</span> <span class='ocrx_word' id='word_1_329' title='bbox 155 2060 459 2110; x_wconf 88' lang='lat' dir='ltr'>quemadmodum</span> <span class='ocrx_word' id='word_1_330' title='bbox 488 2067 613 2097; x_wconf 84' lang='lat' dir='ltr'>contra</span> <span class='ocrx_word' id='word_1_331' title='bbox 639 2061 807 2098; x_wconf 87' lang='lat' dir='ltr'>Mueller.</span> <span class='ocrx_word' id='word_1_332' title='bbox 833 2062 914 2099; x_wconf 84' lang='lat' dir='ltr'>Etr.</span> <span class='ocrx_word' id='word_1_333' title='bbox 943 2066 981 2108; x_wconf 82' lang='lat'>2,</span> <span class='ocrx_word' id='word_1_334' title='bbox 1008 2075 1045 2112; x_wconf 86' lang='lat' dir='ltr'>p.</span> <span class='ocrx_word' id='word_1_335' title='bbox 1067 2065 1120 2100; x_wconf 88' lang='lat'>74</span> <span class='ocrx_word' id='word_1_336' title='bbox 1143 2064 1303 2114; x_wconf 89' lang='lat' dir='ltr'>disputat</span> <span class='ocrx_word' id='word_1_337' title='bbox 1328 2065 1500 2103; x_wconf 88' lang='lat' dir='ltr'>Clausen.</span> 
     </span>
    </p>
   </div>
   <div class='ocr_carea' id='block_1_6' title="bbox 52 2121 1501 2604">
    <p class='ocr_par' dir='ltr' id='par_1_7' title="bbox 52 2121 1501 2604">
     <span class='ocr_line' id='line_1_34' title="bbox 55 2121 1501 2176; baseline 0.003 -16"><span class='ocrx_word' id='word_1_338' title='bbox 55 2135 95 2172; x_wconf 88' lang='lat' dir='ltr'>p.</span> <span class='ocrx_word' id='word_1_339' title='bbox 111 2122 200 2170; x_wconf 86' lang='grc'><strong>503,</strong></span> <span class='ocrx_word' id='word_1_340' title='bbox 217 2122 305 2169; x_wconf 90' lang='grc'><strong>753,</strong></span> <span class='ocrx_word' id='word_1_341' title='bbox 333 2134 404 2158; x_wconf 90' lang='lat' dir='ltr'>non</span> <span class='ocrx_word' id='word_1_342' title='bbox 432 2121 539 2159; x_wconf 86' lang='lat' dir='ltr'>facile</span> <span class='ocrx_word' id='word_1_343' title='bbox 565 2122 849 2160; x_wconf 87' lang='lat' dir='ltr'>diiudicauerim.</span> <span class='ocrx_word' id='word_1_344' title='bbox 895 2124 1032 2160; x_wconf 89' lang='lat' dir='ltr'>Verum</span> <span class='ocrx_word' id='word_1_345' title='bbox 1058 2138 1140 2163; x_wconf 88' lang='lat' dir='ltr'>cum</span> <span class='ocrx_word' id='word_1_346' title='bbox 1165 2127 1320 2176; x_wconf 87' lang='lat' dir='ltr'>primum</span> <span class='ocrx_word' id='word_1_347' title='bbox 1347 2127 1382 2163; x_wconf 89' lang='lat' dir='ltr'>in</span> <span class='ocrx_word' id='word_1_348' title='bbox 1410 2127 1501 2165; x_wconf 89' lang='lat' dir='ltr'>urbe</span> 
     </span>
     <span class='ocr_line' id='line_1_35' title="bbox 53 2183 1499 2232; baseline 0.003 -11"><span class='ocrx_word' id='word_1_349' title='bbox 53 2183 175 2221; x_wconf 86' lang='lat' dir='ltr'>Roma</span> <span class='ocrx_word' id='word_1_350' title='bbox 200 2183 369 2231; x_wconf 86' lang='lat' dir='ltr'>innotuit,</span> <span class='ocrx_word' id='word_1_351' title='bbox 396 2184 518 2232; x_wconf 86' lang='lat' dir='ltr'>graeci</span> <span class='ocrx_word' id='word_1_352' title='bbox 544 2185 696 2221; x_wconf 89' lang='lat' dir='ltr'>numinis</span> <span class='ocrx_word' id='word_1_353' title='bbox 721 2192 887 2221; x_wconf 88' lang='lat' dir='ltr'>naturam</span> <span class='ocrx_word' id='word_1_354' title='bbox 914 2186 1094 2231; x_wconf 89' lang='lat' dir='ltr'>induerat,</span> <span class='ocrx_word' id='word_1_355' title='bbox 1121 2193 1158 2223; x_wconf 89' lang='lat' dir='ltr'>et</span> <span class='ocrx_word' id='word_1_356' title='bbox 1184 2199 1329 2224; x_wconf 87' lang='lat' dir='ltr'>necesse</span> <span class='ocrx_word' id='word_1_357' title='bbox 1350 2195 1405 2224; x_wconf 86' lang='lat' dir='ltr'>est</span> <span class='ocrx_word' id='word_1_358' title='bbox 1420 2188 1499 2225; x_wconf 87' lang='lat' dir='ltr'>Ro-</span> 
     </span>
     <span class='ocr_line' id='line_1_36' title="bbox 52 2246 1499 2299; baseline 0.003 -17"><span class='ocrx_word' id='word_1_359' title='bbox 52 2257 180 2282; x_wconf 86' lang='lat' dir='ltr'>manos</span> <span class='ocrx_word' id='word_1_360' title='bbox 216 2257 261 2281; x_wconf 85' lang='lat' dir='ltr'>ex</span> <span class='ocrx_word' id='word_1_361' title='bbox 296 2257 368 2294; x_wconf 86' lang='lat' dir='ltr'>quo</span> <span class='ocrx_word' id='word_1_362' title='bbox 404 2246 450 2281; x_wconf 91' lang='lat' dir='ltr'>ab</span> <span class='ocrx_word' id='word_1_363' title='bbox 486 2248 608 2282; x_wconf 89' lang='lat' dir='ltr'>Aenea</span> <span class='ocrx_word' id='word_1_364' title='bbox 643 2259 681 2283; x_wconf 92' lang='lat' dir='ltr'>se</span> <span class='ocrx_word' id='word_1_365' title='bbox 717 2253 815 2283; x_wconf 89' lang='lat' dir='ltr'>ortos</span> <span class='ocrx_word' id='word_1_366' title='bbox 853 2246 1107 2296; x_wconf 88' lang='lat' dir='ltr'>crediderunt,</span> <span class='ocrx_word' id='word_1_367' title='bbox 1133 2248 1316 2285; x_wconf 86' lang='lat' dir='ltr'>Venerem</span> <span class='ocrx_word' id='word_1_368' title='bbox 1352 2261 1499 2299; x_wconf 88' lang='lat' dir='ltr'>quoque</span> 
     </span>
     <span class='ocr_line' id='line_1_37' title="bbox 53 2306 1497 2362; baseline 0.003 -19"><span class='ocrx_word' id='word_1_369' title='bbox 53 2306 220 2343; x_wconf 83' lang='lat' dir='ltr'>coluisse.</span> <span class='ocrx_word' id='word_1_370' title='bbox 262 2306 377 2355; x_wconf 88' lang='lat' dir='ltr'>quue</span> <span class='ocrx_word' id='word_1_371' title='bbox 402 2307 452 2343; x_wconf 91' lang='lat' dir='ltr'>ita</span> <span class='ocrx_word' id='word_1_372' title='bbox 477 2306 613 2344; x_wconf 83' lang='lat' dir='ltr'>sactum</span> <span class='ocrx_word' id='word_1_373' title='bbox 641 2307 796 2344; x_wconf 87' lang='lat' dir='ltr'>traditur</span> <span class='ocrx_word' id='word_1_374' title='bbox 817 2309 1078 2358; x_wconf 84' lang='lat' dir='ltr'>quinquaginta</span> <span class='ocrx_word' id='word_1_375' title='bbox 1105 2309 1183 2347; x_wconf 81' lang='lat' dir='ltr'>sere</span> <span class='ocrx_word' id='word_1_376' title='bbox 1209 2322 1385 2348; x_wconf 89' lang='lat' dir='ltr'>annorum</span> <span class='ocrx_word' id='word_1_377' title='bbox 1410 2323 1497 2362; x_wconf 88' lang='lat' dir='ltr'>spa-</span> 
     </span>
     <span class='ocr_line' id='line_1_38' title="bbox 54 2367 1496 2422; baseline 0.004 -19"><span class='ocrx_word' id='word_1_378' title='bbox 54 2367 118 2414; x_wconf 84' lang='lat' dir='ltr'>tio,</span> <span class='ocrx_word' id='word_1_379' title='bbox 144 2367 291 2417; x_wconf 88' lang='lat' dir='ltr'>qnando</span> <span class='ocrx_word' id='word_1_380' title='bbox 319 2368 412 2405; x_wconf 88' lang='lat' dir='ltr'>bello</span> <span class='ocrx_word' id='word_1_381' title='bbox 433 2368 570 2404; x_wconf 90' lang='lat' dir='ltr'>Punico</span> <span class='ocrx_word' id='word_1_382' title='bbox 596 2369 714 2418; x_wconf 88' lang='lat' dir='ltr'>primo</span> <span class='ocrx_word' id='word_1_383' title='bbox 741 2381 821 2406; x_wconf 89' lang='lat' dir='ltr'>cum</span> <span class='ocrx_word' id='word_1_384' title='bbox 848 2370 1057 2418; x_wconf 84' lang='lat' dir='ltr'>Segestanis</span> <span class='ocrx_word' id='word_1_385' title='bbox 1083 2372 1305 2420; x_wconf 87' lang='lat' dir='ltr'>cognationis</span> <span class='ocrx_word' id='word_1_386' title='bbox 1330 2385 1399 2422; x_wconf 87' lang='lat' dir='ltr'>per</span> <span class='ocrx_word' id='word_1_387' title='bbox 1424 2376 1496 2410; x_wconf 86' lang='lat' dir='ltr'>Ae-</span> 
     </span>
     <span class='ocr_line' id='line_1_39' title="bbox 53 2430 1494 2483; baseline 0.004 -18"><span class='ocrx_word' id='word_1_388' title='bbox 53 2439 160 2466; x_wconf 83' lang='lat' dir='ltr'>neam</span> <span class='ocrx_word' id='word_1_389' title='bbox 186 2430 333 2466; x_wconf 86' lang='lat' dir='ltr'>nomine</span> <span class='ocrx_word' id='word_1_390' title='bbox 357 2430 488 2466; x_wconf 86' lang='lat' dir='ltr'>foedus</span> <span class='ocrx_word' id='word_1_391' title='bbox 515 2437 568 2467; x_wconf 90' lang='lat' dir='ltr'>est</span> <span class='ocrx_word' id='word_1_392' title='bbox 594 2431 742 2478; x_wconf 87' lang='lat' dir='ltr'>initum,</span> <span class='ocrx_word' id='word_1_393' title='bbox 775 2431 862 2468; x_wconf 88' lang='lat' dir='ltr'>uide</span> <span class='ocrx_word' id='word_1_394' title='bbox 887 2438 996 2468; x_wconf 87' lang='lat' dir='ltr'>testes</span> <span class='ocrx_word' id='word_1_395' title='bbox 1023 2431 1121 2480; x_wconf 88' lang='lat' dir='ltr'>apud</span> <span class='ocrx_word' id='word_1_396' title='bbox 1149 2431 1317 2470; x_wconf 89' lang='lat' dir='ltr'>Clausen.</span> <span class='ocrx_word' id='word_1_397' title='bbox 1347 2446 1385 2483; x_wconf 90' lang='lat' dir='ltr'>p.</span> <span class='ocrx_word' id='word_1_398' title='bbox 1404 2434 1494 2483; x_wconf 85' lang='lat'>565,</span> 
     </span>
     <span class='ocr_line' id='line_1_40' title="bbox 55 2492 1495 2544; baseline 0.006 -19"><span class='ocrx_word' id='word_1_399' title='bbox 55 2494 94 2524; x_wconf 82' lang='lat' dir='ltr'>et</span> <span class='ocrx_word' id='word_1_400' title='bbox 119 2496 201 2538; x_wconf 85' lang='lat' dir='ltr'>post</span> <span class='ocrx_word' id='word_1_401' title='bbox 225 2503 385 2540; x_wconf 88' lang='lat' dir='ltr'>pugnam</span> <span class='ocrx_word' id='word_1_402' title='bbox 408 2492 672 2539; x_wconf 81' lang='lat' dir='ltr'>Trasimeniam</span> <span class='ocrx_word' id='word_1_403' title='bbox 700 2493 836 2528; x_wconf 89' lang='lat' dir='ltr'>monitu</span> <span class='ocrx_word' id='word_1_404' title='bbox 862 2493 1035 2530; x_wconf 84' lang='lat' dir='ltr'>librorum</span> <span class='ocrx_word' id='word_1_405' title='bbox 1055 2493 1312 2541; x_wconf 87' lang='lat' dir='ltr'>Sibyllinorum</span> <span class='ocrx_word' id='word_1_406' title='bbox 1337 2496 1495 2544; x_wconf 88' lang='lat' dir='ltr'>primum</span> 
     </span>
     <span class='ocr_line' id='line_1_41' title="bbox 57 2551 1494 2604; baseline 0.006 -19"><span class='ocrx_word' id='word_1_407' title='bbox 57 2551 233 2599; x_wconf 86' lang='lat' dir='ltr'>templum</span> <span class='ocrx_word' id='word_1_408' title='bbox 258 2558 384 2589; x_wconf 87' lang='lat' dir='ltr'>uotum</span> <span class='ocrx_word' id='word_1_409' title='bbox 411 2552 544 2590; x_wconf 88' lang='lat' dir='ltr'>Veneri</span> <span class='ocrx_word' id='word_1_410' title='bbox 570 2553 772 2602; x_wconf 86' lang='lat' dir='ltr'>Erycinae,</span> <span class='ocrx_word' id='word_1_411' title='bbox 807 2553 891 2590; x_wconf 88' lang='lat' dir='ltr'>uide</span> <span class='ocrx_word' id='word_1_412' title='bbox 918 2566 1028 2604; x_wconf 86' lang='lat' dir='ltr'>supra</span> <span class='ocrx_word' id='word_1_413' title='bbox 1054 2567 1092 2604; x_wconf 81' lang='lat' dir='ltr'>p.</span> <span class='ocrx_word' id='word_1_414' title='bbox 1109 2566 1290 2594; x_wconf 72' lang='lat' dir='ltr'>cxxxw.</span> <span class='ocrx_word' id='word_1_415' title='bbox 1340 2557 1494 2594; x_wconf 86' lang='lat' dir='ltr'>Martem</span> 
     </span>
    </p>
   </div>
   <div class='ocr_carea' id='block_1_7' title="bbox 0 2611 1494 2667">
    <p class='ocr_par' dir='ltr' id='par_1_8' title="bbox 0 2611 1494 2667">
     <span class='ocr_line' id='line_1_42' title="bbox 0 2611 1494 2667; baseline 0.005 -19"><span class='ocrx_word' id='word_1_416' title='bbox 0 2636 1 2658; x_wconf 52' lang='lat'>;</span> <span class='ocrx_word' id='word_1_417' title='bbox 67 2622 136 2660; x_wconf 88' lang='lat' dir='ltr'>per</span> <span class='ocrx_word' id='word_1_418' title='bbox 158 2623 238 2650; x_wconf 87' lang='lat' dir='ltr'>eam</span> <span class='ocrx_word' id='word_1_419' title='bbox 264 2614 400 2663; x_wconf 70' lang='lat' dir='ltr'>platari</span> <span class='ocrx_word' id='word_1_420' title='bbox 426 2626 533 2665; x_wconf 89' lang='lat' dir='ltr'>posse</span> <span class='ocrx_word' id='word_1_421' title='bbox 558 2615 732 2653; x_wconf 85' lang='lat' dir='ltr'>creditum</span> <span class='ocrx_word' id='word_1_422' title='bbox 759 2622 826 2665; x_wconf 87' lang='lat' dir='ltr'>est,</span> <span class='ocrx_word' id='word_1_423' title='bbox 853 2616 937 2654; x_wconf 88' lang='lat' dir='ltr'>uide</span> <span class='ocrx_word' id='word_1_424' title='bbox 955 2616 1124 2655; x_wconf 87' lang='lat' dir='ltr'>Clausen.</span> <span class='ocrx_word' id='word_1_425' title='bbox 1150 2630 1188 2667; x_wconf 83' lang='lat' dir='ltr'>p.</span> <span class='ocrx_word' id='word_1_426' title='bbox 1202 2620 1289 2655; x_wconf 85' lang='lat'>282.</span> <span class='ocrx_word' id='word_1_427' title='bbox 1341 2611 1494 2655; x_wconf 83' lang='lat' dir='ltr'>Factum</span> 
     </span>
    </p>
   </div>
   <div class='ocr_carea' id='block_1_8' title="bbox 0 2680 2 2784">
    <p class='ocr_par' dir='ltr' id='par_1_9' title="bbox 0 2680 2 2784">
     <span class='ocr_line' id='line_1_43' title="bbox 0 2680 1 2724; baseline 0 0"><span class='ocrx_word' id='word_1_428' title='bbox 0 2680 1 2724; x_wconf 61' lang='lat' dir='ltr'>l</span> 
     </span>
     <span class='ocr_line' id='line_1_44' title="bbox 0 2742 2 2784; baseline 0 0"><span class='ocrx_word' id='word_1_429' title='bbox 0 2742 2 2784; x_wconf 63' lang='lat' dir='ltr'>l</span> 
     </span>
    </p>
   </div>
  </div>
 </body>
</html>
