1685 2954
650 99 821 129 TVSCVM
852 101 1048 129 sschvs
1468 101 1571 129 LXXI

119 199 215 236 cadit
234 199 267 237 in
287 200 354 237 XV
371 198 454 236 Kal.
475 197 599 246 Mare,
620 204 739 235 ortum
761 200 1004 245 uespertinum
1023 200 1191 237 Coronae
1215 198 1437 247 consignant.
1472 199 1569 236 Nihil

117 261 227 310 igitur
253 261 320 299 hac
345 261 550 298 coniectura
576 261 812 297 uerisimilius.
841 261 919 298 Csr.
937 261 1051 298 Varro
1076 273 1135 311 ap.
1148 260 1301 310 l„y‹1.de
1323 272 1434 297 mens.
1455 261 1570 307 4,35.

219 322 328 368 Quod
354 322 484 357 dieitur
508 322 607 372 apud
628 322 809 359 'Ouidium
835 321 874 369 5,
894 323 982 368 603,
1010 323 1103 371 prid.
1132 324 1182 360 ld.
1205 323 1289 359 Mai.
1317 323 1432 358 Tauri
1459 328 1569 372 caput

118 386 217 430 oriri,
244 382 338 429 uide,
365 382 551 431 flagitetne
578 385 866 421 emendationem
895 383 992 432 apud
1018 385 1178 420 Tuscum
1209 386 1253 421 ΙΙΙ
1282 385 1349 432 ist,
1387 385 1447 420 ubi
1478 385 1568 433 legi-

117 453 199 484 tur:
237 440 279 481 al
313 437 434 487 ὖάδες
468 438 635 481 δύονται
673 446 779 496 (cod.
809 440 1012 489 λύονται).
1058 446 1096 482 Si
1126 454 1243 482 ortum
1277 459 1400 482 eorum
1430 445 1485 481 liic
1512 446 1570 482 ille

116 504 336 557 perscripsit,
361 512 510 555 postero
537 508 642 543 etiam
664 509 721 545 die
746 514 856 558 caput
875 507 992 543 Tauri
1019 507 1127 550 cerni,
1154 508 1182 542 si
1210 520 1264 543 res
1292 508 1446 555 serebat,
1474 514 1570 544 recte

116 566 267 606 Ouidius
293 566 445 616 dixerit,
482 569 535 605 uti
562 569 738 605 Geminus
767 581 804 618 p.
821 570 871 605 69
897 567 929 604 Ε
959 568 1077 604 triduo
1105 569 1210 604 etiam
1239 576 1376 618 postea.
1431 570 1482 605 Ac
1507 571 1569 607 tri-

113 628 186 665 duo
213 634 298 664 ante
324 628 360 665 id
393 629 528 666 diserte
554 630 752 667 tradiderat
781 629 953 667 Clodius:
993 626 1057 666 καὶ
1085 623 1110 678 ἦ
1138 625 1291 677 κεφαλὴ
1319 630 1390 665 τοῦ
1418 627 1568 680 ταύρου

112 685 407 739 ἀναφαίνεται,
446 692 544 742 quod
577 699 676 729 cei-te
712 704 831 742 neque
867 704 946 728 cum
985 692 1045 728 illo
1079 691 1242 741 sequenti
1279 691 1446 727 lemmate
1472 700 1568 730 stare

111 758 246 801 potest,
275 764 394 801 neque
420 767 501 790 cum
528 753 581 791 his
609 755 742 801 uerbis,
770 766 864 804 quae
892 754 1054 803 proxime
1081 752 1327 803 praecedunt:
1364 746 1390 800 ἡ
1421 751 1464 789 δὲ
1491 747 1566 797 ὖάς

109 812 211 860 (cod.
230 808 338 860 οἲᾶς)
365 809 516 851 δύεται.
569 815 709 853 Eadem
736 823 835 853 certe
861 815 919 852 die
946 821 1057 865 caput
1083 816 1199 851 Tauri
1226 814 1310 850 oriri
1336 820 1372 850 et
1401 814 1563 863 Hyades,

109 886 206 925 quae
238 882 323 912 sunt
349 888 486 913 cornua
520 878 656 924 ineo,
694 877 858 914 occidere
893 883 1092 926 nequeunt.
1147 877 1272 920 Quare
1297 875 1332 910 in
1359 874 1413 911 his
1441 877 1562 913 uerbis

108 936 206 973 aliud
234 937 320 987 quid
347 937 460 975 latere
488 945 596 988 puto,
621 938 797 975 sortasse:
822 933 965 986 Ὠρίων
988 933 1140 975 δύεται.
1187 937 1280 973 Nam
1306 935 1375 972 hoc
1397 938 1476 986 ipso
1496 938 1566 983 die,

109 998 160 1035 Vl
186 998 239 1037 ld.
267 999 373 1046 Mai„
408 1001 488 1036 siue
517 1001 565 1035 14
591 999 762 1043 Pachon,
790 1005 826 1035 et
852 999 1082 1036 Ptolemaeus
1110 1013 1147 1049 p.
1164 1001 1213 1035 86
1233 999 1264 1035 C
1303 997 1476 1036 Orionem
1504 1012 1565 1036 oc-

108 1059 244 1107 cidere,
270 1067 308 1097 et
327 1059 482 1097 Ouidius
509 1061 569 1097 die
594 1061 761 1110 sequenti
785 1060 920 1098 frustra
942 1061 1096 1100 eundem
1121 1062 1245 1112 quaeri
1273 1067 1395 1097 narrat
1421 1061 1459 1108 5,
1474 1062 1563 1109 493,

106 1121 205 1172 quod
233 1121 330 1171 apud
357 1122 524 1159 Clodium
551 1133 634 1159 eum
662 1121 791 1171 legisse
818 1128 977 1172 oportet.

204 1183 289 1220 Pari
323 1183 541 1220 confidentia
576 1183 737 1233 suppleri
773 1183 909 1233 poterit
936 1183 1085 1220 Clodius
1114 1184 1164 1220 Vi
1190 1184 1244 1219 Id.
1273 1186 1426 1233 Apriles.
1479 1186 1564 1221 Du-

105 1246 201 1282 bium
229 1258 302 1283 non
329 1252 397 1292 est,
428 1258 494 1282 nec
521 1253 599 1282 erat
622 1245 721 1296 quod
741 1245 902 1281 ldelerus
928 1244 965 1281 id
987 1256 1142 1294 operose
1171 1252 1362 1292 astrueret,
1392 1245 1565 1283 Ouidium

102 1307 142 1355 4,
168 1307 242 1344 385
279 1307 378 1358 loqui
411 1306 457 1344 de
485 1308 567 1344 Vm
593 1307 646 1344 Id.
674 1308 779 1357 Apr.‚
815 1319 888 1357 quo
924 1306 983 1343 die
1018 1306 1102 1342 fasti
1129 1306 1357 1343 Praenestini
1391 1308 1517 1344 Iubam
1543 1320 1564 1344 a

103 1367 262 1405 Caesare
285 1368 320 1404 in
343 1368 463 1405 Africa
491 1370 624 1405 uictum
652 1368 814 1406 tradunt.
855 1369 891 1404 T
895 1381 964 1405 unc
989 1368 1099 1417 igitur
1119 1368 1231 1404 Libra
1257 1368 1408 1404 imbrem
1436 1381 1563 1406 moue-

102 1428 166 1465 bat
186 1435 278 1465 teste
299 1428 446 1468 Ouidio.
485 1430 621 1467 Imbres
640 1431 845 1467 indicantur
863 1429 962 1480 apud
983 1429 1153 1467 Clodium
1179 1430 1255 1466 istis
1277 1430 1420 1477 diebus,
1447 1430 1561 1467 Libra

101 1501 174 1526 non
199 1490 390 1528 indicatur.
441 1493 486 1528 At
520 1504 565 1529 eo
592 1491 672 1540 die,
706 1505 779 1542 quo
806 1491 942 1528 Plinius
977 1497 1052 1528 nat.
1079 1491 1159 1526 hist.
1192 1493 1253 1538 18,
1283 1493 1332 1527 66
1359 1492 1510 1527 Libram
1539 1503 1561 1528 a

102 1551 262 1589 Caesare
297 1560 460 1590 notatam
494 1554 624 1591 tradit:
664 1555 815 1592 Caesari
845 1554 902 1590 VI
925 1552 1016 1589 Idus
1041 1551 1269 1601 significatui·
1305 1553 1414 1590 imber
1447 1553 1562 1590 librae

101 1625 244 1658 occasu,
271 1627 418 1665 quoque
445 1616 621 1653 Geminus
649 1629 685 1666 p.
703 1616 753 1652 69
781 1615 812 1651 Β
839 1614 909 1650 hoc
937 1614 1068 1650 habet:
1108 1611 1312 1664 Καλίππῳ
1342 1610 1457 1663 ζυγὸς
1483 1609 1561 1664 ἄρ·-

97 1684 213 1721 χεται
240 1671 395 1723 δύνειν,
432 1689 476 1714 eo
511 1678 589 1727 ipso
617 1678 675 1714 die
710 1676 872 1724 stribligo
900 1681 954 1712 est
991 1676 1026 1711 in
1055 1676 1176 1712 uerbis
1200 1678 1352 1713 seruatis
1380 1678 1497 1714 Clodii
1524 1684 1560 1713 et

101 1735 254 1772 lacunae
278 1738 446 1774 indicium
473 1738 571 1787 apud
599 1739 770 1776 Hasium:
798 1736 848 1788 τῇ
877 1732 954 1786 πρὸ
984 1730 1017 1780 ς’
1047 1733 1175 1773 εἶδῶν.
1213 1730 1261 1774 Ὁ
1287 1734 1457 1787 ζέφυρος
1485 1732 1558 1786 ὅρ-

101 1797 212 1845 θρου
247 1792 413 1846 ἄρχεται
452 1795 626 1836 δύεσθαι
655 1824 902 1837 .......
940 1798 1033 1834 Eam
1069 1798 1235 1834 lacunam
1271 1799 1462 1835 infeliciter
1494 1811 1557 1836 re-

101 1859 248 1895 sarsisse
275 1859 476 1897 Leonicum
501 1867 623 1910 patet,
650 1861 711 1911 qui
738 1861 809 1897 ita:
858 1861 924 1896 VI.
952 1860 1140 1895 Fauonius
1165 1856 1256 1904 flare
1282 1861 1408 1909 incipit
1431 1865 1555 1897 matu-

102 1922 200 1958 tino:
239 1921 418 1969 Vergiliae
452 1921 632 1960 occidunt.
704 1921 882 1970 Vergilias
916 1920 1010 1956 enim
1047 1932 1090 1955 ex
1127 1921 1290 1969 proxime
1325 1921 1555 1958 antecedenti

101 1981 270 2018 lemmate
304 1983 445 2030 intulit,
482 1984 543 2019 ubi
578 1984 711 2020 habes:
749 1977 795 2018 τὸ
832 1976 973 2017 λοιπὸν
1010 1980 1089 2016 τῶν
1125 1974 1260 2017 ὗάδων
1293 1981 1408 2030 (alius
1440 1983 1555 2020 codex

101 2037 317 2089 πελειάδων,
345 2051 382 2080 et
412 2045 591 2094 Vergilias
618 2044 724 2080 uertit
742 2043 939 2089 Leonicus)
966 2038 1116 2079 δύεται.
1170 2043 1224 2078 Ita
1250 2044 1358 2092 igitur
1383 2046 1551 2081 restitue:

99 2104 150 2156 τῇ
179 2100 254 2153 πρὸ
283 2101 316 2148 ς’
345 2102 475 2142 εἰδῶν.
520 2099 566 2143 Ὁ
593 2102 763 2156 ζέφυρος
793 2099 965 2154 ὄρθρου.
1003 2099 1188 2152 Ἄρχεται
1218 2101 1392 2141 δύεσθαι
1421 2099 1550 2154 ζυγόν.

99 2165 264 2203 Pendula
289 2166 380 2203 libra
406 2173 459 2203 est
479 2167 643 2216 proximo
671 2167 779 2203 biduo
800 2178 985 2203 occasura.
1025 2165 1129 2201 Aliud
1157 2166 1263 2201 etiam
1285 2167 1416 2203 audeo.
1454 2167 1550 2203 Nam

41 2246 45 2252 ·
98 2227 197 2276 quod
215 2228 336 2263 statim
355 2227 518 2278 adiungit
540 2228 709 2276 Ouidius,
738 2227 913 2264 Orionem
934 2239 1081 2277 quoque
1103 2240 1312 2264 occasurum
1335 2235 1418 2264 ante
1440 2228 1549 2266 finem

97 2287 390 2338 Megalesioru1n‚
419 2290 560 2334 mirum,
588 2291 654 2327 nisi
680 2290 775 2326 idem
801 2290 976 2338 temporis
1004 2295 1179 2338 punctum
1205 2296 1332 2325 notare
1359 2289 1487 2336 uoluit,
1514 2301 1547 2326 a.

98 2348 135 2386 d.
163 2350 214 2386 Vl
239 2349 322 2387 Idus
350 2354 453 2401 Apr.‚
491 2352 552 2401 qui
579 2352 655 2387 dies
680 2358 828 2401 praeter
855 2363 965 2386 unum
994 2351 1137 2386 ultimus
1165 2358 1242 2386 erat
1270 2350 1436 2387 ludorum
1466 2363 1548 2386 sce-

98 2410 280 2458 nieorum,
309 2417 348 2448 ut
374 2413 470 2462 apud
498 2411 666 2449 Clodium
693 2412 782 2448 haee
808 2411 881 2448 duo
909 2412 1127 2458 exciderint,
1156 2407 1269 2460 ζυγὸν
1297 2409 1362 2447 καὶ
1385 2406 1545 2460 Ὠρίων,

98 2472 166 2509 nisi
193 2472 314 2510 deleto
340 2473 500 2525 zephyro
529 2474 662 2511 mauis:
693 2467 740 2511 ‘O
768 2468 884 2522 ζυγὸς
911 2470 975 2509 καὶ
999 2467 1144 2522 Ὠρίων
1171 2468 1260 2521 ἄρχ.
1292 2469 1479 2509 δύεσθαι.

198 2534 278 2572 Nec
298 2534 475 2572 infelicius
495 2535 664 2572 Clodium
690 2535 874 2585 supplebis
900 2535 1075 2585 postridie
1103 2535 1153 2571 ld.
1175 2535 1281 2571 Mart.
1336 2535 1422 2571 Eius
1450 2535 1543 2571 enlm

102 2593 276 2635 lemmatis
300 2596 385 2633 nihil
412 2603 536 2637 extare
564 2596 664 2634 uides
686 2596 783 2646 apud
805 2597 969 2643 Hasium,
996 2597 1060 2633 nisi
1087 2596 1193 2634 baec:
1223 2592 1285 2640 ις’.
1315 2595 1364 2646 τῇ
1393 2592 1468 2643 πρὸ
1496 2590 1542 2640 ιζ’

101 2652 300 2696 καλενδῶν
319 2654 534 2708 Ἀπριλίων
557 2683 892 2699 ..........
944 2660 1052 2709 Atqui
1078 2659 1280 2696 Columella
1306 2666 1342 2695 et
1368 2657 1543 2694 Geminus
