1685 2954
129 92 185 137 42
684 109 1005 140 rasronvm

185 204 396 248 Fratribus
424 207 490 248 illa
519 205 610 250 deis
635 208 780 251 fratres
810 210 863 252 de
894 216 1022 264 gente
1051 211 1216 253 deorum

244 272 367 314 Circa
393 275 586 315 Iuturnae
614 287 880 331 composuere
908 279 1036 320 lacus.

185 407 323 459 Ipsum
351 419 429 447 nos
456 419 617 448 carmen
645 409 769 450 Pacis
799 409 968 453 deduxit
995 412 1047 454 ad
1076 426 1197 454 aram.

242 475 360 516 Haec
390 473 467 515 erit
494 487 519 515 a
546 476 700 516 mensis
727 477 807 517 fine
834 479 1021 521 secunda
1049 480 1151 521 dies.
1489 486 1569 522 710

185 541 412 582 Frondibus
439 543 625 584 Actiacis
654 550 844 597 comptos
871 546 1057 588 redimita
1086 547 1254 600 capillos

239 610 330 650 Pax
356 609 470 662 ades,
496 615 541 651 et
568 615 657 652 toto
686 610 795 652 mitis
823 613 863 652 in
894 614 995 654 orbe
1022 627 1154 660 mane,

184 675 290 717 Dum
319 676 453 718 desint
479 677 636 730 hostes,
665 676 773 718 desit
801 691 962 732 quoque
994 690 1123 720 causa
1151 679 1350 734 triumphi.

240 745 303 784 '1'u
333 744 505 785 ducibus
531 745 637 784 bello
665 743 794 797 gloria
825 747 949 787 maior
977 747 1068 788 eris.

182 810 283 851 Sola
311 818 428 865 gerat
456 811 574 852 miles
602 812 747 865 quibus
772 824 884 853 arma
912 820 1116 865 coerceat,
1149 826 1276 854 arma:
1490 819 1568 855 715

240 878 520 932 Canteturque
549 879 634 920 fera
660 879 715 919 nil
735 880 821 920 -nisi
847 893 1008 934 pompa,
1038 881 1154 921 tuba.

184 946 358 986 Horreat
384 946 606 988 Aeneadas
634 952 677 987 et
704 945 856 1000 primus
886 954 928 989 et
956 949 1124 989 ultimus
1152 948 1281 989 orbis:

240 1013 288 1053 Si
316 1025 394 1066 qua
424 1026 562 1065 parum
582 1014 756 1055 Romam
785 1021 890 1056 terra
918 1017 1100 1070 timebat,
1131 1022 1255 1057 amet.

185 1081 342 1132 Thura,
371 1081 631 1133 sacerdotes,
662 1082 881 1123 Pacalibus
917 1083 1056 1123 addite
1096 1084 1283 1137 flammis,

239 1150 427 1202 Albaque
455 1150 620 1203 perfusa
648 1148 816 1191 uictima
843 1150 974 1192 fronte
1003 1149 1137 1192 cadat.
1491 1158 1570 1193 720

181 1216 322 1270 thue
345 1217 489 1257 domus
516 1230 622 1270 quae
650 1225 834 1271 praestat
857 1231 960 1270 eam,
989 1231 1082 1260 cum
1107 1231 1213 1272 pace
1241 1224 1451 1272 perennet,

180 1358 266 1393 707.
292 1357 412 1392 Fratr.
438 1358 505 1392 ista
528 1354 576 1394 Σ.
614 1357 674 1393 illa
701 1356 759 1394 die
780 1360 828 1394 D.
869 1359 927 1394 illa
954 1358 1028 1394 dies
1054 1356 1307 1395 ABGEFOE
1327 1358 1507 1407 (utputo)
1525 1359 1574 1395 A

131 1405 378 1446 MNOPH
395 1405 481 1444 ²1³5.
493 1406 699 1456 Tbe9h
711 1420 838 1457 mprs
860 1411 907 1444 43
934 1408 999 1445 alii
1024 1414 1058 1445 et
1082 1413 1169 1446 vett.
1196 1408 1250 1445 cd.
1277 1409 1441 1445 Alterum
1466 1411 1573 1445 etiam

131 1471 156 1507 p
176 1470 257 1495 mir.
275 1470 346 1495 scr.
374 1462 407 1493 et
429 1457 540 1506 ¹qloss.
555 1457 616 1495 A.
718 1461 804 1495 708.
834 1460 1010 1507 Circaque
1028 1459 1093 1495 iut.
1121 1458 1141 1495 b
1159 1471 1233 1496 ma.
1248 1471 1304 1507 pr.
1343 1471 1502 1507 compos.
1521 1459 1572 1496 la-

134 1517 191 1544 tus
218 1508 237 1544 b
258 1520 341 1544 nar.
355 1520 425 1544 scr.
529 1510 615 1545 709.
644 1511 707 1545 Ita
734 1507 798 1545 Db
818 1511 840 1545 8
861 1511 1025 1558 quinque.
1066 1510 1139 1558 lps.
1168 1522 1231 1545 uos
1255 1507 1295 1544 (D
1311 1507 1430 1545 alius?
1456 1508 1574 1545 dedu-

133 1559 182 1595 cit
210 1560 281 1595 BG
291 1557 402 1606 <1129
423 1570 501 1596 επακ
549 1557 705 1595 deducat
732 1571 825 1596 anuas
849 1559 905 1595 uel
931 1560 1012 1595 «luo.
1063 1571 1207 1595 carmen
1234 1558 1379 1595 deducit
1404 1560 1501 1608 pacis
1524 1559 1574 1597 A

132 1607 334 1646 PAT40
349 1612 393 1644 41
423 1621 501 1646 sex.
542 1621 651 1645 carm.
683 1611 849 1657 produxit
875 1611 973 1658 pacis
1001 1607 1047 1646 Σ.
1095 1610 1216 1658 Ipsum
1244 1622 1387 1644 carmen
1416 1622 1481 1644 nos
1507 1609 1574 1645 de-

136 1660 237 1696 duxit
264 1660 360 1708 pacis
380 1661 424 1695 E.
466 1672 608 1695 carmen
638 1660 785 1696 deduxit
811 1661 909 1708 pacis
935 1663 997 1708 qui
1020 1664 1160 1697 restant
1185 1663 1217 1695 et
1244 1663 1328 1696 nott.
1354 1658 1408 1695 ed.
1447 1671 1527 1695 aras
1553 1659 1574 1695 b

135 1709 161 1746 h
186 1710 283 1747 alius
301 1714 334 1745 et
355 1714 439 1745 vett.
457 1709 511 1745 cd.
612 1712 698 1745 710.
726 1710 827 1745 Haec
844 1717 898 1745 est
909 1722 944 1757 9.
984 1711 1084 1745 Haec
1103 1716 1180 1744 erat
1193 1708 1222 1754 f.
1324 1711 1409 1745 711.
1436 1709 1572 1746 Frond.

134 1773 196 1796 ac.
213 1760 307 1796 .acis
333 1762 367 1796 E
391 1772 462 1796 nia.
487 1771 541 1808 pr.
584 1759 787 1796 Frondibus
814 1772 855 1795 ac
882 1760 975 1795 bacis
1002 1773 1038 1808 p.
1080 1759 1144 1795 Fr,
1171 1758 1316 1794 athiacis
1342 1758 1375 1794 b.
1421 1759 1575 1796 achaicis

133 1811 196 1847 44.
235 1810 373 1846 attiacis
394 1810 447 1846 ed.
463 1809 652 1847 Rubeana.
691 1810 815 1846 asiacis
841 1823 860 1846 s
877 1821 959 1846 aar.
975 1822 1044 1846 scr.
1076 1809 1197 1846 Gloss.
1226 1809 1378 1854 Frond.]
1405 1809 1509 1845 lauru
1526 1813 1573 1848 E.

136 1861 403 1897 atheniensibus
426 1860 488 1896 Db
508 1862 570 1897 44.
611 1860 695 1909 quia
721 1861 768 1895 ibi
796 1861 949 1910 primum
976 1861 1047 1896 ictu
1074 1860 1226 1909 palladis
1252 1860 1346 1895 oliua
1371 1860 1504 1909 prodiit
1523 1863 1573 1896 D.

131 1911 167 1947 id
194 1918 249 1947 est
274 1911 391 1947 oliuae
416 1910 438 1946 b
457 1912 518 1947 44.
582 1922 675 1959 quae
701 1918 784 1946 sunt
815 1911 916 1959 signa
942 1911 1054 1960 pacis.
1112 1910 1196 1946 athe
1223 1921 1352 1959 graece
1380 1911 1462 1946 litus
1490 1911 1574 1959 quia

133 1961 167 1998 in
193 1962 297 1998 litore
323 1969 487 1998 crescunt
513 1961 635 1997 oliuae
662 1960 694 1996 b.
738 1962 864 1996 actiae.
892 1973 1002 1997 canos
1032 1959 1083 1998 Ψ.
1124 1967 1248 2009 captos
1275 1959 1384 1996 alius.
1410 1960 1574 1996 redimite

134 2009 212 2059 (Df.
325 2013 412 2049 713.
443 2011 573 2047 desunt
599 2008 1049 2048 EANOPHWThs
1067 2012 1150 2047 344
1174 2012 1305 2059 uiginti
1330 2010 1403 2047 {res
1427 2015 1462 2048 et
1485 2015 1572 2047 riett-

131 2061 204 2108 εὼς
231 2059 422 2109 AcAym
446 2074 529 2098 παν.
545 2074 613 2099 scr.
717 2063 804 2098 714.
839 2062 897 2098 Dii
923 2062 1005 2099 duc.
1033 2062 1128 2098 bello
1155 2062 1270 2110 gratia
1295 2073 1343 2097 m.
1386 2060 1464 2097 Pax
1489 2061 1569 2096 duc.

132 2113 168 2148 b.
189 2113 236 2161 gl.
256 2126 303 2150 m.
330 2113 398 2149 erit
427 2115 461 2149 Τ
476 2112 558 2159 duo,
586 2111 665 2159 flor.
683 2112 802 2150 Berob.
903 2113 991 2149 715.
1018 2113 1118 2148 miles
1144 2123 1238 2160 quae
1264 2110 1357 2148 bella
1384 2123 1499 2147 coerc.
1518 2112 1570 2146 Κ.

130 2164 259 2213 quihus
283 2176 371 2199 arua
397 2175 515 2200 coerc.
542 2162 603 2209 sm
630 2167 798 2212 quatuor.
850 2164 1027 2199 coierceat
1055 2165 1091 2199 D
1117 2173 1262 2211 mmm.
1311 2161 1499 2204 coherceat
1524 2162 1569 2196 E.

131 2226 249 2250 coerc.
277 2213 396 2250 hostes
425 2216 456 2249 B
476 2218 565 2258 tssres3
594 2216 643 2250 JlI
667 2225 831 2250 uar.scr.
885 2226 1002 2250 coerc.
1031 2213 1139 2248 armis
1166 2217 1250 2249 tres.
1298 2224 1414 2248 coerc.
1442 2222 1568 2246 aurum

131 2267 181 2301 M
204 2276 286 2301 aar.
303 2276 372 2301 scr.
475 2266 561 2300 716.
599 2276 670 2313 que
697 2265 783 2300 tuba
811 2277 846 2300 n.
875 2277 910 2300 n.
937 2277 974 2313 p.
1002 2263 1081 2300 sera
1106 2262 1167 2300 A.
1213 2274 1345 2310 pompa
1370 2262 1429 2296 uia
1455 2262 1517 2295 40.

180 2317 267 2352 717.
295 2314 471 2351 aeneades
493 2317 537 2351 Τ.
579 2314 748 2350 aeneidas
766 2317 810 2351 B.
851 2314 1044 2350 aenedidas
1064 2317 1098 2350 E
1112 2326 1188 2350 ma.
1208 2325 1265 2362 pr.
1364 2313 1451 2349 718.
1477 2322 1567 2346 rom.

131 2366 237 2400 turha
269 2367 319 2401 N.
365 2367 502 2402 timebit
535 2364 615 2402 libri
646 2369 790 2413 praeter
815 2365 1185 2402 ABGDEFKPZ
1210 2373 1362 2399 mmscc.
1391 2360 1482 2409 bps
1507 2363 1569 2404 43,

134 2426 222 2462 quos
247 2427 386 2463 sequor.
410 2445 412 2447 .
488 2417 575 2451 719.
610 2416 817 2464 pacalibus
844 2418 889 2452 E.
934 2415 1132 2463 placatibus
1159 2411 1205 2448 Σ.
1250 2411 1445 2460 placalibus
1472 2409 1489 2445 b
1499 2424 1509 2455 3
1538 2413 1569 2446 Β

130 2475 215 2502 παν.
231 2477 302 2501 scr.
343 2466 491 2514 placatis
512 2468 544 2501 B
558 2467 668 2503 sz
690 2471 773 2502 tres.
811 2466 960 2516 placatis
987 2466 1109 2514 ponite
1127 2464 1208 2499 dno.
1249 2473 1328 2510 pac.
1351 2462 1440 2497 urite
1460 2473 1567 2496 νικας.

183 2516 270 2551 720.
300 2516 446 2563 prosusa
475 2513 520 2552 Σ.
563 2523 710 2566 pertusa
737 2516 822 2553 liber
848 2519 927 2553 Iac.
959 2517 1072 2552 Gron.
1116 2523 1284 2562 percussa
1313 2509 1570 2548 BGDAZm

131 2567 157 2601 8
182 2565 355 2602 undecim.
392 2567 511 2603 Gloss.
527 2569 583 2603 D:
610 2566 793 2616 percussa]
823 2568 968 2616 perfusa
994 2566 1099 2600 mola.
1224 2564 1310 2597 721.
1348 2561 1494 2597 domum
1520 2573 1568 2596 m.

133 2622 294 2665 praestet
325 2613 456 2651 ‹DTm
483 2629 621 2653 nouem.
662 2630 755 2666 pace
782 2617 940 2666 parentis
972 2617 1001 2652 G
1017 2626 1089 2651 ma.
1107 2625 1163 2662 pr.
1202 2612 1325 2662 thue
1351 2611 1479 2649 domus
1505 2624 1569 2661 pa·
1630 2640 1633 2641 γ

132 2678 209 2703 cem
236 2677 329 2716 quae
356 2672 515 2715 praestat
542 2679 633 2715 pace
659 2674 835 2716 perennet
860 2669 896 2703 7.
939 2664 1137 2714 perhennet
1165 2665 1251 2699 DE.
