1685 2954
591 101 1007 131 L13.8EchDvs
1474 85 1530 128 93

138 207 209 248 llla
236 207 377 248 iacens
403 203 456 245 ad
484 202 610 243 uerba
638 202 781 243 oculos
810 201 901 242 sine
929 200 1077 243 lumine
1106 192 1245 254 mouit,

195 275 381 328 Visaque
407 283 613 313 concussa
639 269 750 311 dicta
776 270 945 323 probare
973 282 1101 310 coma.

137 344 286 384 Fertur
319 342 360 381 in
396 339 596 392 exequias
631 337 754 378 animi
789 341 974 376 matrona
1012 337 1138 378 uirilis
1444 338 1526 380 845

195 411 251 450 Et
285 421 429 449 secum
457 407 646 447 lacrimas
674 404 944 457 inuidiamque
973 404 1102 445 trahit.

141 479 300 519 Volnus
329 477 448 515 inane
477 480 605 527 patet.
647 474 796 513 Brutus
825 473 1001 513 clamore
1031 472 1211 523 Quirites

191 544 396 596 Concitat,
427 548 470 583 et
497 542 609 595 regis
637 541 749 581 facta
778 540 956 581 nefanda
985 541 1123 580 refert.

136 612 378 665 Tarquinius
407 622 497 651 cum
526 609 639 662 prole
667 609 786 663 fugit.
825 606 937 661 capit
965 620 1098 648 annua
1126 608 1271 650 consul

190 679 293 720 Iura.
332 677 422 718 dies
447 678 588 732 regnis
617 677 684 718 illa
712 688 903 730 suprema
928 676 1015 716 fuit.
1447 676 1528 714 850

136 812 341 865 Fallimur,
370 825 422 853 an
450 810 561 852 ueris
590 810 828 864 praenuntia
857 811 970 851 uenit
999 809 1171 850 hirundo

192 882 248 921 Et
275 880 438 932 metuit,
478 892 531 919 ne
568 892 648 932 qua
685 891 807 918 uersa
834 884 1016 918 recurrat
1050 873 1213 917 hiems?

137 949 277 1002 Saepe
305 953 456 1000 tamen,
483 948 656 998 Procne,
687 945 849 985 nimium
878 956 1122 998 properasse
1151 942 1348 997 quereris,

191 1017 348 1069 Virque
377 1019 447 1054 tuo
477 1015 634 1054 Tereus
660 1011 811 1066 frigore
839 1012 975 1053 laetus
1004 1012 1091 1052 erit.

133 1152 302 1203 Iamque
329 1148 435 1188 duae
462 1152 621 1188 restant
649 1152 795 1188 noctes
825 1146 877 1187 de
906 1159 1050 1187 mense
1079 1145 1276 1198 secundo,
1444 1146 1525 1184 855

188 1219 386 1270 Marsque
416 1216 523 1256 citos
549 1214 701 1257 iunctis
730 1214 915 1255 curribus
943 1220 1066 1269 urget
1096 1226 1238 1266 equos.

133 1286 201 1326 Ex
225 1296 325 1325 uero
353 1282 531 1337 positum
560 1283 786 1336 permansit
809 1281 977 1334 Equiria
1005 1293 1166 1333 nomen,

190 1351 308 1404 Quae
327 1350 431 1392 deus
459 1351 500 1392 in
529 1363 675 1404 campo
704 1349 902 1405 prospicit
932 1350 1023 1403 ipse
1048 1361 1136 1389 suo.

128 1515 217 1551 843.
242 1513 308 1550 nla
333 1519 456 1550 tacens
483 1510 535 1549 Φ.
576 1513 641 1550 Illa
668 1513 800 1550 cadens
828 1512 952 1550 oculos
979 1513 1026 1550 ad
1053 1513 1166 1550 uerba
1191 1514 1227 1550 in
1254 1517 1370 1549 morte
1395 1522 1527 1560 graua-

79 1569 137 1601 tos
157 1566 217 1601 14.
256 1565 376 1601 iacens
403 1564 557 1601 aduersa
583 1565 678 1601 ocul.
701 1567 819 1602 Pma.
836 1576 893 1614 pr.
921 1561 1052 1602 ²P'sex.
1093 1566 1180 1601 lum.
1208 1565 1313 1601 nouit
1337 1575 1457 1599 mma.
1467 1573 1526 1611 pr.

80 1615 168 1651 lum.
195 1615 303 1651 uertit
325 1627 363 1663 9.
466 1617 553 1651 844.
588 1627 660 1664 que
686 1616 837 1652 confusa
863 1627 896 1652 r.
947 1627 1048 1652 conc.
1072 1616 1183 1652 uerba
1207 1627 1230 1663 9
1256 1626 1335 1652 seat.
1436 1613 1525 1649 845.

80 1664 182 1701 Fert.
207 1664 254 1700 ad
280 1677 337 1702 eX.
363 1663 402 1700 Γ
408 1662 465 1701 Π
512 1666 547 1701 in
575 1666 722 1702 exuuias
757 1678 863 1702 unus.
995 1667 1081 1702 846.
1118 1666 1168 1702 Et
1191 1666 1277 1702 fecit
1302 1666 1390 1701 lacr.
1419 1675 1526 1700 ιιιιιιε.

81 1715 264 1752 lacrimam
289 1714 322 1751 b.
359 1716 523 1751 lacrimas
548 1716 726 1751 inuidiosa
752 1724 800 1752 tr.
827 1720 878 1761 E;
905 1719 956 1752 M
974 1716 1071 1753 alins
1090 1729 1172 1753 uar.
1193 1728 1264 1753 sor.
1310 1717 1397 1751 laer.
1424 1726 1527 1750 man-

82 1765 278 1815 ditiamque
302 1776 410 1801 umus.
451 1778 522 1815 que
548 1766 630 1801 tulit
655 1764 697 1802 A
709 1765 749 1801 Τ
771 1766 853 1803 duo.
956 1769 1042 1803 847.
1070 1767 1181 1803 Vuln.
1208 1766 1293 1802 libri
1316 1769 1459 1813 praeter
1477 1764 1526 1801 A.

81 1815 222 1853 Vulnus
248 1827 355 1852 mane
379 1827 500 1865 puar.
516 1827 585 1852 scr.
688 1818 775 1852 848.
803 1817 946 1853 Excitat
965 1816 998 1853 b.
1038 1817 1229 1853 Conuocat
1255 1814 1367 1853 Ahs
1393 1815 1500 1851 alius.

133 1867 222 1903 850.
259 1866 390 1915 Regna
422 1863 473 1902 Ψ.
521 1865 650 1902 Thura
674 1869 810 1903 Mma.
826 1879 883 1915 pr.
933 1867 1017 1903 Iura
1048 1866 1137 1904 fides
1163 1866 1194 1913 f.
1249 1879 1351 1915 regn.
1380 1866 1526 1902 ultimus

81 1917 143 1954 ille
167 1916 236 1953 fuit
251 1918 314 1953 29.
354 1916 415 1952 illa
441 1928 580 1952 summa
598 1919 790 1966 Ema.pr.
829 1929 1000 1967 suprema
1025 1918 1092 1954 tuis
1119 1917 1154 1953 b.
1256 1918 1341 1954 851.
1368 1916 1460 1953 Fall.
1480 1928 1527 1952 en

81 1979 188 2005 rmus.
227 1979 272 2004 an
301 1967 422 2003 ueniat
441 1979 568 2016 praen.
589 1968 683 2003 ueris
708 1980 745 2016 p.
787 1979 832 2003 an
862 1969 959 2004 uenit
978 1980 1035 2017 pr.
1059 1968 1155 2004 ueris
1181 1967 1264 2005 duo.
1303 1967 1527 2017 praenuncia

80 2020 130 2055 D.
234 2019 320 2054 852.
347 2018 402 2053 An
430 2024 514 2054 met.
535 2022 654 2054 str.es
693 2019 748 2053 An
776 2019 890 2054 uetuit
913 2031 1036 2055 mma.
1080 2031 1110 2055 r.
1150 2030 1198 2055 ue
1223 2030 1294 2068 qua
1322 2023 1426 2067 parte
1451 2029 1526 2054 rec.

3 2099 10 2102 .
79 2066 130 2106 Γ.
172 2074 334 2105 recurret
352 2071 485 2104 Mma.
501 2080 556 2117 pr.
596 2068 734 2122 hiemps
766 2070 811 2105 G.
852 2069 1001 2118 hyemps
1073 2067 1150 2106 Γν.
1251 2070 1336 2104 853.
1365 2067 1527 2116 prochne

80 2121 132 2156 Ι).
169 2131 309 2169 progne
336 2120 417 2155 EG
439 2118 488 2155 al.
527 2131 675 2168 proper.
702 2118 827 2155 fereris
855 2120 933 2156 ΒΟ
932 2133 967 2156 ιιι
988 2122 1141 2168 quinque
1157 2124 1190 2156 et
1206 2119 1294 2166 fort.
1315 2117 1440 2164 Ilfeld.
1460 2117 1526 2154 sub

79 2181 157 2208 ras.
195 2182 303 2219 prop.
321 2169 445 2205 fateris
472 2181 577 2205 rmus.
678 2170 765 2205 854.
795 2170 914 2219 thue
934 2170 1016 2207 dno.
1058 2178 1151 2214 tuus,
1179 2169 1395 2217 tuisinyuli.
1431 2168 1524 2206 ther.

83 2221 119 2257 G
140 2219 191 2257 al.
241 2220 356 2256 laetus
389 2226 467 2256 erat
494 2216 669 2256 BGHm
696 2219 765 2257 duo
791 2224 825 2256 et
849 2220 936 2267 tort.
964 2220 1086 2267 Ilfeld.
1116 2219 1181 2257 sub
1207 2220 1332 2256 litura.
1435 2220 1524 2256 855.

80 2270 175 2306 duae
201 2277 326 2307 noctes
353 2276 536 2322 regnaut
530 2270 576 2306 de
607 2271 639 2307 Ο
666 2275 833 2320 qttatuor.
936 2273 1023 2307 856.
1052 2283 1123 2320 que
1148 2271 1256 2307 scitos
1282 2282 1313 2307 r.
1356 2282 1428 2319 que
1453 2270 1525 2307 cito

79 2321 190 2357 iuuet.
218 2321 267 2357 A.
307 2321 383 2357 citis
406 2321 516 2356 iunct.
547 2323 588 2357 F.
629 2321 717 2357 citus
744 2325 828 2358 tres.
870 2333 941 2370 que
966 2334 1048 2358 suos
1065 2319 1185 2366 (wie).
1226 2322 1365 2357 iunctos
1390 2320 1420 2367 f.
1462 2333 1524 2356 ur-

79 2377 166 2420 guet
180 2369 242 2417 (Φ
250 2369 299 2416 22).
401 2372 486 2407 857.
513 2371 571 2406 Ex
597 2371 657 2407 illo
675 2384 753 2430 pos.
772 2374 906 2408 Mma.
922 2384 978 2420 pr.
1020 2373 1151 2408 eciuria
1170 2371 1238 2418 Ilf.
1250 2384 1324 2408 ma.
1338 2383 1395 2421 pr.
1439 2383 1524 2408 ecu-

79 2422 134 2457 ria
158 2434 284 2458 mma.
302 2433 358 2470 pr.
403 2422 557 2471 equirria
585 2418 660 2460 Er.
701 2422 851 2458 eciurria
875 2422 944 2469 Ilt.
971 2434 1046 2459 ma.
1073 2435 1142 2459 sec.
1170 2421 1227 2458 uel
1251 2426 1332 2458 ter&
1434 2423 1523 2458 858.

81 2471 191 2515 Quod
217 2472 306 2508 deus
332 2484 362 2508 5.
409 2473 517 2517 Quae
540 2472 616 2507 fieri
642 2473 678 2508 in
703 2472 728 2518 f
749 2470 871 2509 alius?
913 2473 1002 2509 deus
1029 2485 1049 2509 e
1075 2485 1178 2521 camp
1183 2485 1203 2508 ο
1232 2477 1291 2508 11.
1328 2475 1405 2516 Ita,
1432 2485 1524 2522 pro-

81 2522 205 2570 spicit,
230 2523 355 2559 Ama.
372 2534 429 2572 pr.
456 2521 581 2568 llfeld.
608 2522 673 2559 sub
699 2535 774 2560 ras.
802 2527 842 2558 ut
865 2527 965 2572 puto,
996 2520 1152 2560 ‹DAM
1156 2485 1460 2571 OAEbeys
1475 2526 1522 2559 13

82 2571 293 2618 quindecim3
319 2585 355 2609 m
370 2585 453 2612 uar.
467 2585 538 2609 scr.
579 2574 721 2622 perficit
750 2570 842 2610 GI'.
881 2575 1060 2622 praestitit
1085 2576 1147 2611 48.
1185 2575 1357 2624 perspicit
1380 2573 1521 2622 reliqui.

83 2621 222 2659 uiderat
241 2635 267 2671 p
286 2634 368 2661 uma
382 2635 454 2662 scr.
493 2635 620 2674 prosp.
647 2624 707 2662 ille
731 2622 756 2670 f
776 2628 945 2673 quatuor.
988 2637 1112 2675 persp.
1138 2624 1198 2662 ille
1224 2636 1331 2662 unus.
