1685 2954
617 113 796 143 NEFASTI
826 112 969 142 PARTE
1393 113 1518 145 XXXV

58 217 258 256 omiserint.
298 217 378 254 Hoc
402 213 466 264 qui
490 212 644 262 faceret,
665 212 814 263 Pighius
837 212 919 252 suit.
966 213 1000 252 Is
1025 213 1062 251 in
1087 213 1346 252 commentario
1368 213 1520 265 inedito,

58 292 134 331 quo
160 286 258 327 utor,
286 283 401 315 totum
428 274 526 313 hunc
550 275 672 313 locum
697 274 746 312 de
770 273 912 312 dierum
938 274 1144 314 discrimine
1169 275 1307 314 maiore
1333 288 1416 314 cum
1437 275 1520 315 dili-

59 343 181 391 gentia
208 347 246 377 et
272 338 424 388 ingenio*
443 338 630 387 tractauit,
657 348 767 387 quam
793 336 840 373 ab
867 338 943 375 uilo
968 339 1063 386 alio,
1092 337 1192 390 quod
1217 337 1350 386 sciam,
1380 337 1519 376 sactum

58 410 126 442 est.
177 400 286 447 Quod
313 401 350 437 in
374 400 626 450 superioribus
652 397 780 450 Pighio
809 411 882 436 non
910 412 996 437 usus
1022 413 1126 449 sum,
1162 400 1299 438 sactum
1332 405 1388 437 est
1420 399 1520 449 ideo,

59 466 143 516 quia
170 462 385 500 adiumentis
411 466 540 511 postea
565 461 720 498 inuentis
745 461 822 498 eius
849 462 1038 512 opiniones
1067 469 1306 510 euertuntur,
1333 461 1432 513 quod
1459 462 1520 500 ubi

58 528 106 566 de
130 532 216 564 nota
236 523 304 561 NP
325 523 503 573 disputat,
527 534 630 560 secus
651 528 720 560 est.
759 522 975 561 Rectissime
1001 524 1109 574 igitur
1134 526 1308 562 obseruat
1332 524 1428 563 hanc
1452 537 1521 563 no·

57 596 131 627 tam
164 586 232 623 NP
269 597 472 635 nusquam,
516 585 583 622 nisi
618 585 656 621 in
689 583 827 623 feriatis
860 585 988 623 diebus
1020 586 1268 636 deprehendi,
1305 592 1342 623 et
1378 586 1519 637 pergit:

57 651 180 697 Quare
203 650 266 699 qui
291 647 368 685 dies
393 646 561 695 nefastos
592 646 756 697 publicos
789 653 1006 698 propterque
1032 660 1141 685 sacra
1173 647 1334 695 feriasue
1357 647 1521 697 publicas

50 716 89 749 et
114 723 188 749 mm
213 711 291 748 alia
323 711 458 760 potiori
483 721 596 748 causa
621 711 811 747 institutos
835 721 900 759 per
924 711 1001 747 NP
1024 710 1224 747 monstrari
1247 708 1401 755 dimerit,
1434 710 1521 757 for-

54 775 169 812 tasszs
193 785 267 811 mon
291 772 447 810 multum
472 770 666 809 aberrarit.
729 772 901 822 intelligit
934 772 1079 809 tertium
1115 770 1342 808 nefastorum
1379 771 1520 810 dierum

54 848 170 886 genus
196 842 345 886 praeter
370 834 444 871 duo
467 845 490 870 a
517 834 619 870 nobis
646 833 829 881 distincta,
858 833 934 871 dies
961 833 1097 882 festos,
1124 833 1227 869 simili
1253 833 1363 871 modo
1388 846 1412 872 a
1437 835 1521 873 reli-

54 898 163 948 giosis
189 897 373 941 diuersos,
410 909 484 946 quo
511 895 667 944 religiosi
693 907 715 931 a
745 896 894 944 proprie
921 895 1069 932 nefastis
1104 894 1298 932 differunt:
1336 895 1428 934 haec
1452 897 1522 934 tria

55 972 190 1010 genera
215 959 358 996 dierum
383 958 514 994 iudicia
540 958 639 994 nulla
666 956 853 993 admisisse
880 963 1016 994 censet.
1070 956 1182 1001 Quod
1208 958 1238 994 si
1265 969 1391 994 uerum
1418 957 1522 997 uide-

55 1028 170 1070 retur,
199 1026 322 1072 posset
348 1032 392 1057 ea
416 1019 570 1057 Ouidius
596 1031 703 1055 uersu
730 1020 780 1054 47
807 1018 1129 1068 comprehendisse
1157 1021 1292 1069 putari.
1346 1019 1423 1057 Sed
1449 1021 1521 1058 hoc

54 1095 158 1121 secus
195 1095 274 1119 esse
309 1094 392 1119 cum
418 1081 536 1131 primo
562 1081 863 1118 commentarium
889 1093 995 1117 suum
1023 1081 1290 1131 conscriberet,
1328 1083 1400 1128 (bis
1426 1083 1522 1120 enim

55 1133 278 1196 perscriptus
305 1149 405 1180 extat
430 1143 466 1180 in
493 1155 537 1179 eo
565 1142 788 1189 uolumine,)¹
813 1142 990 1179 intellexit
1010 1142 1174 1192 Pighius.
1219 1145 1329 1181 Tunc
1352 1145 1449 1182 enim
1470 1145 1523 1183 ita

54 1207 241 1258 professus
276 1212 351 1243 est:
389 1206 479 1242 Nisi
513 1204 672 1242 uiderem
705 1207 911 1255 praecipuis
945 1204 1022 1252 fere
1046 1207 1164 1242 saeris
1187 1205 1258 1243 has
1282 1211 1392 1244 notas
1415 1206 1522 1254 (NP)

54 1268 227 1312 incidere,
262 1269 451 1305 intercisos
486 1267 562 1305 dies
587 1269 733 1316 sequare
759 1266 921 1304 dicerem.
976 1267 1083 1304 Nihil
1108 1272 1229 1304 tamen
1263 1269 1349 1305 certi
1374 1273 1522 1306 conten-

55 1331 137 1368 dere
161 1330 264 1375 uolo,
301 1331 471 1379 quamuis
504 1331 544 1366 in
579 1329 736 1379 quodam
762 1328 983 1366 Kalemlarii
1017 1331 1161 1378 antiqui
1195 1330 1401 1379 fraymento
1427 1331 1523 1369 hane

54 1397 182 1432 notam
205 1392 314 1430 huius
339 1391 416 1429 loco
439 1393 639 1441 reperiam:
665 1393 758 1436 NF,
787 1391 882 1440 quod
905 1393 1027 1441 <ipsum
1049 1392 1106 1429 hic
1130 1392 1301 1441 subiecto,
1328 1393 1521 1440 (ineditum

56 1455 176 1494 adhuc
202 1467 282 1493 esse
308 1454 582 1501 affirmauerim,
612 1459 708 1489 utet
728 1454 799 1490 alia
818 1465 839 1489 a
859 1453 988 1502 Pighio
1014 1454 1050 1491 in
1078 1467 1122 1491 eo
1150 1456 1409 1492 commentario
1435 1468 1521 1507 pas-

55 1518 120 1557 sim
147 1517 308 1555 eiusdem
335 1517 476 1567 generis
504 1515 685 1552 adhibita:
712 1527 799 1552 num
821 1515 1013 1552 confictum
1037 1517 1083 1554 sit
1103 1517 1149 1554 ab
1171 1518 1261 1555 Italo
1282 1518 1420 1568 aliquo,
1447 1531 1521 1557 non

55 1580 277 1628 statuerim,)
304 1591 385 1617 eum
410 1577 567 1616 eiusdem
590 1580 640 1615 sit
667 1579 891 1627 argumenti.-

826 1641 860 1677 A
875 1640 907 1677 C

829 1703 861 1739 B
876 1702 946 1739 NF
975 1713 1302 1742 NAT·AVG·1³:PVL.

442 1776 519 1800 ONS
830 1765 861 1800 C
876 1764 913 1801 N
943 1777 1031 1801 FER-

375 1826 407 1862 C
827 1825 863 1861 D
879 1826 910 1862 C

322 1889 360 1924 G
374 1888 444 1924 NF
476 1899 696 1924 von-roano
834 1887 866 1923 E
883 1888 914 1921 (3

322 1950 357 1986 Η
372 1949 442 1986 NF
835 1948 865 1984 F
881 1948 913 1982 (3

322 2012 353 2048 A
365 2012 397 2047 F
834 2010 871 2046 G
888 2010 919 2046 C
1337 2014 1368 2050 F

320 2072 354 2108 B
367 2072 400 2108 F
742 2091 754 2096 ‚
833 2072 866 2107 H
879 2072 912 2107 F
1334 2075 1372 2112 G

322 2133 354 2171 C
367 2134 438 2170 NF
462 2144 803 2170 NAPGERMANIG·
842 2134 873 2170 A
889 2134 921 2170 C
1334 2138 1370 2174 H

57 2193 110 2230 XI
314 2195 420 2232 AVG
432 2207 441 2217 ·
455 2196 581 2233 XXXI
835 2196 968 2233 SEPT
982 2209 990 2218 ·
1002 2199 1110 2234 XXX
1312 2198 1422 2236 OCT

37 2250 134 2293 'NF
163 2257 276 2304 iyitwr
309 2259 496 2296 insinuare
531 2258 674 2296 uidetur
705 2258 775 2295 tali,
807 2260 847 2295 in
881 2258 938 2296 (lie
969 2259 1033 2307 fas
1065 2265 1099 2297 et
1133 2260 1241 2307 nefas
1265 2260 1395 2308 fuisse,
1449 2265 1524 2301 NP

0 2323 1 2348 ἐ
57 2329 144 2356 uero
169 2323 350 2357 nzenstrat
376 2323 483 2371 quasi
507 2320 616 2368 nefas
640 2333 754 2370 usque
779 2320 829 2357 ad
856 2323 902 2368 P,
938 2321 1005 2359 hoc
1039 2327 1092 2360 est
1123 2334 1236 2372 usque
1261 2323 1311 2360 acl
1335 2329 1522 2374 porrecta:

58 2384 167 2429 atque
189 2392 233 2418 ea
259 2380 303 2418 de
328 2394 442 2420 causa
460 2395 535 2421 ηοη
559 2385 678 2433 inepte
703 2395 764 2420 eos
788 2382 955 2430 nefastos
981 2387 1208 2432 porrectitios
1232 2398 1364 2423 uocare
1387 2398 1522 2436 possu-

56 2453 140 2479 mus
164 2453 211 2479 ex
242 2443 423 2481 Varronis
448 2449 482 2481 et
507 2444 693 2482 Macrobii
717 2444 850 2482 uerbis.
902 2446 999 2482 Sunt
1030 2447 1198 2497 profecto
1235 2448 1416 2498 quaedam
1451 2446 1521 2485 alia

58 2510 207 2554 praeter
233 2504 321 2541 illud
346 2504 524 2542 fastorum
551 2507 820 2558 fragmentum,
857 2518 951 2556 quae
986 2507 1095 2546 fidem
1127 2508 1265 2547 faciant
1298 2510 1408 2546 fuisse
1441 2510 1521 2547 illos

60 2564 137 2605 dies
163 2565 230 2603 NP
257 2567 415 2616 signatos
451 2568 567 2605 altera
600 2581 667 2605 sua
699 2574 830 2618 parte,
866 2580 995 2614 mane,
1022 2570 1205 2620 nefastos,
1240 2572 1356 2609 altera
1389 2570 1521 2609 deinde

61 2625 189 2667 fastos.
238 2628 400 2666 Primum
428 2619 816 2680 illud‚'qualecunque
841 2636 910 2677 est,
937 2632 1036 2681 quod
1064 2632 1110 2670 de
1136 2633 1262 2671 diebus
1287 2635 1429 2671 senatui
1454 2633 1520 2676 hae

62 2687 184 2726 heudo
209 2689 397 2729 destinatis
430 2691 478 2729 ab
506 2693 672 2742 Augusto
707 2691 873 2731 diximus.
924 2693 1261 2733 Demonstrauimus
1294 2696 1390 2734 enim
1414 2706 1520 2734 sena-

1103 2758 1134 2793 C
1163 2762 1187 2794 2
