1685 2954
611 172 666 198 DE
698 170 818 199 LOCIS
849 171 1082 200 RELIGIOSIS
1508 171 1575 201 CL1

221 270 382 308 Lucus
402 269 620 306 Lucinae
647 273 686 317 2,
712 270 787 306 436
820 276 1125 307 commemoratur
1152 273 1260 307 etiam
1287 281 1308 306 a
1335 270 1502 307 Varrone
1528 271 1575 307 dc

119 332 144 370 l.
175 333 200 369 l.
229 334 268 379 5,
296 334 358 368 49.
413 380 417 382 v

221 394 442 442 Capreae
477 389 700 440 paludem
727 394 766 438 2,
795 392 870 427 489
904 399 1042 441 quanto
1073 393 1244 430 libroruin
1282 399 1445 430 ueterum
1481 404 1572 429 con-

117 468 225 494 sensu
253 453 441 500 ediderim,
470 451 584 488 uides.
630 453 705 489 Res
733 459 787 489 est
808 453 1010 501 obscurior,
1037 466 1146 503 quam
1175 462 1212 491 ut
1238 467 1348 504 supra
1372 455 1480 491 libros
1507 466 1572 490 au-

116 517 204 555 dere
229 517 421 566 quicquam
448 513 566 549 liceat.
624 513 792 550 Heinsius
819 515 963 564 egregie
990 516 1201 552 annotauit:
1235 523 1393 565 quatuor
1418 516 1572 565 scripto-

116 591 197 616 rum
224 578 310 614 locis
337 576 384 612 ab
411 586 455 611 eo
483 575 657 624 prolatis,
684 589 838 626 quorum
868 584 940 613 tres
968 576 1025 612 isti
1053 577 1253 625 scripturae
1280 577 1571 626 patrocinantur,

115 639 209 678 adde
235 637 389 674 Paulum
416 637 519 673 Diae.
547 649 584 686 p.
606 638 667 681 65,
688 639 734 682 ὃ,
768 637 848 674 Liu.
880 642 916 685 1,
936 640 1005 682 16,
1041 638 1139 678 Plut.
1166 638 1274 674 Rom.
1304 649 1340 686 p.
1357 639 1418 682 56,
1440 641 1464 674 7
1484 638 1570 675 Sch.

113 700 222 737 Num.
250 712 288 749 p.
305 701 369 747 98,
384 699 422 746 5,
450 701 510 748 qui
538 699 768 735 consentiunt
795 699 830 734 in
857 711 990 748 caprae
1015 698 1160 750 palude.
1215 699 1256 735 Iu
1283 710 1413 748 campo
1436 699 1571 735 Martio

109 761 220 799 fuisse
247 767 400 798 constat.
442 760 577 797 Ibidem
606 760 811 796 columna
838 760 1031 808 bellica,
1058 763 1096 809 6,
1115 761 1188 797 205
1209 773 1306 810 sqq.,
1333 759 1381 796 de
1401 772 1473 809 qua
1496 759 1568 797 uid.

110 822 158 860 ad
185 824 238 861 lb.
265 825 327 862 48.
382 822 480 859 lnsra
506 822 619 859 omisi.

211 884 369 921 Lucus
396 883 549 920 Fauni
576 889 880 920 commemoratur
906 886 943 930 3,
962 883 1058 931 2953
1086 885 1124 932 4,
1147 884 1242 920 649:
1277 882 1407 918 louis
1433 881 1569 917 Elicii

110 948 195 983 item
223 947 257 982 in
287 946 466 982 Auentino
500 947 600 982 locus
629 945 814 993 religiosus
841 947 877 988 3,
905 947 1003 992 328,
1040 945 1085 980 de
1113 958 1185 994 quo
1211 942 1427 980 Plutarchus
1455 942 1566 979 Num.

110 1021 140 1045 c.
161 1008 224 1044 15:
254 1002 323 1043 τὸν
352 1003 395 1043 δὲ
419 1000 542 1043 τόπον
566 1000 720 1042 Ἰλίκιον
748 1000 820 1040 ἀπ’
846 1002 995 1041 ἐκείνου
1017 1004 1415 1055 προσαγορευθῆναι.
1460 1007 1570 1040 Aram

110 1070 204 1106 louis
230 1068 334 1105 Elicii
361 1067 508 1105 tradunt
534 1068 652 1104 Varro
679 1067 725 1104 de
754 1067 779 1104 1.
807 1067 832 1104 l.
858 1069 894 1111 6,
914 1069 978 1114 94,
1005 1067 1086 1104 Liu.
1116 1072 1155 1113 l,
1177 1070 1240 1105 20.

209 1130 329 1166 Locus
356 1129 545 1177 religiosus
580 1128 672 1176 suit,
701 1129 762 1165 ubi
798 1129 990 1178 quotannis
1017 1128 1153 1165 lauatio
1179 1129 1307 1165 Matris
1333 1126 1442 1163 deum
1471 1126 1567 1162 cele-

110 1191 297 1237 brabatur,
323 1202 432 1239 quam
460 1191 617 1239 primum
644 1190 778 1226 saetam
806 1190 939 1227 indicat
966 1189 1120 1228 Ouidius
1147 1191 1183 1234 4,
1205 1192 1292 1225 339.
1345 1187 1493 1224 Videbis
1520 1186 1567 1223 de

106 1265 208 1289 sacro
235 1252 390 1301 locoque
415 1252 658 1301 interpretes,
687 1250 865 1288 Orellium
893 1258 930 1289 et
956 1252 1000 1290 L.
1028 1253 1183 1298 Viuem,
1210 1251 1255 1286 ad
1283 1250 1421 1286 Arnob.
1450 1251 1490 1296 7,
1516 1251 1568 1284 32

104 1321 142 1351 et
162 1315 312 1363 August.
341 1325 373 1349 c.
394 1312 431 1350 d.
459 1317 497 1361 2,
516 1315 554 1353 4.
606 1312 708 1350 Nihil
734 1313 828 1350 euim
856 1313 1021 1364 amplius,
1050 1324 1161 1363 quam
1187 1311 1285 1362 quod
1314 1310 1468 1349 Ouidius
1495 1310 1561 1346 do-

107 1381 178 1424 cet,
204 1375 269 1411 alii
295 1374 429 1411 habent
455 1376 662 1425 scriptores.

205 1437 262 1473 De
287 1437 388 1473 luco
414 1436 663 1486 Robiginis
691 1448 808 1486 aeque
828 1447 960 1484 magna
981 1442 1036 1472 est
1055 1435 1249 1473 difficultas
1275 1435 1311 1472 in
1339 1432 1565 1471 concilianda

104 1497 228 1537 Ouidii
252 1498 461 1534 narratione
486 1498 525 1546 4,
545 1497 619 1534 905
640 1510 720 1547 sqq.
753 1510 835 1534 cum
866 1497 983 1535 Verrii
1019 1498 1190 1535 lemmate
1225 1498 1260 1534 in
1298 1497 1422 1534 tabula
1458 1496 1565 1533 tertia

101 1559 359 1598 Praenestina:
385 1559 569 1596 FERIAE
590 1586 599 1596 .
617 1558 819 1597 ROBIGO
838 1587 847 1597 .
865 1559 948 1597 VIA
966 1586 975 1596 .
999 1559 1212 1597 CLAVDlA
1235 1587 1244 1596 .
1265 1559 1330 1595 AD
1345 1586 1354 1596 .
1374 1557 1564 1594 MlLLlA-

102 1621 317 1670 RIVM.V,
341 1627 452 1671 atque
477 1621 515 1658 in
542 1621 859 1658 accommodandis
886 1621 941 1658 bis
969 1622 1090 1658 uerbis
1119 1622 1164 1658 ad
1192 1621 1298 1658 Pauli
1324 1620 1477 1657 Diacoui
1504 1625 1563 1656 te-

103 1683 307 1721 stimonium
344 1696 380 1732 p.
399 1682 464 1729 45,
488 1684 534 1719 7:
576 1683 770 1720 Catulario
803 1689 914 1732 porta
945 1687 1089 1721 Romae
1127 1683 1225 1720 dicta
1265 1687 1319 1720 est
1355 1683 1440 1732 quia
1478 1693 1564 1719 non

103 1745 229 1793 longe
255 1743 307 1781 ab
333 1756 382 1781 ea
408 1743 457 1780 ad
480 1743 699 1792 placandam
728 1744 913 1781 caniculae
939 1745 1042 1782 sidus
1069 1751 1138 1782 etc.
1185 1746 1226 1782 Si
1252 1744 1298 1781 de
1326 1744 1453 1780 eodem
1481 1743 1562 1779 loco

104 1813 142 1844 et
166 1806 339 1843 sacrificio
371 1807 440 1840 ista
473 1806 594 1841 omnia
623 1804 857 1853 intelligenda
891 1813 998 1854 sunt,
1037 1809 1184 1856 (neque
1210 1806 1415 1842 detrectare
1441 1804 1563 1840 licebit

102 1867 198 1904 hanc
223 1865 499 1902 sollicitudinem
526 1865 699 1914 quamdiu
729 1866 815 1901 nihil
850 1874 1044 1915 praeterea
1071 1867 1302 1916 exploratum
1330 1865 1426 1910 erit)
1461 1870 1563 1902 certe

102 1928 190 1966 ferri
216 1941 287 1964 non
313 1933 434 1977 potest
455 1926 594 1963 Sachsii
622 1928 872 1976 interpretatio
898 1932 930 1974 l,
953 1941 992 1977 p.
1008 1931 1082 1963 222
1110 1928 1272 1977 putantis
1291 1924 1466 1964 Ouidium
1482 1926 1562 1963 No-

102 1994 228 2026 mento
263 1989 498 2035 redeuntem,
535 1987 633 2036 quod
668 1989 784 2023 minus
817 1987 1067 2037 duodeuiginti
1101 1989 1211 2025 millia
1244 2000 1414 2039 passuum
1441 1988 1562 2024 Roma

102 2049 227 2098 distat,
253 2050 381 2087 fecisse
407 2050 475 2085 iter
495 2061 611 2098 aeque
636 2061 807 2101 magnum
835 2055 934 2085 trans
962 2050 1058 2085 uiam
1078 2050 1255 2086 Salariam
1283 2048 1331 2085 ad
1357 2061 1437 2086 eam
1464 2050 1561 2086 uiam

68 2145 74 2151 ,
102 2110 290 2158 Clodiam,
323 2111 399 2148 siue
426 2111 634 2155 Claudiam,
672 2123 768 2160 quae
795 2111 994 2147 secundum
1022 2112 1184 2147 tabulam
1212 2111 1424 2161 Peutinger.
1450 2111 1515 2148 fol.
1536 2111 1560 2147 5

99 2172 159 2210 ed.
185 2173 330 2209 Monac.
359 2186 380 2209 a
409 2173 468 2209 uia
495 2172 674 2208 Flaminia
711 2173 953 2208 sinistrorsum
989 2172 1036 2208 ad
1063 2173 1208 2209 Rubras
1244 2173 1429 2217 discessit,
1466 2174 1559 2210 circa

98 2233 300 2270 milliarium
329 2246 349 2269 a
375 2241 483 2282 porta
504 2234 682 2270 Flaminia
703 2247 854 2282 nonum,
882 2240 1108 2270 monstrante
1130 2234 1306 2282 Fogginio
1336 2247 1373 2283 p.
1390 2236 1453 2281 64,
1482 2241 1560 2271 tum

97 2293 265 2343 Nibbyo,
291 2294 407 2331 Nard.
436 2301 488 2333 to.
510 2296 546 2340 4,
573 2308 611 2345 p.
625 2295 672 2331 65
693 2308 796 2345 sqq.:
832 2307 952 2345 neque
979 2307 1067 2344 ergo
1095 2296 1180 2345 quid
1210 2295 1331 2332 Ouidii
1359 2309 1465 2333 uersu
1484 2298 1560 2332 906

98 2354 184 2401 fiat,
220 2357 452 2405 intelligitur,
487 2368 607 2406 neque
634 2357 702 2393 ista
730 2358 788 2393 uia
816 2357 969 2394 Claudia
997 2358 1124 2394 habuit
1150 2359 1352 2394 milliarium
1380 2358 1557 2407 quintum.

98 2416 156 2454 Ex
181 2430 250 2466 eo,
285 2418 384 2468 quod
411 2418 585 2455 Antonifii
613 2419 835 2455 itinerarium
864 2432 900 2469 p.
920 2420 968 2456 65
996 2419 1055 2456 ed.
1084 2419 1226 2456 Schott.
1258 2422 1355 2455 1600
1383 2422 1440 2456 uia
1471 2420 1557 2456 Clo-

100 2478 160 2516 dia
187 2480 343 2517 Romam
370 2481 554 2530 perueniri
580 2480 713 2528 docet,
740 2480 825 2516 nibil
854 2481 941 2517 certi
968 2481 1085 2529 colligi
1113 2487 1234 2530 potest
1259 2480 1304 2516 de
1331 2487 1457 2529 porta,
1486 2492 1558 2528 qua

102 2541 226 2579 urbem
253 2542 391 2580 introiri
419 2553 567 2579 necesse
593 2541 715 2578 suerit.
770 2542 845 2579 Sed
874 2549 994 2579 tamen
1024 2541 1177 2578 Ouidius
1204 2542 1312 2578 Pont.
1343 2546 1379 2589 1,
1398 2544 1436 2590 8,
1456 2544 1528 2578 43:

437 2603 722 2653 quospiniscris
749 2606 887 2653 positos
915 2607 947 2640 ὶη
978 2604 1126 2641 collibus
1152 2603 1277 2641 hortos

363 2667 513 2716 Spectat
542 2665 750 2703 Flaminiae
777 2665 906 2702 Clodia
933 2667 1056 2703 ὶιιηοὶα7
1081 2667 1165 2703 uiae
1489 2700 1492 2703 ,

103 2733 383 2776 commemorat,
410 2727 556 2765 eosdem
584 2728 660 2764 sine
688 2727 812 2776 dubio,
841 2729 902 2777 qui
929 2736 973 2764 tr.
1004 2732 1040 2777 l,
1065 2732 1125 2776 ll,
1147 2730 1216 2775 373
1246 2728 1284 2776 4,
1306 2729 1345 2775 8,
1365 2729 1414 2764 27
1441 2726 1556 2762 nomi-
