1685 2954
158 89 212 131 52
651 82 1025 130 ἰνΑεΤοκνΜ

212 202 280 244 Ne
307 201 443 242 fallare
473 206 622 254 tamen,
649 207 808 243 restant
834 199 907 242 tibi
936 200 1098 254 frigora,
1125 204 1283 242 restant

268 271 506 322 Magnaque
531 267 751 312 discedens
778 270 900 324 signa
928 269 1091 322 reliquit
1118 267 1261 309 hiems.

216 401 356 442 Tertia
382 412 463 441 nox
491 401 641 442 ueniat.
678 401 892 444 custodem
920 403 1102 456 protinus
1128 412 1249 442 ursae

268 468 461 521 Aspicies
487 470 673 523 geminos
700 471 913 510 exeruisse
941 470 1085 524 pedes.

215 536 323 576 Inter
350 535 646 590 hamadryadas
673 538 1030 590 iaculatricemque
1061 536 1234 577 Dianam
1517 539 1595 574 155

273 601 444 643 Callisto
471 604 577 645 sacri
603 617 699 657 pars
725 606 802 646 fuit
829 616 911 644 una
938 603 1061 644 chori.

215 669 287 709 llla
314 668 419 709 deae
448 677 625 726 tangens
652 684 786 724 arcus,
812 682 916 724 quos
944 661 1154 723 tangimus
1182 681 1316 721 arcus,

269 738 372 778 Este
398 751 515 778 meae
547 744 679 779 testes
703 736 965 790 uirginitatis,
994 737 1063 776 ait.

215 804 396 858 Cynthia
423 803 615 845 laudauit.
653 801 934 857 promissaque
963 803 1128 843 foedera
1159 815 1295 855 serua,

269 872 325 912 Et
352 870 544 912 comitum
572 871 762 924 princeps
791 875 836 910 tu
864 868 972 922 mihi,
1004 868 1119 922 dixit,
1153 872 1246 910 eris.
1524 875 1601 910 160

215 937 403 979 Foedera
430 943 655 991 seruasset,
685 935 723 977 si
747 949 827 977 non
852 937 1028 977 formosa
1052 936 1213 978 fuisset.

270 1005 393 1046 Cauit
418 1005 621 1044 mortales.
655 1003 707 1043 de
732 1004 831 1043 Ioue
860 1004 1012 1044 crimen
1039 1004 1176 1045 habet.

216 1073 315 1123 Mile
340 1073 446 1113 feras
470 1071 640 1112 Phoebe
666 1069 782 1111 siluis
806 1077 956 1112 uenata
983 1072 1142 1113 redibat

271 1140 357 1180 Aut
384 1140 488 1192 plus,
517 1143 588 1179 aut
615 1138 792 1179 medium
819 1139 908 1178 sole
938 1144 1107 1179 tenente
1134 1139 1254 1180 diem.

215 1208 277 1249 Vt
305 1208 443 1261 tetigit
471 1207 616 1247 lucum.
653 1205 784 1246 densa
811 1206 929 1262 niger
957 1205 1051 1247 ilice
1078 1207 1208 1259 lucus,
1520 1209 1599 1244 165

272 1276 317 1314 In
347 1274 480 1315 medio
510 1271 674 1328 gelidae
702 1273 795 1314 fons
823 1279 910 1315 erat
941 1275 1048 1314 altus
1077 1286 1227 1327 aquae:

218 1343 320 1395 Hic,
350 1342 426 1394 ait,
456 1341 497 1382 in
526 1339 652 1392 silua,
684 1341 801 1394 uirgo
832 1342 1052 1395 Tegeaea,
1082 1341 1276 1382 lauemur.

273 1409 445 1450 Erubuit
473 1408 578 1448 falso
606 1407 776 1461 uirginis
802 1408 872 1448 illa
899 1419 1014 1448 sone.

218 1478 389 1518 Dixerat
417 1482 461 1517 et
487 1473 693 1529 nymphis.
729 1474 950 1529 Nymphae
978 1474 1183 1517 uelamina
1211 1479 1383 1528 ponunt:

215 1599 300 1636 151.
326 1598 405 1635 Nec
432 1600 476 1636 Ο.
523 1597 650 1634 fallere
670 1599 715 1634 Ε.
764 1597 892 1634 fallare
918 1609 1008 1634 caue
1031 1597 1086 1634 hs
1113 1601 1160 1633 12
1186 1601 1354 1646 quatuor.
1399 1602 1518 1631 tamen
1544 1604 1607 1630 re-

165 1656 262 1687 stent
282 1662 330 1686 m.
434 1651 519 1684 152.
547 1648 736 1697 Multaque
760 1650 840 1684 P3.
882 1647 1103 1684 descendens
1129 1647 1164 1683 h.
1205 1645 1355 1695 reliquid
1385 1648 1420 1682 E
1427 1656 1458 1681 r.
1498 1644 1608 1682 relin-

166 1701 244 1750 quit
270 1696 421 1736 DMN
428 1695 477 1734 H
488 1695 572 1735 ΨΣ
578 1711 601 1746 p
627 1697 740 1734 decem
766 1702 799 1734 et
823 1697 910 1735 Ald.
938 1698 1050 1734 1502.
1085 1697 1264 1745 relinquid
1290 1695 1320 1742 f.
1366 1696 1544 1745 relinquet
1559 1696 1610 1730 40

164 1752 387 1798 paucissimi.
441 1749 579 1797 hiemps
606 1750 651 1784 E.
699 1747 890 1784 masan:
924 1748 1040 1796 signa]
1077 1747 1230 1795 uestigia
1263 1746 1419 1792 frigoris.
1522 1745 1607 1781 153.

168 1801 302 1836 Tereia
329 1802 411 1836 DE
437 1798 486 1835 al.
538 1811 608 1833 nox
642 1797 757 1833 aderit
791 1797 814 1833 h
837 1810 913 1834 ηια.
935 1809 992 1845 pr.
1020 1799 1070 1833 27
1094 1801 1128 1834 et
1153 1796 1207 1834 ed.
1233 1795 1385 1833 Mediol.
1429 1796 1552 1832 ueniet
1576 1797 1611 1832 Ε

173 1848 275 1887 ‹DM
299 1862 373 1886 ma.
399 1861 467 1885 sec.
500 1845 538 1883 N
549 1845 681 1884 ΟΡΠ
694 1845 810 1884 ³P‘Ab
836 1859 909 1884 ma.
936 1859 1004 1884 sec.
1031 1847 1055 1893 f
1075 1859 1150 1884 ma.
1178 1859 1235 1896 pr.
1261 1846 1318 1895 gh
1341 1858 1416 1883 ma.
1437 1858 1505 1882 sec.
1531 1857 1611 1894 prs

167 1902 299 1948 uiginti,
319 1905 352 1937 et
376 1899 460 1936 editi
478 1910 572 1935 saec.
599 1910 674 1934 xv.
778 1897 862 1933 155.
891 1897 1116 1946 amadriadas
1136 1896 1255 1934 DEb.
1294 1896 1518 1933 amadriades
1544 1895 1610 1932 br.

220 1951 304 1987 156.
332 1951 466 1986 Calisto
490 1951 572 1986 DE
594 1948 740 1997 plurimi
759 1959 838 1984 cum
858 1952 945 1984 vett.
964 1944 1021 1985 eff.
1059 1948 1200 1984 Calixto
1218 1944 1291 1993 Es.
1329 1947 1397 1983 fuit
1423 1947 1484 1983 illa
1510 1945 1611 1982 chori

167 2003 203 2038 D
223 2013 297 2037 ma.
322 2012 378 2050 pr.
483 2000 567 2034 157.
597 1999 701 2034 deam
722 2005 758 2034 et
779 2004 931 2046 tangens
954 2001 998 2035 B.
1101 1999 1187 2035 158.
1216 1998 1427 2046 uirginitatis
1453 2008 1542 2033 aeae
1563 1991 1609 2032 Σ.

219 2052 303 2087 159.
331 2048 476 2086 Cinthia
503 2051 575 2085 Er.
613 2049 736 2084 Cincia
755 2045 803 2084 Σ.
843 2060 913 2097 que
938 2060 1089 2084 munera
1114 2061 1181 2085 ms
1199 2060 1272 2085 ma.
1291 2059 1347 2096 pr.
1371 2059 1449 2084 sex.
1485 2045 1611 2083 federa

168 2104 213 2138 E.
253 2100 402 2137 saedera
431 2102 481 2137 D.
585 2100 669 2134 160.
707 2099 791 2134 mihi
817 2110 960 2147 semper
986 2099 1057 2135 eris
1087 2099 1205 2135 BGm
1233 2101 1292 2134 10.
1398 2099 1483 2135 161.
1518 2094 1609 2132 Fed.

166 2154 212 2189 E.
250 2151 364 2187 Faed.
386 2153 431 2188 D.
471 2161 544 2185 non
565 2148 712 2185 fortuna
729 2148 855 2185 suisset
872 2161 908 2198 p.
1015 2150 1099 2185 162.
1126 2150 1297 2185 mortales
1322 2159 1344 2183 a
1370 2148 1452 2184 ioue
1474 2146 1498 2183 h
1515 2144 1612 2181 alius

165 2207 200 2238 et
218 2201 271 2238 ed.
285 2200 457 2244 Medium
484 2202 507 2235 8
523 2211 606 2237 παν.
617 2210 686 2235 sor.
713 2199 796 2234 ioue
816 2210 960 2236 carmen
976 2195 1023 2237 Σ.
1125 2201 1211 2236 163.
1240 2198 1336 2235 feras
1353 2197 1450 2234 siluis
1467 2195 1612 2245 phoebe

163 2251 186 2287 b
213 2253 366 2300 quinque
391 2255 424 2287 et
449 2254 535 2286 uett.
563 2248 616 2285 ed.
666 2248 786 2298 phebe
812 2251 907 2287 DE.
1021 2250 1107 2285 164.
1146 2250 1226 2299 plus
1253 2249 1323 2284 iam
1349 2245 1505 2284 medium·
1534 2247 1612 2281 Bm

168 2307 255 2341 treS.
295 2301 412 2338 medio
444 2301 472 2337 G
493 2311 575 2336 nar.
597 2311 667 2336 ser.
712 2306 858 2335 tenente
885 2299 1006 2348 polum
1032 2311 1140 2336 nunus.
1245 2298 1330 2336 165.
1355 2297 1405 2333 Vt
1431 2296 1528 2332 uexit
1555 2294 1612 2330 lu-

166 2364 245 2387 cem
272 2364 309 2388 m
334 2363 408 2388 ma.
427 2362 486 2400 pr.
591 2351 674 2386 166.
703 2356 782 2385 erat
807 2356 912 2398 aptus
940 2352 991 2386 N.
1094 2351 1180 2388 167.
1207 2349 1286 2385 Hac
1310 2343 1499 2384 DEOA
1510 2341 1616 2382 MN

171 2399 366 2451 PHEbp
393 2404 415 2437 3
443 2400 622 2444 §andeolum
650 2412 686 2436 m
710 2411 793 2436 ιιιιν.
811 2411 881 2436 εον.
932 2401 1033 2436 Haec
1057 2400 1093 2436 A
1121 2411 1195 2436 ηια.
1216 2409 1270 2447 pr.
1297 2396 1340 2433 A
1363 2408 1436 2432 ma.
1452 2407 1521 2432 sec.
1547 2406 1615 2431 ms

169 2451 345 2488 tredecim.
397 2449 524 2501 tegeea
561 2451 590 2487 G
613 2462 688 2487 ma.
707 2461 776 2487 sec.
801 2461 838 2486 m
863 2463 937 2488 ηια.
958 2462 1026 2486 sec.
1079 2456 1184 2498 tegea
1208 2442 1614 2494 ABDEFPHAp.

170 2501 302 2549 thegea
327 2501 444 2547 Abs.
487 2502 650 2537 lauamur
677 2499 746 2546 Of.
851 2503 936 2537 168.
973 2501 1086 2536 Erub.
1113 2499 1190 2535 solo
1217 2498 1308 2546 uirg.
1339 2498 1384 2533 Τ.
1423 2495 1516 2532 salso
1542 2507 1614 2531 no-

169 2552 272 2587 minis
295 2563 316 2586 s
342 2554 403 2587 40.
508 2553 592 2588 169.
627 2551 708 2587 Dix.
735 2551 824 2588 haee
849 2550 998 2600 nymph.
1025 2550 1061 2586 A
1078 2550 1121 2593 (t.
1143 2549 1275 2594 Gran.)
1295 2542 1418 2584 GFA
1430 2543 1616 2593 R’Pbyb

171 2612 271 2650 mps
296 2603 320 2637 8
339 2600 475 2647 (Cios.)
502 2602 632 2649 uiginti
657 2605 690 2637 et
712 2599 765 2637 ed.
785 2600 956 2646 Mediol.;
983 2603 1018 2637 Ε
1039 2610 1122 2635 enar.
1141 2609 1211 2634 scr.
1255 2597 1339 2634 Dix.
1367 2596 1435 2634 hoe
1461 2594 1614 2645 nymph.

171 2662 209 2688 m
232 2662 398 2689 enarum.
426 2656 459 2687 et
481 2651 562 2688 edd.
590 2663 686 2689 saec.
704 2662 779 2690 xv.
821 2651 960 2701 nimph.
989 2652 1063 2687 Er.
1108 2647 1233 2697 ninpb.
1262 2649 1312 2684 D.
