1685 2954
125 57 210 103 264
637 43 641 49 ³
688 69 1002 104 rasronvm

235 173 363 226 Pone,
392 176 489 213 tuus
516 181 678 225 sospes,
707 171 820 225 dixit,
849 173 1034 213 alumnus
1062 170 1151 214 erit.

182 240 366 282 Venerat
393 239 446 280 ad
477 251 618 280 cunas.
656 239 809 280 flebant
836 243 1045 294 materque
1072 247 1283 295 paterque.

239 307 387 348 Sistite
414 319 491 348 uos
519 308 717 359 lacrimas,
746 308 838 360 ipsa
864 307 1069 361 medebor,
1099 307 1168 349 ait.

184 374 375 414 Protinus
403 374 571 414 arbutea
599 380 743 427 postes
773 380 836 415 ter
865 375 904 415 in
933 375 1071 415 ordine
1101 374 1236 428 tangit
1490 380 1567 417 155

239 440 414 494 Fronde,
443 447 506 481 ter
536 441 705 481 arbutea
734 442 871 482 limina
898 441 1041 482 fronde
1070 449 1197 483 notat.

181 507 353 561 Spargit
381 508 499 562 aquis
525 507 673 560 aditus,
703 514 746 548 et
775 521 907 562 aquae
937 509 1192 550 medicamen
1219 510 1439 564 habebant,

239 577 432 629 Extaque
460 574 513 614 de
540 587 666 627 porca
696 576 822 616 cruda
849 577 1071 616 bimenstre
1101 582 1227 621 tenet.

182 643 321 696 Atque
349 644 420 696 ita,
448 643 585 683 noctis
613 655 730 694 aues,
759 640 869 681 extis
898 642 1132 694 puerilibus,
1160 642 1302 697 inquit,

239 709 417 751 Parcite.
455 722 526 763 pro
553 721 681 762 paruo
709 707 879 748 uictima
908 721 1034 760 parua
1063 708 1186 750 cadit.
1492 718 1572 753 160

183 776 267 818 Cor
294 790 365 830 pro
397 777 532 828 corde,
563 788 720 829 precor,
748 788 820 828 pro
849 774 961 814 fibris
990 776 1139 816 sumite
1167 777 1311 819 fibras:

236 844 358 885 Hanc
384 845 557 885 animam
586 843 704 884 uobis
730 855 803 894 pro
833 843 999 882 meliore
1028 842 1186 885 damus.

182 911 256 952 Sic
283 912 352 951 ubi
379 912 533 964 libauit,
557 916 751 964 prosecta
780 910 856 950 sub
886 910 1055 950 aethere
1083 907 1210 962 ponit,

237 976 399 1031 Quique
427 985 572 1020 assunt
600 977 744 1031 sacris,
775 978 981 1030 respicere
1010 978 1077 1017 illa
1104 983 1232 1018 uetat.

181 1045 396 1100 Virgaque
423 1046 572 1087 Ianalis
601 1046 654 1086 de
684 1047 803 1099 spina
831 1046 992 1098 ponitur
1021 1045 1112 1086 alba
1495 1053 1571 1090 165

239 1111 331 1163 Qua
357 1113 494 1153 lumen
523 1112 714 1153 thalamis
740 1125 868 1166 parua
892 1114 1075 1154 fenestra
1104 1111 1238 1153 dabat.

180 1179 286 1221 Post
314 1181 411 1221 illud
438 1194 518 1221 nec
547 1193 650 1221 aues
680 1193 810 1221 cunas
846 1179 1027 1222 uiolasse
1063 1181 1257 1234 feruntur,

236 1249 293 1288 Et
321 1248 441 1289 rediit
468 1261 594 1300 puero
625 1248 694 1301 qui
721 1248 798 1288 fuit
826 1253 937 1300 ante,
967 1249 1088 1288 color.

181 1315 358 1369 Pinguia
385 1327 458 1355 cur
484 1315 564 1355 illis
594 1320 812 1368 gustentur
835 1315 951 1355 larda
978 1315 1180 1367 kalendis,

237 1383 454 1436 Mixtaque
483 1395 576 1424 cum
606 1382 737 1423 calido
767 1381 823 1423 sit
851 1383 948 1423 faba
977 1383 1094 1435 farre,
1123 1379 1281 1436 rogas?
1493 1387 1572 1423 170

179 1476 264 1514 152.
298 1475 402 1514 Pone
426 1483 528 1513 tuum
554 1479 720 1515 P2029.
769 1483 852 1514 tuus
885 1477 973 1514 dixit
998 1489 1123 1527 sospes
1149 1474 1259 1514 AN.
1304 1489 1428 1526 sospes
1459 1477 1574 1527 inquit

127 1527 272 1576 (inquid
293 1530 344 1574 E)
370 1529 418 1565 al.
446 1529 592 1575 EF'1'9
611 1539 691 1564 senc.
730 1528 922 1583 alumpnus
950 1530 1042 1565 EG.
1148 1529 1233 1563 153.
1261 1539 1368 1563 canas
1393 1539 1414 1565 r
1430 1539 1504 1564 ma.
1515 1540 1572 1577 pr.

126 1578 238 1614 flebat
265 1580 428 1626 quinque.
477 1578 562 1614 fieb.
590 1585 796 1628 matresque
822 1582 1017 1628 patresque
1042 1590 1073 1614 s.
1179 1577 1264 1614 154.
1297 1577 1384 1613 laer.
1413 1577 1490 1627 ipse
1514 1577 1572 1625 fs.

179 1627 265 1664 155.
293 1629 370 1664 arb.
398 1633 538 1676 postem
565 1634 622 1664 ter
647 1628 726 1665 ord.
755 1641 785 1665 r.
832 1636 926 1677 post.
946 1641 998 1678 gx
1025 1626 1108 1663 ord.
1135 1629 1181 1664 E.
1227 1633 1349 1676 postes
1376 1628 1469 1664 inter·
1493 1628 1573 1664 ord.

125 1691 163 1715 m
180 1689 253 1714 ma.
270 1690 327 1726 pr.
376 1678 455 1714 ord.
482 1679 570 1714 texit
594 1690 701 1715 unus.
807 1681 891 1715 156.
930 1684 986 1714 ter
1013 1690 1081 1714 om.
1098 1689 1130 1714 r.
1184 1678 1261 1713 arb.
1296 1677 1430 1714 lumina
1454 1681 1573 1716 Επια.

125 1740 182 1778 pr.
199 1730 279 1765 Pa.
321 1728 367 1764 fr.
387 1729 478 1776 tegit
497 1728 584 1773 ‹luo;
617 1726 834 1766 ‘ituanscna
939 1729 1024 1765 157.
1051 1728 1201 1777 Spargit
1227 1729 1264 1763 in
1282 1739 1357 1764 ras.
1374 1741 1423 1765 m.
1459 1729 1574 1778 Spar-

125 1779 173 1815 sit
191 1780 235 1814 N
239 1790 275 1826 9.
316 1785 352 1815 et
378 1790 474 1827 quae
491 1778 586 1814 med.
609 1776 708 1814 (1227
721 1781 769 1814 34
786 1781 945 1816 Marsus
963 1780 999 1814 ἱη
1018 1777 1073 1814 cd.
1092 1777 1243 1815 Mediol.
1349 1781 1433 1817 158.
1461 1791 1573 1829 porco

127 1826 183 1866 A.
223 1829 420 1865 bimonstre
449 1830 495 1865 G.
536 1840 587 1864 cr.
614 1829 766 1866 bimatre
791 1832 826 1865 P
844 1834 877 1865 et
899 1827 1119 1865 ²meuscr.
1159 1828 1326 1864 bimestre
1356 1826 1462 1865 (thb.
1496 1832 1574 1866 Re·-

128 1879 247 1928 liquos
272 1891 370 1916 meos
399 1884 433 1916 et
458 1880 680 1915 Heinszanos
709 1881 748 1916 in
773 1879 843 1916 hac
869 1891 955 1916 uoce
980 1890 1119 1927 sequor.
1225 1880 1309 1915 109.
1341 1885 1436 1916 noct.
1463 1879 1575 1916 habes

126 1932 190 1965 33.
236 1929 362 1978 inquid
389 1932 435 1966 E.
541 1931 627 1967 160.
662 1941 777 1978 paruo
804 1932 842 1966 in
860 1942 935 1967 ras.
952 1941 999 1965 m.
1044 1941 1110 1978 pro
1137 1940 1252 1978 puero
1276 1927 1326 1966 A
1345 1929 1427 1975 dato.
1466 1929 1574 1966 cadet

126 1976 220 2015 ΕΣ.
272 1979 389 2028 parua
421 1979 530 2015 datur
553 1977 663 2016 A12
674 1982 737 2016 20.
850 1982 934 2016 161.
974 1991 1095 2028 praec.
1123 1982 1214 2016 DE.
1262 1979 1343 2016 fibr.
1371 1980 1469 2017 linite
1493 1980 1574 2016 fibr.

126 2029 212 2066 duo.
317 2031 400 2066 163.
429 2030 592 2079 proiecta
618 2029 650 2066 b.
697 2029 846 2066 aethera
866 2033 916 2067 M
923 2032 966 2066 N
987 2041 1083 2066 unus
1099 2034 1133 2066 et
1150 2030 1242 2066 alter
1258 2034 1292 2066 et
1307 2034 1392 2067 uett.
1413 2030 1468 2068 ed.
1507 2031 1574 2067 sub

125 2091 286 2128 aequore
311 2092 344 2116 s.
396 2081 463 2115 sub
494 2092 578 2116 aere
605 2092 643 2125 ες
669 2092 689 2116 s
706 2092 787 2116 nar.
805 2092 876 2117 scr.
988 2081 1074 2115 164.
1111 2080 1290 2129 Quaeque
1320 2078 1372 2116 Φ.
1416 2083 1490 2125 Ita,
1517 2092 1574 2118 as-

123 2137 209 2166 sunt
234 2131 358 2177 sacris,
390 2127 883 2179 BDFGOEANAbp44
904 2130 1114 2179 quindecim.
1156 2130 1287 2167 adsunt
1312 2131 1422 2167 sacris
1447 2130 1573 2176 Eefr.

124 2192 199 2229 que
223 2180 378 2216 aderun't
403 2192 496 2218 sacr.
529 2183 572 2216 Τ.
617 2193 688 2229 que
715 2181 846 2217 adsunt
871 2180 1034 2217 homines
1060 2191 1156 2229 resp.
1187 2177 1234 2219 Σ.
1275 2192 1347 2229 que
1372 2181 1480 2218 sacris
1504 2179 1576 2216 ad·-

121 2236 206 2266 sunt
231 2242 328 2279 resp.
359 2230 388 2267 G
395 2227 445 2266 H
451 2232 497 2266 17
517 2232 681 2278 quinquo.
721 2242 794 2280 que
821 2230 940 2267 adsint
965 2243 1057 2267 sacr.
1084 2231 1212 2279 reliqua
1228 2233 1355 2280 scripti.
1373 2236 1406 2268 et
1420 2229 1571 2267 uett.ed.

122 2292 216 2317 sacr.
244 2281 451 2330 prospicere
478 2283 528 2316 20
554 2280 639 2317 (luo.
691 2294 788 2330 resp.
817 2287 900 2317 exta
929 2288 1003 2317 uet.
1032 2278 1079 2317 Σ.
1183 2282 1269 2318 165.
1297 2282 1423 2317 iunaiis
1447 2292 1571 2317 mma.

122 2342 180 2378 pr.
227 2343 298 2379 que
325 2331 449 2367 naialis
470 2332 532 2366 27.
567 2333 641 2375 Ita,
667 2333 829 2380 ponitur,
857 2328 1054 2367 ΒΛΝΠ
1066 2329 1494 2380 Phyrrum-semim&
1511 2332 1573 2367 ui-

120 2382 215 2428 9ὶη1ῑ
241 2380 328 2426 ‹11103
358 2379 712 2419 GMPAuar.scr.
749 2394 804 2430 sp.
831 2383 1027 2418 sumittitur
1052 2383 1134 2417 alba
1161 2385 1342 2430 Ema.pr.
1379 2393 1435 2429 sp.
1462 2380 1572 2416 sumi-

124 2437 186 2466 tur
221 2431 350 2478 'roliqui
374 2433 513 2479 scripti,
541 2433 575 2467 Ε
594 2444 618 2467 a
644 2436 854 2478 correctore,
881 2431 900 2467 b
918 2436 1029 2469 titur.
1044 2444 1114 2469 scr.
1142 2437 1176 2469 et
1198 2435 1282 2467 vett.
1300 2430 1353 2466 ed.
1408 2430 1573 2466 subditur

123 2482 215 2518 coni.
247 2480 392 2528 Vlztius,
419 2481 508 2528 fort.
534 2485 637 2518 recte.
688 2494 775 2531 pon.
804 2482 852 2518 illi
886 2480 936 2519 Ψ.
1053 2484 1137 2518 167.
1171 2481 1258 2517 Post
1283 2481 1380 2516 illam
1410 2478 1462 2517 Φ.
1519 2480 1570 2516 ill.

121 2541 243 2579 neque
269 2528 359 2575 (Οἳ)
385 2536 472 2568 uett.
495 2530 550 2568 cd.
664 2534 749 2568 169.
787 2539 977 2580 gustantur
1005 2534 1134 2569 13620
1159 2531 1286 2567 decem.
1334 2531 1434 2579 larga
1459 2542 1480 2567 r
1496 2542 1570 2567 ma.

123 2592 181 2628 pr.
219 2580 288 2676 call.
313 2592 343 2616 ο.
447 2583 532 2618 170.
560 2594 632 2632 que
651 2594 721 2619 om.
742 2585 777 2620 Ε
790 2595 864 2619 tna.
878 2595 934 2632 pr.
972 2595 1044 2632 que
1063 2594 1126 2618 cur
1142 2581 1211 2619 cal.
1229 2582 1291 2618 34.
1331 2581 1398 2619 cal.
1419 2581 1460 2618 fit
1485 2585 1570 2618 vrot-

123 2641 229 2680 rogas
279 2658 288 2667 .
1509 2643 1512 2646 ·
