1685 2954
589 63 820 94 PROPERTII
849 62 930 94 1213.
961 62 989 90 V
1354 59 1515 100 ccxmx

75 167 221 207 ntenabr.
249 167 337 208 liber
362 167 517 217 optimus
548 168 582 201 et
615 167 780 201 accurate
803 163 972 211 scriptus.
1025 163 1142 200 Versu
1168 162 1193 198 9
1221 159 1390 199 substulit
1417 161 1516 199 Gro-

78 232 282 281 ninganus,
304 230 366 279 qui
390 228 472 265 olim
501 226 671 263 Sambuci
697 225 864 262 Pannon.
892 231 928 261 et
954 226 997 264 A.
1023 225 1165 262 Schotti
1189 215 1270 262 fuit.
1323 223 1440 260 Versu
1466 225 1514 260 33

78 293 226 342 ascripsi
260 291 387 327 doctae
421 287 645 324 Laclimanni
681 286 909 322 coniecturae
946 286 1064 323 locum
1091 287 1168 323 Cic.
1195 299 1264 337 pro
1289 285 1414 322 Plane.
1440 296 1472 320 c.
1491 286 1516 322 8

79 357 118 401 §.
142 356 208 390 19:
243 365 262 390 e
292 350 522 402 praefectura
547 349 693 386 Atinati
718 368 768 374 —-
793 359 864 383 non
890 351 968 384 tam
992 347 1211 385 suburbana.
1266 346 1432 385 Bouillae
1463 350 1517 382 est

78 416 115 452 in
148 415 308 464 margine
341 412 422 449 cod.
449 411 554 449 Leid.
581 423 618 447 n.
644 412 716 457 82,
755 408 908 446 vovillae
940 409 977 444 in
1003 409 1107 445 Leid.
1135 422 1171 446 n.
1194 413 1260 457 13,
1294 407 1451 446 nou'illae
1479 407 1517 443 in

78 476 182 514 Leid.
212 488 248 511 n.
267 476 330 522 43,
358 486 404 511 ne
428 474 638 511 Burmanno
666 470 806 508 credas.
857 471 962 508 Vers.
984 470 1031 508 65
1059 470 1193 507 Scand.
1225 473 1385 520 quisquis
1410 471 1518 507 etiam

79 538 139 575 ed.
166 537 356 587 princeps,
391 548 499 585 quam
526 533 686 580 contuli,
720 533 806 569 anni
834 533 943 569 1472.
997 532 1101 569 Vers.
1121 535 1165 568 71
1196 539 1250 569 est
1275 532 1517 568 difficillimus.

79 599 119 635 ln
145 598 380 646 Groningano
412 596 639 634 Schraderus
673 591 862 631 annotauit
896 607 989 643 uaye
1025 593 1139 631 dicere
1170 595 1356 643 Properti,
1391 594 1519 630 omissa

79 670 172 696 uoce
202 658 307 705 facta
338 659 506 695 editionis
539 657 813 694 Plantinianae:
852 657 1019 693 Heinsius
1052 656 1129 692 siue
1164 656 1282 705 potius
1308 654 1520 692 Franciscus

78 720 223 757 Modius
247 721 332 757 nihil
359 720 594 757 indicauerat.
633 718 756 755 Potuit
776 717 944 754 excidere
970 718 1223 767 compendium
1245 716 1397 752 uoculae
1423 714 1520 764 quid,

80 782 179 832 quod
205 783 246 820 fit
271 795 315 820 ex
341 796 362 832 q
389 788 426 819 et
451 781 475 817 d
501 782 706 828 contractis,
736 780 792 816 uel
820 780 926 816 etiam
954 780 1156 816 coalescere
1182 791 1263 814 cum
1290 776 1523 827 praecedenti

81 845 220 892 uerbo,
256 851 296 881 ut
330 844 492 881 fortassis
528 842 659 879 suerit:
703 840 930 890 imprudens,
969 841 1028 877 uel
1063 840 1148 889 quid
1183 840 1298 877 dicere
1329 837 1522 888 Properti?

79 905 185 943 vers.
212 908 260 943 73
296 907 331 942 in
363 906 540 955 scriptura
567 903 817 952 Groningani,
854 901 1160 951 quemadmodum
1196 907 1343 938 notatur
1379 913 1400 937 a
1438 901 1522 938 uiris

81 966 292 1005 doctissimis
317 967 549 1004 Lachmanno
575 972 613 1003 et
636 965 782 1011 Iacobo,
811 963 980 1009 lacrymis
1007 963 1117 1000 fuisse
1145 963 1307 1000 uidetur:
1343 961 1522 999 Guelfer-

81 1029 216 1078 bytana
242 1036 297 1066 est
322 1029 428 1065 etiam
462 1030 498 1064 in
532 1027 589 1064 ed.
616 1028 748 1076 princ.,
776 1025 840 1062 sed
868 1025 1065 1062 lachrimas
1090 1031 1127 1062 et
1154 1025 1298 1062 aduers.
1350 1025 1389 1061 In
1415 1023 1521 1062 Leid.

82 1102 120 1129 n.
141 1092 209 1127 43:
236 1091 402 1127 Accersis
427 1090 596 1136 lacrymis
621 1088 796 1125 charitas.
850 1088 943 1123 Hinc
969 1088 1164 1134 elicuerim,
1191 1086 1253 1123 sed
1280 1085 1421 1122 timide:
1444 1086 1525 1123 Ar-

81 1153 192 1188 cessis
218 1151 333 1188 latias
359 1164 505 1188 causas.
552 1151 741 1188 Arcessere
767 1154 992 1198 armamenta,
1017 1148 1187 1196 fabulavit
1213 1153 1267 1184 est
1293 1147 1392 1197 apud
1419 1148 1524 1185 Cice-

81 1224 208 1249 ronem
241 1219 278 1249 et
303 1212 536 1259 Petronium,
571 1212 643 1249 uid.
670 1212 845 1258 Forcell.,
877 1216 993 1261 petere
1019 1222 1152 1248 causas
1187 1210 1222 1246 in
1249 1209 1376 1246 eadem
1403 1222 1443 1247 re
1468 1214 1524 1248 est

82 1272 158 1311 Ou.
177 1273 262 1310 fast.
283 1276 422 1323 1,465;
442 1275 478 1319 5,
490 1275 575 1311 350.
614 1273 717 1310 Vers.
738 1276 784 1309 81
806 1275 964 1322 precium
983 1279 1019 1310 et
1046 1284 1142 1309 uerS.
1161 1273 1210 1308 99
1229 1283 1382 1317 cynyrae
1402 1271 1521 1309 Gron-

82 1340 166 1372 test.
183 1335 388 1372 Scliraderi.
433 1336 537 1373 Vers.
557 1338 627 1372 103
656 1334 760 1372 libiae
785 1335 881 1371 idem
907 1341 999 1371 teste
1018 1333 1162 1380 eodem,
1187 1332 1252 1368 sed
1279 1334 1375 1382 uulg.
1398 1333 1522 1370 Heins.

82 1395 188 1433 Vers.
209 1399 280 1433 109
307 1396 427 1433 calcas
454 1398 570 1434 Gron.
610 1397 715 1433 Vers.
737 1400 807 1432 121
835 1409 916 1446 pen.
936 1396 1032 1433 aedit
1058 1397 1173 1433 Gron.
1218 1394 1324 1432 vers.
1345 1396 1416 1431 142
1438 1398 1524 1432 erit:

82 1456 170 1494 haec
189 1457 306 1494 Gron.
328 1463 409 1495 test.
426 1458 531 1495 Schr.
571 1459 675 1496 Vers.
695 1459 767 1494 146
793 1461 913 1507 prima
934 1459 1051 1495 Gron.
1068 1463 1152 1496 test.
1168 1457 1290 1493 Heius.
1324 1456 1437 1497 ,Vers.
1453 1458 1526 1494 149

84 1529 216 1555 cantum
241 1519 408 1556 Peri-eius
433 1533 505 1557 non
532 1520 626 1557 salso
652 1527 809 1558 testante
835 1521 1059 1557 Burmanno.

186 1579 245 1616 El.
264 1584 304 1627 2,
332 1592 426 1617 uers.
449 1585 472 1617 2
505 1584 611 1630 siqua
635 1581 790 1630 petenda
823 1582 881 1619 ed.
909 1584 1023 1632 princ.
1082 1582 1187 1619 Vers.
1210 1581 1233 1618 5
1266 1581 1373 1617 unice
1398 1593 1528 1618 uerum

87 1641 249 1678 existimo
275 1643 352 1678 Nec
376 1653 432 1678 me
464 1642 570 1679 turba
604 1650 755 1692 propter
787 1644 959 1680 sacellum
993 1650 1076 1694 post
1112 1644 1295 1681 basilicam
1326 1643 1452 1680 Iuliam
1489 1648 1528 1680 et

87 1715 232 1739 uersum
252 1703 466 1752 proximum.
507 1704 739 1753 Quamquam
765 1705 905 1743 alumni
931 1719 966 1742 u.
988 1708 1012 1742 9
1039 1706 1208 1742 uidentur
1227 1717 1306 1742 esse
1326 1705 1393 1741 uici
1413 1705 1527 1742 Tusci

86 1765 240 1803 incolae.
292 1763 397 1800 vers.
419 1767 464 1799 11
483 1776 538 1813 sq.
566 1765 870 1813 quemadmodum
898 1779 1041 1817 semper
1065 1767 1246 1813 intellexi,
1279 1777 1353 1802 non
1385 1765 1527 1814 dubito,
1563 1805 1565 1807 ,

86 1827 173 1877 quin
208 1824 348 1875 pridem
379 1824 633 1861 Lachmannus
665 1832 703 1862 et
733 1827 884 1863 Iacobus
916 1840 979 1864 uu.
1006 1827 1078 1864 dss.
1107 1828 1333 1877 acceperint:
1369 1827 1527 1876 reliquos
1560 1846 1563 1850 ·

88 1887 246 1925 editores
266 1899 338 1922 non
358 1886 472 1923 multo
494 1887 606 1936 pluris
631 1880 793 1936 fecerim,
820 1889 849 1925 si
876 1889 910 1925 in
934 1889 1028 1926 idem
1048 1889 1249 1934 inciderint,
1276 1887 1374 1938 quod
1393 1889 1527 1934 nescio,
1562 1891 1565 1900 '

86 1960 207 1999 neque
232 1954 335 1998 pute.
378 1949 589 1996 Praecipere
612 1948 772 1995 fructum
798 1957 852 1986 est
878 1950 1010 1988 docere
1035 1950 1218 2000 quomodo
1244 1950 1384 1986 fructus
1410 1951 1528 1999 perci-

87 2011 222 2060 piatur.
275 2010 329 2045 Ita
363 2009 462 2058 apud
489 2008 661 2046 Ouidium
688 2012 819 2059 6‚256
852 2012 950 2050 mdlo
975 2014 1215 2062 praecipiente
1247 2017 1302 2048 est
1335 2012 1435 2049 nullo
1460 2012 1529 2049 do-

29 2070 36 2076 '
88 2077 202 2116 cente,
229 2083 298 2107 nec
323 2070 491 2106 dissimile
519 2083 615 2108 uuae
640 2077 854 2110 commentor
880 2074 1006 2120 3‚785
1033 2086 1054 2110 a
1080 2079 1307 2124 praeceptore
1329 2074 1528 2119 fructuum.

87 2135 244 2171 Fructus
272 2133 458 2169 Veracmnz
489 2144 592 2170 sacer
627 2141 682 2170 est
718 2141 757 2171 ut
793 2137 939 2172 Veneris
963 2148 1072 2173 sacra
1103 2137 1257 2183 Cythera
1292 2134 1367 2173 Ou.
1394 2136 1433 2182 4,
1454 2137 1529 2172 286

87 2194 286 2232 secundum
314 2194 428 2230 bonos
454 2193 582 2231 libros:
610 2194 806 2245 disputauit
832 2197 878 2233 de
904 2197 971 2233 hac
997 2204 1179 2235 structura
1205 2198 1371 2234 Heinsius
1397 2197 1530 2246 princi-

86 2258 149 2307 pio
170 2256 474 2293 aduersariorum.
516 2257 593 2293 Iam
620 2269 707 2293 uero
734 2258 986 2307 corrigendum
1008 2261 1170 2296 existimo
1191 2259 1333 2297 creditis
1359 2271 1426 2308 pro
1452 2270 1531 2296 cre-

87 2318 199 2356 didit:
225 2318 381 2355 creditur
401 2318 533 2354 nullius
546 2325 613 2355 est
639 2320 760 2368 pretii.
801 2320 912 2363 Quod
931 2320 1186 2358 Laclimannus
1212 2322 1307 2358 male
1333 2320 1530 2357 cohaerere

87 2380 254 2430 proxima
279 2379 437 2429 scripsit:
471 2382 574 2417 Nam
605 2392 712 2417 uersa
739 2383 786 2417 19
821 2382 1007 2420 mendacia
1040 2383 1199 2433 appellat
1229 2395 1322 2432 quae
1354 2387 1464 2419 antea
1489 2386 1531 2418 ut

88 2441 291 2491 probabilia
322 2446 514 2491 posuerat:
548 2442 618 2478 hoc
652 2442 768 2492 ipsum
803 2445 1007 2493 putauerim
1041 2443 1196 2494 pulchre
1228 2446 1424 2481 conuenire
1459 2443 1529 2480 deo

87 2503 211 2551 iniquo
238 2504 367 2540 Horat.
385 2509 452 2540 sat.
473 2507 511 2552 1,
529 2506 569 2553 7,
588 2504 649 2540 14.
691 2503 795 2540 Vers.
815 2508 862 2540 21
896 2507 1088 2555 Opormma
1112 2506 1228 2544 Gron.
1270 2507 1376 2544 Vers.
1392 2506 1440 2542 25
1467 2508 1531 2542 Da
1566 2494 1581 2534 s

93 2561 236 2608 facilem
261 2565 378 2602 Gron.
395 2571 477 2602 test.
495 2565 600 2603 Schr.
644 2566 748 2603 Vers.
765 2567 815 2602 39
840 2569 1030 2605 Pastorem
1056 2567 1222 2606 baculum
1247 2581 1315 2618 pro
1341 2567 1529 2618 pastorali,

95 2628 136 2660 ut
160 2625 363 2664 ministrum
388 2626 462 2665 Ou.
490 2628 543 2666 lb.
560 2630 635 2667 287
660 2629 883 2679 acceperim,
910 2628 1043 2668 durare
1067 2643 1135 2682 pro
1161 2642 1290 2669 curare
1314 2629 1529 2680 scripserim.
