1685 2954
120 57 205 99 266
625 42 997 101 'naevorum

232 171 514 224 Defensorque
540 170 630 225 soli,
657 172 836 225 luppiter
861 172 957 224 alte,
987 169 1065 213 tui!

178 239 307 291 Vixit,
335 245 381 278 ut
408 238 617 279 occideret
641 238 857 279 damnatus
886 239 1052 280 crimine
1076 237 1212 293 regni:
1268 241 1271 244 “

232 307 355 346 Hunc
381 306 436 346 illi
465 307 625 347 titulum
653 307 777 360 longa
805 313 977 347 senecta
1006 307 1142 347 dabat.
1478 314 1556 350 190

177 374 270 414 Lux
299 373 444 413 eadem
470 373 594 414 Marti
621 374 729 414 festa
759 379 837 426 est,
867 387 986 427 quem
1015 376 1210 427 prospicit
1239 381 1356 416 extra

232 442 475 494 Appositum
505 448 643 482 tectae
672 447 787 494 porta
814 442 984 494 Capena
1012 443 1117 482 uiae.

175 510 240 549 Te
267 521 440 562 quoque,
471 510 731 562 Tempestas,
763 510 945 549 meritam
977 509 1142 550 delubra
1170 511 1354 562 fatemur,

232 576 337 617 Cum
365 589 472 628 pene
500 582 566 617 est
590 577 733 618 Corsis
762 578 905 616 obruta
929 577 1077 616 classis
1105 579 1234 630 aquis.

176 644 295 684 Haec
319 642 565 684 monimenta
589 649 734 696 patent
760 644 976 683 hominum.
1004 644 1040 683 si
1069 643 1298 695 quaerimus
1327 651 1448 698 astra,
1480 650 1558 685 195

232 712 350 751 Tunc
378 711 501 751 oritur
526 711 665 764 magni
693 722 868 763 praepes
896 710 1057 751 adunca
1084 710 1206 751 Iouis.

173 844 348 885 Postera
374 843 445 883 lux
473 841 646 896 hyadas,
675 842 860 883 taurinae
890 856 1041 884 cornua
1069 845 1226 898 frontis,
1284 863 1287 867 ·

230 913 406 963 Euocat,
435 916 478 951 et
506 910 634 951 multa
662 916 769 951 terra
797 911 999 953 madescit
1027 924 1144 966 aqua.

176 1044 304 1085 Mane
328 1044 398 1084 ubi
425 1042 489 1085 bis
516 1043 651 1097 fuerit,
679 1045 953 1100 Phoebusque
981 1046 1190 1087 iterauerit
1217 1052 1344 1100 ortus,

231 1112 446 1166 Factaque
474 1112 552 1153 erit
578 1112 714 1165 posito
741 1126 831 1153 rore
860 1114 924 1155 bis
951 1113 1032 1154 uda
1060 1127 1203 1170 seges,
1480 1118 1562 1153 200

177 1181 270 1222 Hac
298 1186 462 1220 sacrata
492 1180 557 1219 die
587 1181 726 1221 'rusco
753 1181 922 1222 Bellona
950 1181 1084 1223 duello

232 1247 403 1300 Dicitur,
432 1253 476 1288 et
502 1245 623 1287 Latio
650 1260 846 1301 prospera
873 1261 1036 1302 semper
1063 1249 1196 1289 adest.

175 1372 262 1408 188.
288 1373 364 1416 Ita,
390 1370 641 1419 Defensorque
665 1371 746 1417 soli,
774 1373 808 1407 D
825 1373 898 1408 Gs.
937 1371 1190 1420 Defensorque
1211 1370 1285 1420 poli
1306 1371 1380 1420 iup.
1401 1373 1446 1407 Ρ.
1489 1370 1565 1408 De-

122 1422 319 1470 fensor-que
339 1422 392 1457 sui
413 1421 488 1470 iup.
501 1433 550 1456 m.
588 1421 840 1470 Defensorque
860 1422 913 1458 tui
928 1422 950 1458 i.
970 1433 1003 1458 a.
1022 1422 1099 1458 solii
1117 1422 1199 1468 (soli
1218 1423 1267 1466 B)
1289 1418 1406 1458 ΒΕΔ
1421 1425 1565 1471 septem.

123 1473 380 1521 Defensorque
407 1473 458 1506 tui
485 1472 506 1508 i.
526 1482 561 1506 a.
589 1472 662 1520 poli
692 1474 736 1508 Τ.
776 1473 878 1521 iupp.
906 1473 1000 1508 alme
1027 1475 1242 1509 Buar.scr.
1282 1471 1464 1508 Defensor
1488 1472 1567 1508 solii

124 1524 284 1574 iuppiter
308 1522 460 1570 (iupiter
475 1518 579 1567 EA,
607 1523 738 1571 iopiter
757 1520 808 1567 P)
835 1525 976 1559 caeteri.
1015 1523 1089 1572 inp.
1118 1529 1201 1558 ante
1215 1520 1276 1558 A.
1316 1522 1418 1570 iupp.
1446 1522 1519 1558 alta
1532 1534 1566 1559 τ.

176 1575 260 1609 189.
296 1572 513 1622 dampnatus
539 1575 573 1609 E
593 1574 639 1608 G.
685 1585 762 1609 occ.
792 1581 954 1609 uersatus
987 1571 1037 1610 Ψ.
1087 1574 1188 1609 crim.
1223 1572 1322 1620 turpi
1355 1570 1414 1608 H.
1467 1571 1569 1608 crim.

123 1624 208 1661 maii
239 1621 291 1660 Ψ.
409 1624 493 1658 190.
527 1634 603 1660 sen.
638 1622 738 1659 dabit
770 1636 793 1671 p
812 1635 978 1661 uam-scr.
1104 1624 1190 1658 191.
1227 1623 1355 1659 eadem
1388 1622 1481 1659 festa
1513 1629 1570 1659 est

123 1675 230 1711 marti
257 1675 355 1710 DN.
405 1680 459 1708 est
485 1685 579 1721 quae
605 1676 707 1709 Eem
735 1679 889 1721 quatuor
914 1678 947 1710 et
972 1672 1050 1709 edd.
1076 1685 1170 1709 saec.
1192 1684 1266 1709 xv.
1315 1679 1370 1709 est
1395 1685 1503 1722 quam
1534 1674 1570 1710 G

124 1724 572 1778 ma.pr.bmu.pr.2044
592 1727 677 1760 tres.
789 1726 874 1761 192.
909 1724 1044 1773 Adpos.
1073 1726 1108 1760 E
1132 1735 1155 1760 α
1181 1728 1384 1768 correctore,
1411 1721 1458 1760 b?
1495 1723 1570 1760 Ad-

125 1776 286 1812 iunctum
312 1781 397 1810 tect.
427 1770 473 1809 Σ.
517 1775 653 1822 Appos·
682 1779 801 1810 rectae
833 1777 895 1823 Tp
907 1776 953 1810 41
978 1786 1106 1811 nouem
1130 1776 1222 1819 (tres
1240 1772 1406 1823 Neap.·.2)
1432 1779 1466 1810 et
1488 1773 1568 1811 edd.

125 1838 220 1863 saec.
238 1837 322 1872 xv3
353 1826 475 1861 Guar.
491 1835 558 1860 scr.
587 1837 611 1860 ιι
635 1827 757 1873 prima
776 1837 901 1862 manu.
926 1827 994 1870 (M
1005 1837 1088 1861 nar.
1104 1822 1218 1868 scr.‘?)
1256 1827 1392 1874 Appos.
1421 1825 1572 1861 dextrae

126 1879 171 1914 N
179 1888 201 1924 9
219 1888 294 1913 ma.
312 1887 369 1926 pr.
399 1878 422 1910 2
448 1879 481 1910 et
506 1874 666 1920 fortasse
689 1887 783 1911 tinus
811 1887 861 1912 an
886 1876 989 1912 alter.
1035 1875 1157 1912 Gloss.
1195 1875 1294 1912 Mars
1325 1887 1368 1912 .1.
1395 1875 1571 1924 templum

127 1928 252 1963 martis
284 1933 357 1962 stat
386 1933 483 1961 recta
515 1925 637 1962 fronte
669 1933 795 1962 contra
828 1938 1004 1975 capenam
1037 1932 1180 1975 portam
1211 1933 1247 1962 et
1279 1932 1333 1963 est
1360 1927 1572 1975 appositum

129 1985 232 2014 extra
258 1976 305 2012 ad
332 1976 427 2011 uiam
455 1982 587 2012 tectam
620 1988 714 2025 quae
746 1985 781 2012 et
811 1977 918 2014 hodie
952 1983 1006 2013 est
1032 1988 1132 2013 rome
1161 1978 1208 2012 D.
1252 1977 1324 2021 uie]
1353 1988 1462 2026 quam
1487 1976 1573 2012 fecit

128 2028 234 2077 apius
261 2029 306 2064 E.
412 2028 495 2062 193.
524 2026 602 2062 Nos
628 2027 692 2062 tibi
719 2033 913 2076 tempestas
940 2028 1068 2063 merito
1095 2026 1167 2063 del.
1190 2024 1237 2063 Σ.
1277 2027 1428 2063 delubra
1452 2026 1572 2063 saten-

130 2085 188 2115 tur
216 2075 273 2114 Π.
380 2078 463 2112 194.
493 2084 548 2113 est
573 2089 641 2114 om.
665 2080 714 2114 D.
752 2078 886 2114 chor-sis
913 2080 1008 2115 DG.
1050 2084 1105 2114 est
1130 2077 1195 2113 inis
1222 2078 1299 2114 obr.
1327 2074 1375 2114 Σ.
1417 2083 1473 2114 est
1498 2075 1573 2112 col·-

128 2128 205 2165 chis
228 2126 442 2165 visumar.
481 2139 573 2164 cors.
594 2135 697 2165 eruta
716 2129 858 2165 salsus.
895 2129 974 2165 obr.
995 2128 1129 2178 puppis
1148 2139 1254 2166 arnus.
1310 2141 1312 2143 ·
1357 2128 1442 2165 195.
1470 2127 1573 2162 Hanc

127 2191 158 2216 s.
202 2182 275 2223 Itu,
303 2191 401 2216 mon.
429 2179 606 2223 (monum.
637 2180 742 2225 DN)
770 2186 896 2229 patent
921 2179 1031 2223 hom„
1060 2180 1205 2215 DGN.
1258 2179 1358 2215 Haec
1389 2177 1574 2214 hominum

130 2237 363 2266 monumenta
389 2230 553 2274 (monim.
570 2230 650 2274 Er)
677 2237 803 2278 patent
830 2230 952 2278 (patet
969 2232 1005 2274 6,
1032 2230 1187 2278 probant
1203 2241 1313 2276 unus,
1338 2228 1469 2277 probet
1486 2223 1571 2271 «1110,

131 2281 310 2329 praebent
340 2281 369 2317 G
381 2291 462 2316 aar.
480 2291 562 2326 scr„
595 2287 742 2316 manent
768 2278 805 2316 E
824 2286 857 2317 et
875 2277 921 2316 H
938 2285 972 2317 et
990 2279 1060 2318 duo
1076 2290 1158 2316 παν.
1177 2281 1267 2325 sor.)
1291 2279 1429 2327 reliqui.
1473 2275 1570 2311 hom.

131 2333 246 2379 (pan)
273 2330 337 2366 sed
364 2342 426 2380 qu.
461 2331 494 2366 G
510 2335 594 2366 nott.
613 2329 667 2366 ed.
714 2331 743 2366 si
771 2333 942 2380 quaeritis
968 2334 1016 2367 33
1042 2335 1126 2366 tres.
1231 2331 1315 2367 196.
1345 2329 1433 2364 Cras
1459 2326 1574 2362 oritur

132 2383 323 2430 Ema.pr.
433 2382 518 2418 197.
555 2381 680 2416 hiadas
706 2383 752 2417 E.
800 2381 911 2429 yadas
945 2383 990 2418 G.
1037 2380 1173 2428 hyades
1198 2379 1260 2418 A.
1308 2377 1495 2415 thaurinae
1523 2377 1572 2417 D.

133 2438 228 2468 taur.
256 2432 290 2466 in
318 2443 418 2468 corn.
445 2429 465 2467 b
482 2443 555 2468 ma.
571 2436 638 2468 sec.
679 2444 779 2469 corn.
800 2432 910 2469 fontis
936 2431 954 2468 b
971 2443 1117 2480 nia-pr.
1222 2431 1305 2468 198.
1332 2427 1515 2463 madescet
1535 2427 1578 2462 N

133 2481 340 2528 fort-recte.
445 2483 528 2518 199.
557 2481 666 2518 Mane
692 2483 820 2519 u..bis
840 2485 889 2519 D.
926 2483 986 2519 ubi
1011 2483 1046 2517 h'
1058 2481 1166 2518 suerit
1184 2483 1220 2518 E
1230 2491 1304 2516 υια.
1318 2489 1374 2527 pr.
1417 2477 1478 2512 ubi
1503 2477 1574 2512 iam

134 2531 229 2570 fuer.
256 2536 343 2569 tres.
388 2530 526 2577 (ubiz)
551 2531 660 2569 suerit
686 2533 921 2583 phoebusque
948 2534 999 2569 bis
1025 2529 1179 2578 (itm-3)
1202 2532 1246 2566 P.
1285 2527 1491 2578 phoebique
1515 2523 1574 2564 H.

133 2594 206 2632 que
224 2582 412 2619 intranei-it
438 2583 467 2618 G
475 2585 509 2619 E
517 2583 841 2635 nta.pr.Ams20
855 2584 1017 2621 sedecim.
1120 2583 1205 2616 200.
1236 2581 1338 2616 Vers.
1354 2580 1393 2615 in
1407 2588 1526 2628 ηιανς.
1541 2587 1574 2614 r.

135 2646 209 2683 que
235 2641 313 2671 erat
337 2644 442 2669 rentes.
484 2645 562 2681 pos.
578 2634 674 2671 facta
692 2635 745 2671 bis
764 2636 802 2672 G.
844 2646 927 2672 rore
947 2634 982 2670 h’
994 2632 1065 2670 uda
1091 2634 1278 2679 Emmpr.
1382 2632 1469 2666 201.
1499 2627 1577 2664 Hoc
