1685 2954
593 141 964 177 L13.0v1NTvs
1225 182 1228 184 -
1420 124 1503 168 229

175 245 317 287 Causa
342 249 420 296 cst,
449 241 557 297 quod
585 242 777 283 Phoebes
805 253 876 282 ara
904 241 994 281 sine
1023 241 1119 296 igne
1147 241 1232 283 fuit.

117 312 300 364 Respice
330 309 581 351 Tantaliden.
621 310 767 350 eadem
797 309 875 350 dea
904 309 999 350 uela
1023 310 1210 350 tenebat:

172 378 303 433 Virgo
333 383 417 429 est,
459 382 503 416 et
540 383 703 429 spretos
738 377 801 417 bis
831 382 969 416 tamen
998 377 1084 417 ulta
1112 378 1240 418 focos.

117 445 340 500 Hippolyte
369 443 521 495 infelix,
551 445 682 484 uelles
711 443 890 484 coluisse
918 443 1076 484 Dionen

172 513 276 554 Cum
306 509 577 552 constematis
607 510 834 564 diripereris
866 511 994 562 equis.
1423 516 1502 549 310

115 582 261 634 Longa
288 579 437 619 referre
468 590 580 618 mora
610 584 678 618 est
708 584 892 618 correcta
923 576 1071 617 obliuia
1100 569 1268 618 damnis.

167 648 240 687 Me
269 658 431 699 quoque
458 645 631 686 Romani
659 646 904 698 praeteriere
932 650 1084 697 patres.

111 714 219 766 Quid
246 715 438 765 facerem,
468 727 540 766 per
569 713 677 766 quod
706 712 843 753 fierem
872 713 1090 753 manifesta
1120 710 1302 754 doloris?

164 782 387 836 Exigerem
414 787 579 821 nostrae
608 779 744 833 qualia
774 780 922 821 damna
952 777 1113 821 notae?

110 847 277 888 Excidit
306 847 483 888 officium
512 848 618 888 tristi
646 847 753 887 mihi.
794 849 902 888 nulla
931 848 1074 888 tuebar
1424 849 1501 885 315

167 916 291 967 Rura,
322 928 401 956 nec
428 916 468 955 in
498 915 626 967 pretio
655 914 799 955 fertilis
827 916 968 956 hortus
997 921 1094 956 erat.

112 982 213 1024 Lilia
242 981 491 1034 deciderant,
521 982 652 1023 uiolas
681 994 795 1022 arere
823 982 987 1023 uideres

167 1051 338 1104 Filaque
367 1051 531 1103 punicei
558 1049 752 1103 languida
781 1049 895 1090 facta
927 1049 1048 1090 croci.

112 1119 253 1170 Saepe
281 1116 378 1158 mihi
406 1117 638 1170 Zephyrus,
667 1116 788 1157 dotes
817 1129 1073 1170 corrumpere
1103 1115 1184 1157 noli

166 1187 263 1237 Ipsa
291 1190 398 1235 tuas,
431 1182 542 1224 dixit.
583 1184 658 1225 dos
688 1184 785 1224 mihi
814 1186 907 1226 uilis
934 1191 1033 1226 erat.
1422 1187 1501 1222 320

109 1252 332 1294 Florebant
362 1252 492 1302 oleae,
523 1253 637 1292 uenti
666 1264 844 1292 nocuere
872 1253 1072 1305 proterui:

165 1319 387 1361 Florebant
413 1323 601 1372 segetes,
630 1318 828 1373 grandine
856 1319 972 1360 laesa
1000 1319 1152 1360 Ceres:

55 1402 233 1440 thestiden
265 1404 311 1439 G.
369 1401 513 1438 testiad.
544 1404 691 1439 DEer.
752 1401 939 1438 testiadem
969 1398 1022 1438 Φ.
1077 1399 1290 1438 thestiadem
1323 1397 1406 1437 ΟΔ
1418 1397 1499 1449 Tp.

54 1455 188 1490 flamm.
214 1453 463 1502 praesentibus
496 1450 548 1490 Ψ.
587 1453 719 1488 flamm.
749 1452 958 1489 ardentibus
987 1456 1158 1501 quaterem
1187 1452 1216 1488 G
1231 1463 1399 1488 κακίων.
1439 1450 1501 1487 Gl.

54 1505 275 1552 meleagrum
306 1503 406 1538 cuius
439 1515 528 1539 auus
559 1502 628 1539 fuit
661 1503 783 1539 testias
812 1509 917 1552 pater
943 1503 1104 1552 plexippi
1130 1508 1168 1539 et
1194 1508 1322 1538 toxeae
1348 1504 1398 1537 D.

106 1556 191 1591 306.
221 1554 413 1602 Causaque
439 1552 536 1602 quod
560 1550 645 1590 GH
659 1553 740 1591 duo.
843 1555 927 1589 307.
958 1554 1086 1602 Aspice
1110 1564 1146 1600 9.
1188 1551 1400 1588 tantalidem
1417 1553 1452 1588 E
1461 1552 1497 1588 G

59 1601 113 1640 Φ.
154 1603 281 1640 eadem
308 1603 393 1639 dum
421 1604 500 1639 uela
520 1606 555 1640 E
568 1616 641 1640 rna.
657 1615 714 1652 pr.
754 1602 823 1639 dea
848 1604 920 1639 tela
940 1601 1035 1641 (DA
1048 1603 1133 1640 ΑΜ.
1149 1604 1254 1652 prim.
1273 1615 1343 1639 sec.
1380 1608 1408 1639 t.
1430 1613 1497 1638 ue-

56 1655 167 1691 hebat
196 1651 248 1690 (D.
359 1655 444 1689 308.
477 1661 589 1701 spret.
617 1654 707 1690 haec
733 1660 854 1689 tamen
887 1651 938 1691 Ψ.
992 1654 1067 1690 ulta
1093 1654 1189 1689 uiros
1214 1651 1262 1690 A
1289 1652 1398 1690 alius.

106 1705 193 1740 309.
230 1704 351 1739 Huius
375 1701 516 1739 distichi
541 1702 640 1739 diua.
667 1706 805 1752 scripu.
833 1705 872 1739 in
904 1703 1005 1741 codd.
1033 1703 1208 1749 Eutychis
1236 1714 1391 1751 gramm.
1417 1701 1500 1739 uide

57 1754 158 1803 apud
183 1753 348 1790 Lindem.
374 1764 410 1802 p.
428 1755 511 1788 189.
550 1753 700 1802 Ypolite
726 1751 858 1789 ΒΕΓ.
900 1754 1072 1802 Hypolite
1100 1755 1146 1790 G.
1187 1753 1316 1801 lpolite
1339 1764 1372 1789 r.
1412 1753 1497 1789 uell.

56 1805 207 1841 caluisse
239 1803 346 1839 dione
378 1815 412 1838 m
428 1814 502 1838 ma.
516 1815 572 1852 pr.
596 1806 713 1838 1220.
765 1802 908 1851 dionem
934 1800 1369 1850 DEGOEPHAT-ps.
1416 1802 1500 1839 dia-

56 1867 140 1891 nam
167 1852 369 1902 Γπιαφικ,
416 1853 558 1889 dionam
585 1865 737 1889 met-sec.
850 1855 937 1891 310.
974 1853 1082 1888 Tunc
1108 1865 1189 1887 cum
1215 1852 1400 1889 infrenatis
1426 1852 1497 1889 dir.

56 1904 118 1943 A.
166 1905 243 1941 Cur
275 1910 388 1939 const.
415 1902 446 1938 b.
499 1904 739 1939 consternacis
771 1904 816 1939 G.
874 1902 1086 1951 deripereris
1116 1900 1212 1938 ΦΓ.
1266 1902 1452 1951 deripieris
1477 1901 1499 1938 b

56 1968 132 1994 ma.
149 1966 205 2003 pr.
308 1957 392 1990 311.
427 1959 480 1989 est
506 1966 574 1989 om.
603 1953 634 1999 f.
683 1956 759 1999 Ita,
787 1959 962 1999 correcta,
986 1958 1060 1989 tres
1084 1954 1207 2000 ignoti.
1254 1952 1384 1988 collata
1409 1955 1497 1999 P33

62 2004 286 2042 Φαιακεον.
335 2004 464 2039 collem
498 2005 559 2039 28.
607 2003 756 2039 collecta
794 2004 920 2039 caeteri
946 2014 1077 2039 omnes.
1130 2003 1203 2038 obl.
1231 2003 1277 2037 ab
1303 2003 1405 2039 annis
1434 2002 1496 2039 15.

56 2055 222 2113 dampnis
247 2056 362 2091 EGr.
402 2053 539 2090 Gloss.:
566 2052 638 2090 obl.
661 2053 796 2097 damn]
825 2052 1020 2101 hypallage
1047 2054 1183 2088 Dr44.
1285 2056 1373 2089 312.
1403 2064 1496 2089 rom.

56 2102 293 2156 praeripuere
317 2116 442 2140 mma.
458 2116 514 2151 pr.
624 2106 710 2139 313.
748 2104 904 2139 facerem
914 2101 933 2138 ’.ἔ
963 2115 1029 2152 per
1056 2105 1101 2139 E.
1152 2114 1219 2151 per
1245 2102 1331 2151 qnid
1357 2100 1397 2138 Γ
1402 2114 1422 2139 r
1433 2104 1496 2138 20.

55 2168 124 2205 per
149 2166 243 2204 quae
269 2166 388 2190 mma.
402 2166 458 2203 pr.
477 2158 526 2189 22
548 2154 655 2191 alius.
695 2152 791 2202 quod
818 2153 940 2188 flerem
965 2164 988 2201 9
1005 2164 1077 2189 ma.
1092 2164 1148 2201 pr.
1169 2156 1257 2197 tres3
1289 2153 1410 2189 Guar.
1425 2164 1495 2189 scr.

55 2206 182 2243 manif.
207 2205 339 2240 suroris
365 2207 415 2240 M
438 2203 545 2241 alius.
657 2205 744 2239 314.
781 2203 975 2252 Exigerent
1000 2199 1118 2239 PHb
1135 2214 1189 2250 09
1205 2213 1275 2238 ms
1300 2202 1438 2250 aliquot
1463 2205 1498 2238 et

56 2256 143 2293 Διά.
161 2257 287 2304 prim.;
314 2257 528 2291 Euanscr.
568 2253 726 2305 dampna
752 2254 844 2290 EG.
883 2254 981 2302 qual.
1007 2253 1103 2290 dona
1125 2255 1335 2289 Bam-‚sen
1375 2252 1497 2289 Gloss.

56 2307 127 2344 Vel
157 2306 276 2355 qualia
311 2305 441 2340 damna
474 2306 520 2340 ab
538 2305 606 2340 ‘eis
639 2302 817 2352 exigerem
853 2309 997 2340 nostrae
1028 2309 1137 2339 notae
1168 2303 1192 2339 i.
1220 2314 1252 2339 e.
1279 2314 1346 2351 pro
1372 2307 1496 2339 nostra

57 2363 145 2392 nota
180 2363 220 2392 ut
249 2367 306 2391 me
337 2354 572 2391 notificarem.
620 2355 689 2391 Vel
723 2354 806 2403 quia
839 2365 897 2390 me
930 2354 1106 2390 notabant
1131 2352 1156 2388 i.
1183 2364 1217 2389 e.
1244 2353 1426 2389 ledebant.
1453 2357 1496 2388 ut

59 2407 127 2442 O—R.
153 2406 330 2442 fastidiret
356 2404 436 2440 olus
463 2406 523 2454 qui
551 2415 608 2440 me
639 2410 753 2441 notat.
782 2407 832 2440 D.
942 2404 1029 2440 315.
1060 2403 1180 2439 Exioit
1212 2401 1275 2439 off.
1302 2401 1415 2439 bma.
1435 2413 1493 2450 pr.
1534 2448 1536 2451 v

59 2455 210 2491 offitium
238 2459 290 2493 D.
330 2454 392 2492 off.
420 2456 503 2491 mihi
528 2455 618 2490 tristi
648 2456 677 2492 G
687 2458 730 2491 T.
778 2455 875 2490 nulla
902 2455 1069 2490 tenebam
1094 2431 1153 2488 If
1153 2454 1214 2489 41.
1264 2452 1362 2488 nulla
1390 2452 1495 2489 uide-

59 2505 126 2541 bar
150 2517 336 2557 vinnmpr.
376 2505 473 2542 nulla
501 2503 665 2541 uidebam
691 2516 797 2541 ianus.
885 2507 985 2541 ¹316.
1012 2505 1132 2553 precio
1160 2505 1209 2539 D.
1246 2503 1393 2551 praecio
1420 2505 1493 2540 Ee.

59 2561 160 2603 crtus
186 2558 349 2593 DEGr.
459 2557 546 2591 317.
583 2556 666 2592 uiol.
697 2555 845 2591 horrere
869 2558 1086 2603 puar.sor.'
1182 2556 1267 2589 318.
1300 2565 1372 2603 que
1406 2564 1495 2603 pur-

2 2606 5 2607 ’
44 2601 164 2656 ”putei
188 2617 293 2642 unus.
403 2608 488 2643 319.
521 2606 627 2642 michi
655 2609 704 2642 D.
755 2605 922 2655 zephirus
950 2606 1114 2641 DEGe.
1163 2603 1318 2652 zephiris
1344 2600 1392 2639 Γ.

110 2657 197 2691 320.
224 2655 305 2704 Ipsa
330 2657 393 2692 tibi
419 2656 490 2692 dix.
515 2669 550 2704 9.
593 2657 664 2692 dixi
695 2653 747 2694 Φ.
786 2651 893 2705 miehi
920 2657 965 2691 E.
1005 2655 1072 2691 erit
1097 2651 1145 2691 Γ.
1246 2657 1333 2690 322.
1361 2653 1435 2689 lasa
1461 2662 1493 2688 r.

61 2706 161 2744 laesa
185 2717 288 2755 seges
312 2705 394 2745 libri.
417 2712 558 2756 practer
584 2719 672 2757 (μιοε
696 2719 785 2756 seq„
813 2708 855 2744 N
864 2703 1061 2752 {261420
1085 2708 1256 2754 quamam
1281 2716 1306 2753 9
1324 2715 1406 2742 aar.
1422 2712 1493 2740 scr.
