1685 2954
556 102 653 131 Lm.
685 100 934 135 QVARTVS
1398 83 1474 127 157

88 207 144 246 Et
174 205 348 246 formosa
377 203 522 245 Venus
551 203 726 243 formoso
757 207 940 254 tempore
972 201 1097 255 digna
1124 205 1202 253 cst,

144 275 185 314 V
188 280 286 326 tque
306 273 433 323 solet,
460 269 584 310 Marti
614 271 850 311 continuata
878 281 966 309 suo.
1398 269 1476 304 130

88 341 201 381 Vere
230 345 367 380 monet
395 350 544 377 curuas
572 343 754 377 materna
783 350 856 389 per
885 348 1062 388 aequora
1091 345 1252 389 puppes

145 410 220 459 Ire,
250 419 328 446 nec
356 406 546 445 hibernas
578 406 657 445 iam
685 404 871 444 timuisse
900 405 1043 443 minas.

88 476 184 516 Rite
213 474 329 514 deam
359 473 482 512 latiae
512 473 646 512 colitis
673 478 909 524 matresque
939 482 1145 523 nurusque

142 544 198 582 Et
227 553 322 592 uos,
360 540 451 593 quis
482 541 610 580 uittae
642 540 848 593 longaque
882 537 1014 579 uestis
1041 540 1170 579 abest.

84 611 222 650 Aurea
252 620 475 648 marmoreo
505 606 740 648 redimicula
770 605 917 647 soluite
947 607 1064 660 collo,
1399 607 1477 642 135

139 676 303 716 Demite
332 673 508 715 diuitias.
546 681 635 715 tota
664 674 836 715 lauauda
866 673 944 714 dea
974 679 1051 714 est.

84 744 223 783 Aurea
252 744 412 783 siccato
442 741 677 783 redimicula
706 742 863 782 reddite
893 741 1017 781 collo:

140 812 262 851 Nunc
293 811 358 850 alii
387 810 522 862 flores,
552 823 661 851 nunc
688 823 797 850 noua
825 808 959 849 danda
987 821 1081 849 rosa
1107 813 1183 848 est.

86 879 177 919 Vos
205 890 367 931 quoque
396 879 472 918 sub
502 876 616 917 uiridi
645 883 778 930 myrto
807 877 919 916 iubet
947 877 1038 929 ipsa
1067 876 1213 916 lauari:

140 945 363 998 Causaque
393 958 465 986 cur
492 944 642 997 iubeat,
674 944 833 995 discite,
863 949 977 984 certa
1006 944 1165 985 subest.
1399 943 1479 981 140

84 1013 242 1053 Littore
270 1013 456 1054 siccabat
484 1012 804 1053 rorantesnuda
834 1011 1023 1064 capillos:
1309 1012 1312 1014 ’

140 1080 344 1120 Viderunt
372 1081 512 1133 satyri,
542 1081 659 1120 turba
687 1086 890 1133 protei-ua,
922 1079 1053 1120 deam.

83 1148 238 1200 Sensit,
269 1153 312 1187 et
339 1147 528 1200 opposita
555 1146 660 1188 texit
687 1160 766 1187 sua
792 1160 961 1200 corpora
990 1151 1143 1201 myrto:

77 1259 165 1295 129.
203 1257 362 1295 formoso
391 1264 446 1294 est
471 1264 585 1308 temp.
613 1258 650 1295 d.
678 1271 710 1295 e.
736 1261 782 1295 E.
832 1264 997 1308 tempore
1023 1257 1158 1307 gaudet
1182 1258 1225 1293 N
1234 1268 1318 1293 παν.
1329 1268 1401 1294 scr.

78 1312 164 1345 130.
191 1310 229 1345 in
251 1321 368 1357 mary-
387 1321 461 1345 ma.
507 1321 537 1345 r.
555 1311 603 1345 D.
645 1309 856 1345 continuata
882 1311 961 1346 uiro
987 1316 1042 1345 est
1067 1307 1127 1345 A.
1168 1313 1223 1344 est
1249 1310 1286 1345 in
1311 1306 1384 1353 fine
1409 1306 1477 1344 ad-

26 1359 116 1396 dunt
132 1358 458 1409 libo-zpraeterDP
508 1357 648 1396 2212312
657 1362 706 1395 20
721 1364 794 1396 tres
807 1360 901 1397 alios
914 1365 948 1396 et
959 1359 1045 1396 Ald.
1058 1361 1165 1408 prim.
1269 1361 1353 1394 131.
1382 1358 1480 1394 Vere

24 1417 149 1446 mouet
165 1407 260 1447 BA
270 1411 364 1446 „143
381 1409 550 1456 sedcotnu
578 1422 777 1459 pamascfr.
818 1412 917 1449 Vere
942 1417 1091 1447 mouent
1116 1409 1151 1446 h.
1193 1409 1290 1445 Vere
1318 1409 1416 1445 iubet
1439 1406 1480 1444 (D

24 1472 110 1498 war.
121 1472 192 1497 scr.
235 1472 346 1496 curua
364 1458 426 1496 A.
496 1472 585 1510 upes
612 1463 656 1497 E.
762 1464 847 1498 132.
875 1461 1043 1498 hibernas
1070 1460 1295 1510 pertimuisse
1325 1460 1370 1496 0.
1407 1460 1479 1496 iam

26 1512 229 1547 meminisse
250 1515 296 1546 12
308 1513 355 1546 28
371 1512 450 1547 293
483 1508 499 1546 .’
543 1507 547 1509 ”
598 1514 680 1547 133.
706 1510 811 1547 deam
832 1512 945 1548 colitis
972 1512 1080 1548 latiae
1100 1511 1210 1557 (lacie
1230 1507 1369 1554 EGF,
1395 1510 1479 1546 lane
1552 1527 1561 1530 ’

26 1559 65 1607 b)
78 1561 155 1597 ΑΕ
166 1558 337 1597 FGOEF
336 1559 446 1598 AM
453 1559 498 1597 N
506 1559 633 1598 OPH
646 1558 734 1599 ΨΔ
746 1561 870 1611 bey
880 1562 1002 1612 hprs,
1028 1559 1185 1599 namnetis
1202 1562 1321 1598 notati
1337 1565 1480 1610 practer

26 1613 135 1646 2033
161 1622 240 1657 sex,
267 1616 354 1647 nott.
380 1611 435 1648 cd.
550 1613 634 1649 134.
670 1614 749 1662 quis
786 1614 882 1649 uicte
909 1616 954 1650 Ε.
1001 1613 1109 1649 uestis
1139 1611 1241 1648 adest
1265 1614 1316 1649 M
1329 1623 1476 1660 mmpr.

31 1658 67 1697 O
83 1658 150 1697 ²153
161 1664 206 1696 12
220 1663 270 1696 20
281 1663 331 1697 44
356 1661 491 1707 decenn
517 1664 640 1699 Puar.
654 1675 723 1700 scr.
840 1664 922 1700 135.
959 1663 1117 1699 redimic.
1152 1663 1267 1698 tollite
1301 1662 1394 1698 collo
1427 1659 1478 1701 Ψ.

27 1710 155 1747 redim.
191 1710 323 1747 demite
357 1712 439 1747 coll.
466 1713 627 1749 AEFG
641 1710 1264 1761 ‹DFAMNOPHWAETfy
1275 1713 1381 1750 lto-st
1405 1724 1477 1748 nu-

26 1763 135 1798 meris
161 1761 328 1810 insiyititi
353 1767 496 1810 praeter
525 1765 633 1798 1220
657 1768 789 1812 septem
815 1768 848 1800 et
874 1769 960 1800 vett.
982 1764 1054 1809 ed.;
1084 1767 1215 1799 Duar.
1230 1775 1300 1800 scr.
1406 1765 1477 1799 Vu.

27 1813 102 1847 136
115 1816 149 1848 et
166 1813 237 1848 137
264 1823 445 1860 nusquam
470 1817 598 1849 extant
624 1815 694 1849 nisi,
713 1816 751 1850 in
769 1816 844 1850 BD
858 1811 1219 1863 GZbymp6(34‘?)
1234 1825 1362 1850 nouem
1380 1813 1477 1858 aliis,

26 1866 104 1899 tum
128 1863 167 1898 in
183 1864 274 1899 E33
297 1867 403 1899 eoevra
430 1862 588 1900 ordinem
607 1875 719 1899 malm
741 1866 939 1902 recentiori.
1045 1866 1130 1900 136.
1158 1863 1304 1900 diuicias
1327 1866 1373 1901 G.
1400 1867 1478 1907 Ita,

24 1912 196 1960 lauanda,
225 1911 295 1949 duo
313 1914 437 1960 iynoti.
483 1919 559 1949 tota
585 1914 741 1950 iuuanda
763 1917 916 1963 BDym
927 1916 987 1950 34.
1027 1920 1104 1951 tota
1133 1913 1288 1951 uidenda
1307 1913 1416 1951 EGb
1429 1917 1477 1950 33

25 1967 117 2008 tres5
143 1965 179 1999 D
195 1974 361 1999 nar.scr.
403 1970 478 2000 tota
505 1963 660 2000 leuanda
688 1965 831 2002 34uar.
845 1977 914 2002 scr.
955 1970 1031 2001 tota
1057 1964 1229 2001 nouanda
1258 1968 1293 2001 D
1310 1978 1392 2002 nar.
1404 1977 1475 2002 scr.

26 2015 83 2049 De
100 2013 250 2062 reliquis
267 2025 340 2050 non
359 2019 514 2051 constat.
620 2017 704 2052 137.
733 2015 859 2052 redim.
887 2015 1020 2052 demite
1046 2027 1115 2065 φηγ)
1133 2027 1214 2052 aar.
1227 2027 1295 2053 scr.
1316 2020 1475 2062 uterque.

29 2063 152 2100 Gloss.
170 2066 224 2100 E:
249 2064 398 2108 siccato]
426 2071 509 2113 post
535 2065 717 2102 balneum.
831 2069 915 2103 138.
948 2066 1057 2103 Nunc
1083 2066 1154 2102 albi
1180 2066 1260 2103 flor.
1289 2063 1477 2115 DFEpr

25 2117 117 2159 brem
142 2111 371 2151 fluanscr.
423 2115 531 2151 Nunc
565 2116 648 2151 alibi
676 2128 714 2164 9.
763 2115 872 2153 Nunc
906 2116 968 2153 alti
994 2128 1120 2153 mma.
1137 2128 1194 2165 pr.
1238 2116 1347 2153 Nunc
1372 2117 1423 2153 illi
1447 2120 1476 2152 t.

23 2175 121 2201 nunc
146 2176 229 2201 rosa
253 2164 289 2202 d.
313 2177 407 2201 noua
433 2172 488 2202 est
513 2167 580 2203 Gt.
618 2178 714 2202 nunc
740 2179 836 2203 noua
862 2179 945 2203 rosa
970 2166 1092 2203 danda
1119 2174 1172 2203 est
1198 2178 1229 2204 r.
1272 2179 1368 2203 nunc
1394 2178 1478 2204 rosa

22 2225 121 2251 noua
147 2214 270 2251 danda
297 2221 351 2251 est
382 2212 434 2253 (D.
476 2228 572 2252 noua
598 2217 720 2253 clausa
746 2229 827 2253 rosa
853 2216 957 2254 bmaf.
969 2229 1024 2267 pr.
1129 2219 1213 2254 139.
1241 2218 1279 2254 in
1305 2229 1423 2266 mary.
1443 2228 1475 2254 r.

23 2265 130 2309 mitto
158 2268 238 2302 DE
248 2263 331 2302 GP
330 2293 339 2302 .
382 2267 454 2303 iub.
481 2264 713 2313 iuaaePth
738 2267 865 2304 decem.
909 2269 982 2304 iub.
1014 2280 1127 2318 usque
1153 2269 1222 2314 363
1246 2279 1451 2316 guauscr.

76 2318 163 2352 140.
194 2316 315 2353 Causa
341 2315 431 2352 haec
457 2329 522 2352 cur
546 2316 607 2353 A.
650 2318 770 2354 Causa
799 2324 854 2354 est
879 2331 943 2354 cur
969 2318 1001 2355 b.
1052 2318 1126 2355 iub.
1154 2318 1262 2354 dicite
1290 2321 1475 2366 Ema.pr.

24 2363 97 2402 iub.
123 2366 245 2403 dicere
271 2379 324 2412 ηις
350 2364 401 2402 H
408 2379 490 2404 aar.
500 2379 574 2404 scr.
678 2369 762 2405 141.
791 2368 916 2405 Litore
940 2366 1053 2406 Gffl‘?
1092 2369 1175 2405 sice.
1203 2375 1366 2406 rorantes
1392 2381 1476 2406 rore

25 2413 51 2450 λ
74 2421 229 2463 quatuor
254 2421 288 2453 et
315 2421 404 2454 αισα.
421 2416 475 2454 ed.
515 2417 594 2454 sud.
622 2417 693 2454 uda
721 2422 780 2455 11.
820 2419 905 2456 sicc.
934 2425 1099 2456 rorantes
1124 2418 1221 2455 nuda
1247 2431 1328 2468 cap.
1352 2431 1417 2456 ms
1428 2423 1476 2456 12

26 2465 133 2502 2033
158 2466 273 2504 decem
291 2467 368 2505 alii.
472 2469 558 2508 142.
591 2468 724 2506 Videre
749 2475 816 2507 sat.
843 2482 876 2506 s.
921 2470 1020 2506 satiri
1047 2470 1143 2506 EG.
1244 2470 1329 2506 143.
1356 2470 1477 2507 Sentit
1526 2474 1532 2484 ³

25 2519 63 2551 et
87 2526 120 2551 r.
161 2518 335 2566 obposita·
353 2518 457 2565 Dfr.
496 2518 662 2568 apposita
688 2516 729 2555 Γ
734 2519 790 2568 hp
802 2523 848 2555 12
862 2515 1018 2557 20octo
1032 2525 1066 2556 et
1079 2524 1166 2561 uett.
1182 2518 1236 2557 ed.
1278 2532 1366 2570 opp.
1392 2532 1476 2557 sen-

24 2563 73 2599 sit
99 2577 164 2602 sua
185 2569 229 2604 Τ.
266 2580 332 2604 sua
355 2569 511 2618 timpora
536 2569 601 2615 frf
633 2570 834 2607 Gnaruscr.
872 2581 939 2606 sua
965 2576 1115 2620 pectora
1139 2570 1175 2607 h,
1215 2582 1282 2607 sua
1307 2576 1481 2620 tempora·

24 2612 246 2702 {figi-test.
259 2611 450 2658 Heins'JM
455 2617 500 2656 N
508 2616 544 2656 P
550 2616 646 2656 ΠΔ
656 2617 693 2656 Σ
706 2618 808 2668 Typ
834 2618 950 2658 decem
981 2619 1075 2667 ferm
1105 2625 1122 2657 t
1138 2631 1223 2659 enwr.
1238 2632 1309 2659 scr.
1366 2620 1474 2657 mirto
