1685 2954
144 68 257 103 chx
345 110 351 117 ,
649 82 654 89 ·
747 62 969 98 msronvu

147 169 304 209 habilius
328 171 385 207 ost
409 162 558 203 indicari
582 161 622 201 id
647 167 804 215 tempus,
830 164 892 201 ubi
910 160 1064 199 mortuis
1078 161 1168 201 Caio
1193 166 1231 201 et
1247 160 1364 200 Lucio
1387 161 1582 215 adoptatus

144 238 202 271 est
226 232 274 270 ab
299 230 460 279 Augusto
485 225 656 264 Tiberius
681 237 762 263 cum
788 225 947 274 Agrippa
971 222 1165 272 Postumo,
1198 236 1221 261 a
1248 224 1399 261 Tiberio
1424 226 1584 264 Germa-

145 293 263 341 nicus,
288 289 363 329 uid.
388 290 460 328 Dio
477 286 582 328 Cass.
602 287 668 337 55,
687 289 751 336 13,
776 285 904 324 Vellei.
921 287 963 333 2,
982 287 1067 321 112.
1118 285 1228 322 iidem
1254 285 1476 336 intelligendi
1498 293 1584 325 sunt

146 357 186 405 3,
211 353 308 391 847:
1024 366 1075 374 —
1100 346 1246 395 Pallas,

370 414 447 452 Pro
471 409 671 450 ducibus
693 409 876 448 nostris
898 406 1027 456 aegida
1050 419 1187 458 semper
1212 407 1316 453 habe,

145 473 212 514 sed
236 473 391 513 maxime
409 474 591 524 Augustus
615 478 655 510 et
672 471 842 509 Tiberius
867 469 1077 506 tribuniciae
1101 470 1288 519 potestatis
1314 470 1477 520 collegae
1500 470 1587 509 inde

146 536 196 576 ab
220 547 317 574 anno
341 537 432 584 748,
457 535 528 572 Dio
553 533 619 582 55,
637 535 677 582 9,
699 536 759 570 13.
812 529 892 568 Csr.
919 531 1009 568 trist.
1031 534 1071 578 2,
1094 532 1167 568 171
1186 543 1267 581 sqq.
1319 533 1435 569 Ducis
1458 532 1588 583 appel-

146 598 236 636 latio
261 602 362 648 patet
387 596 572 644 latissime,
598 593 674 631 uid.
694 595 732 641 6,
751 592 838 637 576,
866 597 993 642 estque
1017 592 1241 629 aestimanda
1265 604 1309 629 ex
1338 605 1398 641 eo,
1423 594 1522 643 quod
1549 594 1587 631 iu

147 659 203 697 his
237 659 337 696 libris
370 659 530 708 quinque
565 656 741 694 adiicitur.
800 652 980 701 Pacifimts
1009 653 1087 690 dna·
1121 654 1183 703 qui
1215 655 1254 701 4,
1279 655 1354 691 408
1389 654 1588 693 secundum

148 721 261 759 libros
281 720 449 758 meliores
474 718 619 765 dicitur,
645 720 820 766 praestat,
845 720 886 752 ut
910 714 1130 762 intelligatur
1154 715 1231 764 ipse
1251 716 1444 765 Augustus,
1471 722 1589 754 tracto

149 783 262 821 etiam
287 781 335 819 ad
358 781 484 819 ducem
510 778 702 824 adiectiu0‚
729 788 836 825 quam
862 782 903 812 ut
927 776 1047 812 nescio
1073 775 1160 825 quid
1186 776 1270 812 mali
1295 777 1432 825 augurii
1457 775 1505 814 de
1520 777 1590 815 Ti-

149 844 251 882 berio
284 843 432 881 subesse
461 847 624 893 putetur.
675 838 815 874 Rursus
851 849 940 874 uero
966 838 1004 884 6,
1026 837 1076 872 92
1102 835 1306 874 Concordia
1331 836 1464 887 placidi
1487 836 1591 876 ducis

147 917 253 957 opus,
279 910 322 942 ut
346 915 459 955 supra
484 902 557 939 dixi
582 914 621 951 p.
639 906 826 947 ccxxxv,
852 899 914 935 uix
940 904 994 935 est
1013 897 1165 934 Tiberii.
1206 898 1289 948 ipse
1314 898 1373 935 hic
1391 898 1590 938 secundum

148 967 223 1004 tab.
259 965 394 1004 Praen.
418 964 521 1001 Xvn
547 962 610 999 Kl'
635 961 715 1000 Ian.
753 959 988 999 Concordiam
1011 959 1219 1007 Auyustam
1253 960 1397 997 uouisse
1432 960 1587 999 uidetur.

147 1025 325 1066 Dedicata
349 1037 394 1064 ea
419 1024 529 1062 aedes
551 1024 597 1060 ab
618 1021 753 1060 Ouidio
779 1028 864 1059 ante
882 1022 1026 1059 exilium
1052 1021 1326 1058 commemorari
1352 1034 1423 1058 non
1449 1022 1589 1071 potuitz

148 1087 280 1126 aedem
305 1086 391 1124 dum
417 1091 569 1138 paratur
594 1083 679 1121 inde
705 1085 751 1121 ab
772 1096 868 1121 anno
887 1083 973 1128 747,
999 1083 1071 1119 Dio
1092 1082 1194 1119 Cass.
1211 1083 1275 1130 55,
1292 1085 1336 1130 83
1362 1084 1401 1130 9,
1427 1083 1497 1121 dici
1522 1096 1591 1135 po·

147 1148 259 1187 tuisse
284 1160 377 1199 opus
401 1147 586 1195 concedo,
620 1147 736 1196 ipsam
762 1145 867 1183 deam
899 1145 1125 1194 negauerim:
1162 1155 1289 1180 uerum
1319 1143 1486 1193 placidus
1515 1145 1591 1183 dux

150 1210 325 1247 Tiberius
360 1222 434 1247 non
466 1208 610 1246 uidetur
637 1206 703 1244 nisi
728 1205 828 1243 festis
852 1205 977 1242 diebus
1002 1205 1133 1252 fuisse,
1168 1204 1243 1243 uid.
1264 1204 1372 1242 Pont.
1396 1209 1436 1254 2,
1463 1209 1501 1253 2,
1526 1209 1590 1245 81.

147 1271 349 1309 Praeterea
373 1270 452 1308 dax
476 1271 553 1307 sine
578 1267 802 1306 dubitatione
819 1268 1000 1316 Augustus
1027 1272 1256 1315 nuncupatur
1273 1269 1312 1313 2,
1328 1269 1400 1304 136
1425 1273 1466 1304 ut
1491 1267 1591 1318 apud

147 1332 318 1383 Propert.
332 1335 372 1381 3,
392 1335 432 1380 8,
449 1333 514 1380 20,
540 1331 670 1367 Horat.
690 1341 800 1365 carm.
820 1331 859 1376 3,
882 1330 944 1375 14,
963 1331 1003 1376 7,
1031 1340 1090 1378 ep.
1120 1332 1154 1374 1,
1170 1329 1229 1372 18,
1244 1327 1306 1372 56,
1332 1327 1416 1366 fast.
1442 1328 1482 1377 5,
1502 1329 1590 1378 145,

148 1394 209 1431 ubi
236 1393 334 1443 quod
368 1393 523 1431 traditur
556 1392 640 1429 uiuo
666 1391 827 1439 Augusto
860 1389 997 1426 factum
1026 1401 1106 1426 esse
1132 1389 1320 1438 probabile
1346 1389 1388 1426 fit
1419 1401 1463 1426 ex
1488 1391 1590 1428 testi-

147 1455 271 1491 monio
294 1454 422 1492 Dionis
446 1454 511 1502 51,
528 1456 580 1490 20
604 1451 651 1489 de
677 1463 774 1488 anno
800 1453 895 1489 725:
932 1444 970 1494 ἴς
1004 1461 1045 1486 τε
1081 1445 1175 1494 τοὺς
1207 1445 1359 1499 ὕμνους
1392 1445 1516 1488 αὐτὸν
1549 1447 1593 1497 ἐξ

147 1511 241 1554 ἴσου
267 1516 354 1561 τοῖς
379 1515 495 1560 θεοῖς
520 1508 803 1564 ἐσγρὰφεσθαι
829 1519 866 1549 et
892 1511 1014 1549 Ouidii
1037 1515 1078 1560 2,
1094 1511 1189 1548 635:

281 1580 330 1615 Et
356 1576 442 1614 bene
467 1589 547 1621 uos,
573 1575 656 1612 bene
681 1580 722 1612 te
746 1575 934 1624 patriae
958 1578 1095 1623 pater
1119 1574 1287 1623 optime
1314 1572 1492 1611 Gaesar-

345 1640 467 1676 Dicite
491 1636 632 1686 suffuso
658 1641 712 1673 ter
737 1635 832 1673 bona
856 1633 966 1672 uerba
989 1646 1100 1671 mero.

149 1701 240 1739 Siue
257 1712 327 1739 uos
347 1700 442 1737 lares
461 1699 648 1737 domestici
665 1705 760 1743 sunt,
787 1699 864 1734 siue
881 1696 1038 1745 cognati,
1064 1694 1253 1731 ridiculum
1274 1699 1312 1732 et
1329 1696 1407 1733 sine
1425 1697 1593 1748 exemplo

149 1761 248 1799 soret
273 1763 474 1811 Augustum
498 1762 537 1797 in
563 1758 784 1810 apostrophe
808 1762 951 1809 patrem
974 1758 1117 1806 patriae
1142 1755 1210 1792 dici
1236 1763 1430 1795 mortuum.
1476 1759 1591 1797 Vinus

150 1824 201 1861 ita
226 1821 476 1861 consalutatur
500 1824 540 1869 2,
569 1821 662 1856 127:

278 1886 458 1923 Sancte
482 1885 624 1932 pater
648 1882 868 1931 patriae,
897 1879 962 1917 tibi
987 1879 1097 1929 plebs,
1124 1879 1188 1917 tibi
1213 1880 1315 1917 curia
1338 1892 1469 1918 nomen

346 1949 426 1983 Hoc
450 1943 546 1981 dedit
568 1961 621 1970 --
648 1948 719 1979 etc.

151 2008 209 2047 De
233 2008 386 2045 Tiberio
413 2018 519 2043 nemo
545 2004 638 2041 haec
664 2004 836 2054 accipiet,
861 2004 922 2053 qui
948 1998 993 2040 τὸ
1020 2002 1093 2039 τοῦ
1120 1996 1274 2051 πατρὸς
1299 2001 1374 2050 τῆς
1398 1999 1592 2053 πατρίδος

155 2064 378 2121 πρόσρημα
404 2065 609 2109 παντελῶς
635 2060 847 2113 διεώσατο,
873 2065 943 2102 Dio
968 2065 1033 2112 57,
1052 2067 1091 2112 8,
1117 2064 1220 2101 Suet.
1248 2064 1334 2100 Tib.
1355 2065 1416 2102 26.
1467 2066 1513 2102 At
1538 2066 1592 2102 al-

153 2139 272 2169 terum
310 2132 430 2168 locum
467 2140 586 2178 aeque
617 2127 839 2164 luculentum
864 2129 904 2174 2,
926 2126 976 2163 59
1003 2139 1084 2176 sqq.
1109 2125 1280 2173 fuerunt,
1315 2126 1376 2174 qui
1406 2125 1454 2163 de
1479 2127 1514 2161 T
1518 2126 1593 2163 ibe-

153 2194 206 2230 rio
232 2192 493 2241 intelligerent:

351 2254 502 2291 Caetera
526 2264 571 2289 ne
596 2250 707 2288 simili
732 2249 898 2287 caderent
924 2248 1108 2294 labefacta
1132 2250 1254 2294 mina,

417 2314 526 2351 naua
553 2313 742 2350 sacrati
765 2310 920 2361 prouida
946 2321 1036 2346 cura
1063 2309 1209 2355 ducis,

347 2374 423 2411 Sub
451 2387 520 2424 quo
547 2373 700 2411 delubris
725 2374 877 2409 sentitur
901 2371 1003 2407 nulla
1029 2377 1262 2420 senectus,

416 2438 495 2472 Nec
519 2436 613 2472 satis
637 2439 691 2471 est
716 2434 887 2477 homines,
915 2432 1046 2480 obliyat
1071 2432 1138 2468 illa
1162 2433 1256 2470 cleos.

354 2497 584 2546 'l'emplorum
612 2497 807 2545 positor,
833 2494 1046 2544 templorum
1070 2498 1192 2530 sancte
1217 2496 1446 2541 repostor,

417 2559 475 2594 Sit
500 2559 642 2607 superis
666 2561 750 2605 opto
775 2560 903 2592 mentua
929 2567 1017 2592 cura
1041 2556 1107 2591 tui·

349 2620 445 2656 Dent
473 2618 557 2656 tibi
583 2618 764 2663 caelestes,
791 2629 879 2666 quos
905 2621 945 2654 tu
973 2615 1178 2654 caelestibus
1202 2627 1329 2653 ‹innos-
