1685 2954
575 120 676 149 [AB.
709 119 996 147 snchnvs
1454 101 1510 145 89

178 222 311 275 Quem
340 221 510 264 dederat
538 232 737 273 praesens
766 220 905 271 forma,
935 221 1126 262 manebat
1154 232 1275 261 amor.

122 292 255 332 Ardet
281 295 324 331 et
350 287 487 330 iniusti
515 288 692 329 stimulis
719 287 899 341 agitatur
926 289 1094 328 amoris:

180 359 399 411 Comparat
425 355 593 410 indigno
622 357 787 408 uimque
818 355 1036 408 dolumque
1065 363 1164 396 toro.

120 428 270 468 Exitus
298 426 338 465 in
366 424 486 465 dubio
516 430 593 464 est.
628 422 882 464 Audebimus
913 424 1067 475 ultima,
1096 423 1218 463 dixit:

178 490 352 534 Viderit.
391 492 593 532 audentes
621 492 758 531 foi-sue
787 490 945 531 deusue
974 491 1106 531 iuuat:
1427 493 1508 529 780

124 561 322 613 Cepimus
351 560 539 600 audendo
567 558 728 601 Gabios
753 572 928 612 quoque.
967 559 1082 600 Talia
1108 559 1218 600 fatus

177 629 291 668 Ense
319 629 429 669 latus
457 628 586 669 cinxit
615 633 815 681 tergaque
844 628 997 680 pressit
1022 628 1128 681 equi.

120 694 288 748 Accipit
317 701 457 736 aerata
484 696 674 736 iuuenem
703 693 880 736 Collatia
907 701 1026 748 porta

177 763 366 805 Condere
395 764 476 802 iam
504 763 643 803 uoltus
667 763 756 802 sole
784 769 952 815 parante
981 776 1093 804 suos.

122 831 268 873 Hostis
297 837 344 871 ut
370 830 528 883 hospes
556 829 631 871 init
659 831 886 884 penetralia
913 830 1135 871 Collatina:
1429 830 1510 868 785
1641 868 1643 870 .

180 899 365 948 Comitu‘r
390 899 602 952 excipitur.
642 898 848 951 sanguine
879 897 1044 937 iunctus
1070 902 1170 937 erat.
1545 874 1644 995 e!

125 965 331 1018 Quantum
360 967 507 1007 animis
535 967 680 1006 erroris
706 965 834 1005 inest!
863 970 982 1016 parat
1006 963 1141 1006 inscia
1164 976 1297 1005 rerum

179 1036 325 1075 Infelix
353 1034 498 1087 epulas
520 1033 707 1073 hostibus
733 1032 802 1071 illa
829 1032 928 1073 suis.

124 1100 310 1142 Functus
340 1107 428 1142 erat
455 1101 637 1153 dapibus.
675 1105 853 1151 poscunt
879 1111 958 1140 sua
985 1105 1170 1154 tempora
1196 1113 1394 1143 somnum.

179 1169 278 1210 Nox
309 1173 408 1221 erat,
437 1173 480 1209 et
506 1173 595 1210 tota
621 1167 773 1209 lumina
800 1168 910 1209 nulla
937 1167 1068 1210 domo.
1428 1172 1511 1210 790

119 1332 206 1367 776.
241 1330 358 1368 forma
394 1331 542 1368 tenebat
576 1343 678 1368 amor
704 1329 742 1368 Γ
760 1330 868 1369 alius.
984 1333 1071 1368 777.
1108 1337 1144 1368 et
1178 1332 1302 1367 inuicti
1331 1341 1513 1378 swa-pr.

69 1386 155 1419 vtes.
194 1383 332 1418 iniustis
363 1379 414 1418 (D.
454 1383 610 1431 agitatur
636 1384 786 1420 euanuit
811 1384 848 1419 in
874 1381 940 1429 llf.
980 1383 1135 1431 agitatus
1164 1385 1196 1419 B
1207 1380 1359 1419 GEFF
1371 1379 1458 1418 ΨΣ
1465 1380 1513 1429 1⁶9

70 1432 173 1482 hmp
199 1432 360 1470 undecim
386 1438 420 1469 et
444 1437 530 1470 uett.
551 1432 604 1470 ed.
707 1436 794 1470 778.
822 1434 1011 1482 Conparat
1041 1435 1086 1470 G.
1126 1434 1218 1470 Cum
1246 1441 1352 1482 parat
1377 1433 1451 1469 ind.
1477 1444 1516 1468 m

68 1494 216 1532 mas-pr.
259 1487 342 1528 Ita,
374 1484 592 1533 dolumque,
623 1483 747 1531 Ilfeld.
776 1487 852 1521 BD
867 1482 1141 1533 GFAym-is
1154 1487 1198 1519 12
1214 1487 1260 1520 33
1273 1484 1381 1520 3435
1409 1485 1517 1533 quin-

70 1532 199 1579 decim;
230 1535 440 1572 Ouanscr.
480 1542 692 1585 metumque
716 1535 856 1584 reliqui.
894 1536 1001 1572 thoro
1028 1533 1094 1581 Ilf.
1115 1532 1288 1572 DEGF
1295 1547 1326 1572 r.
1426 1536 1514 1570 780.

73 1583 267 1621 audentem
293 1597 313 1621 s
339 1585 447 1622 alius.
489 1585 644 1622 audaces
670 1582 724 1622 A.
767 1586 937 1623 ardentes
964 1589 1010 1623 E.
1046 1589 1122 1630 Ita,
1147 1585 1283 1630 forsue,
1316 1585 1346 1622 G
1368 1589 1402 1621 et
1426 1583 1515 1630 fort.

73 1631 352 1683 Ilfeldmtwpr.
387 1637 462 1683 Sic,
487 1635 635 1681 deusue,
667 1637 696 1673 G
709 1648 879 1674 uar.scr.
906 1642 940 1673 et
963 1637 1052 1682 fort.
1066 1635 1190 1683 Ilfeld.
1208 1649 1281 1673 ma.
1297 1647 1354 1684 pr.
1393 1634 1518 1671 forsne

74 1684 213 1721 deusne
237 1697 274 1720 m
289 1697 362 1721 ma.
377 1697 434 1734 pr.
459 1685 482 1721 5
501 1688 524 1721 8
543 1689 589 1722 12
608 1689 670 1723 29.
719 1687 804 1724 aud.
837 1699 1010 1737 mensque
1045 1687 1209 1736 deusque
1241 1688 1278 1723 A
1294 1690 1375 1723 test.
1402 1687 1516 1722 Grou.

73 1735 224 1784 forsque
250 1747 423 1784 meusque
448 1736 484 1771 A
505 1740 583 1771 test.
597 1739 724 1773 Heius.
776 1737 924 1786 forsque
951 1750 1137 1787 uenusque
1163 1735 1259 1773 EM
1272 1734 1355 1773 ΟΛ
1368 1736 1393 1772 h
1407 1748 1427 1772 s
1442 1747 1518 1771 ma.

74 1798 144 1823 sec.
171 1785 338 1823 tredecim
357 1785 444 1822 Ald.
467 1786 586 1832 15023
617 1784 894 1824 mbram-‚son
927 1799 1078 1835 sorsque
1104 1799 1292 1836 uenusque
1316 1789 1469 1835 quinque
1487 1790 1522 1822 et

76 1836 165 1874 editi
194 1847 291 1873 saec.
316 1847 392 1872 xv.
442 1835 592 1884 forsque
624 1844 814 1885 metusque
850 1835 1087 1874 BFlDErss
1113 1849 1260 1882 nouem5
1293 1840 1328 1874 E
1343 1849 1426 1874 nar.
1445 1847 1518 1873 scr.

76 1893 244 1924 metusne
275 1886 314 1923 G.
357 1898 508 1935 sorsque
536 1892 725 1936 metusque
751 1887 843 1923 Pbs
867 1887 974 1924 alius.
1014 1900 1165 1937 sorsque
1191 1888 1353 1937 deusque
1382 1884 1467 1924 GF
1469 1885 1520 1923 A

77 1935 124 1975 N
134 1935 259 1983 ³1¹Tf
261 1948 284 1985 9
312 1936 510 1985 quindecim
522 1941 556 1972 et
568 1934 649 1982 flor.
668 1937 787 1974 Berol.
827 1937 976 1987 forsque
1002 1938 1165 1988 deusque
1188 1937 1328 1987 reliqui,
1352 1937 1418 1984 Ilf.
1431 1936 1521 1984 fort.

76 2000 154 2026 ma.
174 1999 246 2025 rec.
292 1988 420 2023 iuuant
451 1990 486 2024 E
503 1988 537 2023 G
552 1984 642 2025 ΓΛ
661 1985 695 2025 O
712 1985 759 2024 Π
777 2001 850 2025 nia.
869 2000 938 2025 sec.
956 1985 1029 2037 Σ9
1045 2001 1069 2038 p
1086 2001 1106 2025 s
1130 1993 1279 2037 septem3
1310 1988 1434 2026 Guwr.
1447 1998 1521 2025 scr.

83 2038 207 2077 Gloss.
234 2037 386 2086 Viderit]
414 2038 492 2086 ipsa
519 2039 569 2074 D.
608 2038 678 2075 hoc
702 2039 829 2087 aliquis
855 2042 901 2076 E.
940 2040 964 2074 i.
993 2051 1026 2076 e.
1054 2039 1245 2083 uidebitur,
1272 2037 1523 2088 impersonali-

77 2096 136 2126 ter
159 2088 194 2125 b.
297 2090 383 2125 781.
411 2088 608 2138 Coepimus
633 2111 682 2117 ——
708 2090 793 2126 talia
816 2089 906 2126 dixit
932 2088 1055 2135 Ilfeld.
1095 2090 1179 2126 talia
1204 2089 1321 2126 sactus
1345 2088 1413 2135 ΗΓ.
1438 2099 1523 2125 uar.

77 2151 150 2177 scr.
168 2151 244 2176 ma.
265 2150 323 2188 pr.
375 2138 459 2176 aud.
486 2139 603 2175 fabios
631 2142 681 2176 D.
782 2141 869 2176 782.
907 2141 1015 2189 cingit
1040 2138 1080 2176 Γ
1087 2138 1128 2176 Δ
1137 2139 1162 2186 f
1163 2152 1187 2188 9
1202 2152 1275 2176 ma.
1288 2152 1356 2176 sec.
1384 2144 1462 2177 octo
1489 2142 1525 2174 et

77 2189 167 2237 fort.
195 2188 321 2237 Ilteld.
348 2189 412 2226 sub
438 2201 515 2227 ras.
616 2191 704 2226 783.
730 2189 876 2239 Excipit
901 2190 925 2238 f
945 2195 1113 2240 quatuor.
1163 2191 1306 2227 collotia
1334 2190 1366 2227 b.
1414 2189 1526 2226 colla-

79 2241 135 2277 cia
160 2243 221 2277 M.
324 2241 412 2276 784.
440 2240 561 2276 uultus
588 2239 671 2277 libri
694 2241 731 2277 A
756 2246 912 2290 excepto.
957 2242 1034 2278 sole
1058 2247 1208 2291 patente
1232 2237 1275 2277 A
1288 2253 1363 2278 ma.
1378 2253 1434 2290 pr.
1474 2238 1477 2241 ’

129 2291 217 2328 785.
247 2291 380 2339 hospes
407 2290 482 2327 adit
511 2288 606 2330 (DF.
650 2292 727 2338 Sic,
753 2292 938 2339 collatum,
962 2291 1055 2328 1129.
1095 2292 1188 2328 colla
1213 2291 1249 2326 la
1269 2317 1279 2328 .
1301 2317 1312 2328 .
1334 2318 1343 2327 .
1365 2318 1374 2327 .
1399 2289 1526 2337 Ilfeld.

80 2340 156 2379 Sub
180 2353 320 2378 ‘rasura
345 2341 435 2378 nihil
461 2341 529 2389 leyi
553 2346 715 2388 poterat,
742 2341 804 2378 sed
829 2343 904 2378 tina
927 2342 1044 2389 fnisse
1069 2343 1244 2379 conuenit.
1291 2341 1384 2377 colla
1409 2347 1528 2378 tenet-

81 2403 154 2441 que
177 2394 346 2428 BFtres.
383 2392 528 2428 colatini
543 2389 589 2428 Σ.
627 2392 784 2428 collatini
798 2392 938 2442 reliqui.
1041 2394 1129 2431 786.
1156 2392 1328 2428 Cominus
1342 2395 1386 2429 P.
1422 2392 1527 2428 Com.

83 2442 258 2492 accipitur
282 2443 439 2490 DGOy
466 2442 596 2479 decem.
637 2447 749 2491 sang.'
765 2443 906 2479 uinctus
931 2444 970 2480 G.
1071 2445 1159 2480 787.
1187 2443 1245 2479 Ha
1271 2449 1444 2492 quantum
1471 2454 1530 2478 er-

84 2492 175 2528 roris
200 2492 293 2529 inest
310 2489 358 2528 Σ.
401 2493 569 2536 Quantus
596 2494 687 2529 inest
707 2493 832 2529 animis
852 2506 954 2530 error
970 2500 1076 2543 parat
1102 2493 1211 2530 alius.
1314 2495 1402 2530 788.
1429 2490 1528 2541 epul.

85 2540 235 2590 hospitis
260 2542 322 2579 illa
345 2543 401 2579 sui
421 2546 457 2580 8.
494 2543 555 2579 illa
575 2555 658 2579 suas
677 2546 726 2581 D.
829 2546 917 2581 789.
945 2543 1168 2593 poscit-duo.
1207 2555 1272 2579 sua
1299 2540 1530 2593 corporaq‘.

86 2602 276 2681 aorpggurtn
286 2596 374 2691 tE.f
396 2606 544 2632 somnus
576 2593 660 2632 duo.
707 2594 822 2632 somni
852 2592 1055 2642 ‹DFAfm
1069 2606 1141 2632 vna.
1157 2605 1214 2644 pr.
1232 2596 1315 2633 812
1342 2598 1435 2632 octo.
1588 2592 1607 2616 ³

211 2669 222 2684 .
263 2655 284 2681 ο
302 2656 325 2681 ο
370 2671 381 2684 .
