1685 2954
652 91 772 121 conN.
803 89 939 120 LABEO
1360 90 1511 121 Lxxvu

64 209 102 248 p.
119 197 190 233 172
216 194 288 232 Rs.
317 192 527 243 usurpauit,
553 203 762 242 quanquam
788 190 995 228 Labeonem
1022 195 1161 228 tantum
1187 189 1367 227 nominat:
1402 189 1504 241 quod

65 271 147 296 cum
174 258 204 294 is
230 257 337 294 etiam
362 256 397 291 in
424 254 514 290 libro
542 253 589 291 de
615 254 766 290 ostentis
792 252 932 299 fecerit,
959 253 1020 289 ubi
1046 265 1079 289 c.
1100 255 1122 288 3
1144 258 1181 289 et
1198 254 1246 288 42
1264 251 1389 289 Labeo
1407 253 1506 290 Tar-

64 320 204 357 chontis
230 320 338 356 libros
364 317 625 364 interpretatus
652 321 689 351 et
715 313 762 351 de
786 313 996 351 fulminibus
1023 320 1284 351 commentatus
1309 325 1388 350 esse
1413 312 1506 350 dici-

64 389 137 430 tur,
165 382 233 418 hac
257 381 293 416 in
320 389 360 414 re
384 376 598 425 Fulgentius
624 378 660 413 in
689 388 814 426 expos.
840 386 948 412 serm.
977 381 1052 412 ant.
1081 388 1118 424 p.
1135 377 1209 411 769
1236 375 1339 412 stau.
1367 373 1505 411 fraudis

64 445 285 488 absoluitur,
321 439 383 488 qui
408 438 537 474 similia
562 437 743 474 Labeonis
770 442 1051 484 commemorat,
1086 444 1123 472 et
1148 438 1260 486 possit
1285 437 1435 486 cogitari
1460 436 1508 474 de

64 505 234 543 Cornelio
259 501 456 545 Labeone,
491 512 563 536 non
591 499 766 545 Antistio,
803 498 852 534 uti
881 498 1010 534 Hasius
1045 504 1179 535 censet.
1233 499 1427 535 Caeterum
1459 497 1508 535 ad

64 574 183 605 utrum
209 563 413 614 pertineant
438 574 535 611 quae
561 573 605 598 ex
625 561 801 597 Labeone
827 559 969 609 profert
994 560 1211 609 Augustinus
1237 559 1284 595 de
1310 560 1380 596 eiu.
1406 559 1444 596 d.
1468 564 1509 608 2,

65 632 135 675 113
163 627 229 672 143
257 627 295 671 3,
322 623 393 670 253
421 625 460 670 8,
489 626 562 670 133
589 624 628 670 9,
656 624 718 669 19,
747 622 783 658 in
810 622 930 658 medio
957 621 1134 671 relinquo.
1187 622 1245 658 De
1269 626 1390 658 aetate
1417 622 1510 658 Cor-

62 688 148 726 nelii
174 685 371 736 quaeritur.
423 685 543 721 Possit
576 685 613 721 in
649 690 804 720 mentem
840 684 988 731 uenire,
1024 683 1206 721 diuersum
1242 695 1314 720 non
1350 694 1428 719 esse
1461 684 1509 719 ab

63 749 237 794 Antistio,
264 747 444 783 transiisse
471 746 567 783 hunc
593 747 787 796 aliquando
815 746 850 782 in
878 751 1023 794 gentem
1051 746 1255 782 Corneliam
1283 750 1319 780 et
1346 750 1511 781 transtu-

62 812 144 847 lisse
169 810 204 845 in
232 820 312 845 eam
349 820 551 856 cognomen
576 809 824 845 Antistiorum.
879 807 919 843 ld
947 808 1034 856 quin
1060 807 1112 843 ita
1139 808 1204 843 rite
1230 805 1309 842 fieri
1334 806 1510 855 potuerit,

62 873 123 908 uix
148 870 273 907 dubito
300 875 336 905 et
361 869 414 915 (Q
426 867 463 916 ἲ)
491 871 632 906 Antistii
659 869 838 905 Labeonis
871 875 970 904 aetas
1005 868 1187 904 notissima
1215 874 1269 904 est
1303 880 1347 903 ex
1374 868 1507 905 Gellio.

60 933 198 970 Verum
224 931 300 967 eius
326 932 538 980 suspicionis
566 942 675 967 causa
701 930 800 965 nulla
827 929 946 976 soret,
984 930 1049 965 nisi
1074 929 1186 976 haec,
1214 929 1312 978 quod
1340 940 1435 979 quae
1465 941 1511 967 ex

61 995 192 1032 Seruio
219 994 405 1039 annotaui,
432 1005 504 1029 non
529 999 613 1028 sunt
640 992 755 1027 aliena
777 991 822 1026 ab
843 991 981 1028 Antistii
1008 993 1275 1028 conuncntariis
1299 993 1392 1029 ‘iuris
1415 1003 1512 1041 pon-

63 1055 187 1104 lificii,
212 1056 290 1091 siue
315 1052 555 1103 pontificalis,
589 1052 721 1090 deinde
746 1052 844 1102 quod
870 1053 1077 1089 Macrobius
1103 1056 1141 1100 3,
1168 1054 1205 1101 9,
1233 1066 1271 1103 p.
1291 1055 1368 1090 408
1394 1054 1510 1091 mani-

61 1119 154 1156 festo
182 1117 321 1153 Antistii
347 1115 685 1151 commentariorum
720 1113 848 1150 librum
876 1120 1045 1151 octauum
1071 1122 1108 1151 et
1133 1115 1395 1164 sexagesimum
1428 1115 1507 1152 solo

60 1179 274 1229 cognomine
309 1190 394 1213 usus
428 1177 573 1225 allegat.
626 1176 762 1212 Verum
800 1176 875 1212 eius
909 1176 1005 1212 modi
1040 1175 1203 1212 homines
1238 1184 1277 1213 ut
1303 1177 1434 1214 Festus
1470 1183 1509 1214 et

59 1241 266 1278 Macrobius
292 1240 342 1276 ita
369 1245 534 1284 tantum,
559 1239 588 1274 si
615 1250 726 1273 unum
754 1238 1043 1287 exscripserunt,
1070 1237 1115 1274 ad
1143 1249 1370 1275 communem
1397 1250 1510 1274 accu-

59 1303 208 1340 rationis
234 1313 399 1338 normam
426 1302 629 1349 exiguntur.
684 1301 762 1336 Alia
796 1301 936 1336 ratione
969 1312 1054 1336 usus
1081 1300 1296 1336 Vaassen-ius
1323 1299 1508 1337 animadu.

59 1377 101 1414 p.
112 1365 186 1399 327
212 1371 364 1413 propter
389 1375 457 1411 ea,
493 1375 585 1412 quae
612 1362 709 1412 apud
736 1362 961 1398 Macrobium
987 1374 1023 1412 p.
1039 1363 1113 1398 268
1138 1362 1330 1411 leguntur,
1366 1361 1510 1399 Corne-

60 1426 148 1462 lium
174 1425 383 1461 Labeonem
411 1426 594 1475 scripsisse
630 1431 715 1460 ante
747 1425 863 1473 legem
893 1424 1121 1460 Hortensiam
1158 1425 1204 1461 de
1232 1422 1400 1460 nundinis
1434 1424 1510 1459 exi-

58 1487 232 1534 stimauit,
259 1498 368 1536 quam
395 1487 509 1535 legem
536 1499 631 1523 anno
661 1487 704 1523 V.
728 1486 771 1522 C.
801 1488 875 1522 684
901 1498 979 1522 esse
1006 1486 1254 1535 assignandam
1282 1485 1416 1522 ibidem
1445 1485 1509 1522 de-

58 1555 296 1586 monstratum
325 1549 400 1584 iuit.
448 1549 487 1585 ld
514 1549 543 1584 si
568 1549 617 1585 ita
642 1548 752 1596 soret,
781 1549 956 1597 cogitaret
981 1547 1135 1585 fortasse
1162 1549 1241 1598 quis
1265 1549 1312 1585 de
1331 1548 1502 1584 Cornelio

31 1618 33 1621 ’
59 1612 396 1647 commentariorum
423 1612 612 1660 scriptore,
639 1618 695 1647 ter
721 1622 742 1646 a
763 1610 929 1646 Varrone
956 1609 1002 1647 de
1027 1611 1051 1647 l.
1072 1611 1095 1648 l.
1123 1617 1348 1660 nuncupato,
1375 1611 1437 1660 qui
1464 1611 1510 1646 ab

59 1673 131 1708 alio
155 1673 362 1722 importuno
389 1674 603 1721 cognomine
628 1674 666 1719 5,
698 1673 771 1708 148
798 1672 942 1708 liberari
967 1673 1093 1721 possit,
1122 1674 1151 1708 si
1176 1672 1227 1708 ita
1254 1673 1415 1721 legatur:
1450 1684 1513 1709 nec

59 1732 155 1782 quod
180 1735 237 1781 is,
280 1734 466 1770 Cornelius
490 1733 574 1770 stilo
607 1739 762 1771 secutus.
824 1734 899 1771 Sed
926 1734 1130 1770 Macrobius
1165 1734 1189 1770 l.
1215 1733 1290 1772 ind.
1318 1746 1391 1770 non
1425 1733 1512 1769 dicit

61 1795 154 1831 ullos
189 1806 234 1830 ex
266 1796 455 1831 nominatis
490 1808 511 1830 a
544 1807 583 1831 se
619 1796 734 1843 legem
763 1796 991 1831 Hortensiam
1018 1796 1227 1843 ignorasse,
1262 1795 1326 1831 sed
1353 1796 1446 1832 tueri
1471 1807 1512 1832 se

60 1857 224 1906 potuisse
252 1856 451 1905 patrocinio
481 1858 683 1902 uetustatis,
711 1862 748 1891 et
774 1856 995 1892 Niebuhrius
1021 1857 1058 1893 h.
1086 1857 1133 1893 R.
1159 1861 1198 1903 2,
1224 1869 1262 1906 p.
1278 1859 1352 1892 243
1379 1857 1510 1894 iudicio

59 1917 175 1967 Pigbii
210 1930 295 1953 ann.
324 1921 360 1964 1,
387 1929 425 1966 p.
446 1919 521 1953 409
556 1918 603 1953 de
636 1917 715 1966 lege
751 1916 826 1953 lata
859 1929 892 1954 a.
920 1918 966 1954 V.
994 1919 1037 1954 C.
1064 1919 1139 1953 466
1176 1919 1338 1956 accessit.
1403 1919 1509 1956 Aliud

60 1980 169 2015 etiam
205 1986 456 2028 argumentum
495 1978 541 2014 de
575 1985 696 2014 aetate
724 1979 834 2015 Corn.
862 1979 1043 2015 Labeonis
1080 1979 1156 2028 peti
1192 1986 1314 2028 posset
1350 1993 1372 2016 a
1397 1981 1510 2017 Festo

60 2052 98 2089 p.
115 2042 190 2076 134
208 2040 349 2086 Muell.,
377 2041 438 2076 ubi
463 2040 561 2089 quod
589 2040 634 2076 de
656 2040 744 2076 Maii
771 2042 900 2077 mensis
927 2042 1126 2090 ueriloquio
1153 2049 1374 2090 postremum
1402 2044 1510 2092 poni-

60 2108 140 2138 tur:
175 2113 221 2138 an
250 2102 346 2150 quod
373 2104 443 2151 ipsi
468 2103 545 2149 (ἱῇῑ
570 2103 688 2138 solent
709 2102 849 2138 babere
877 2102 1001 2149 codd.)
1037 2102 1122 2139 deae
1146 2105 1184 2139 in
1210 2104 1334 2141 multis
1359 2107 1511 2142 Latinis

61 2162 269 2200 ciuitatibus
293 2162 476 2210 sacrificia
501 2162 637 2209 fiebant
663 2190 673 2199 .
703 2191 736 2208 .‚
772 2165 849 2200 siue
874 2165 1090 2201 Muellerum
1117 2167 1300 2214 sequaris,
1326 2167 1402 2203 siue
1427 2179 1510 2203 ma-

61 2223 125 2260 lis:
152 2223 247 2273 quod
276 2225 348 2273 Opi
371 2224 472 2273 deae,
500 2233 615 2262 totum
642 2225 729 2261 illud
758 2227 919 2263 Cornelii
944 2226 1125 2263 Labeonis
1151 2227 1250 2277 apud
1271 2227 1385 2264 Macr.
1408 2231 1445 2275 1,
1462 2232 1510 2264 12

61 2286 190 2336 p.245
219 2287 434 2323 sententiam
470 2288 656 2324 continere
691 2286 848 2324 uidetur.
903 2289 1044 2324 Tamen
1078 2289 1109 2325 si
1143 2287 1201 2325 uel
1228 2289 1376 2326 Verrius
1401 2290 1510 2327 Flac-

61 2359 124 2384 cus
149 2348 226 2385 eius
253 2349 352 2385 libris
378 2350 431 2386 uti
456 2350 590 2399 potuit,
619 2348 794 2386 Ouidium
819 2350 982 2399 potuisse
1008 2351 1070 2387 uix
1095 2351 1272 2400 sequitur,
1300 2364 1404 2388 usum
1430 2363 1510 2389 esse

61 2410 102 2458 5,
119 2412 311 2447 81-106
337 2424 410 2448 non
436 2417 590 2448 constat.

161 2471 318 2509 Ouidius
344 2472 391 2509 de
416 2471 564 2508 historia
590 2473 675 2508 anni
700 2472 857 2509 Romani
884 2477 922 2520 3,
943 2473 1139 2509 99—154
1164 2474 1353 2525 uulgarem
1381 2474 1511 2511 docto-

66 2544 144 2569 rum
168 2546 256 2571 suae
282 2534 411 2571 aetatis
437 2541 474 2570 et
500 2534 710 2583 posterioris
739 2535 948 2583 opinionem
974 2535 1160 2583 sequitur,
1187 2534 1330 2585 qualem
1358 2537 1508 2586 exponit

66 2592 224 2632 Mam-ob.
251 2600 289 2643 1,
317 2599 364 2633 12
390 2602 427 2632 et
456 2600 526 2645 13,
553 2602 589 2632 et
616 2596 714 2632 cuius
740 2597 1002 2633 uetustissimos
1028 2602 1194 2633 auctores
1221 2598 1441 2634 Censorinus
1469 2601 1506 2645 1,

64 2656 131 2703 20,
156 2667 192 2704 p.
211 2659 281 2695 105
298 2657 470 2706 lunium,
506 2658 676 2694 Fuluium
703 2664 740 2695 et
769 2658 970 2696 Varronem
1005 2657 1141 2708 prodit.
1193 2659 1371 2697 Vixerunt
1397 2660 1433 2696 hi
1460 2670 1504 2696 ea
