1685 2954
590 155 690 186 me.
719 154 956 192 varvs
1213 180 1215 182 .
1410 139 1495 184 225

164 257 336 301 Restitit
368 256 421 299 ad
454 260 618 297 nostras
653 257 768 298 fessa
795 255 932 312 labore
960 255 1083 297 fores.

106 327 239 381 Quam
266 325 384 366 simul
412 324 568 376 aspexi,
596 324 693 377 quid
720 330 776 376 te,
807 320 1009 376 Saturnia,
1041 323 1138 376 dixi,
1410 323 1492 362 235

106 393 112 398 ’
160 390 343 436 Attulit?
378 391 563 444 exponit,
593 403 714 444 quem
742 396 878 444 petat,
907 391 975 431 illa
1000 391 1146 443 locum,

105 462 274 504 Addidit
303 466 345 500 et
374 470 557 499 causam.
594 457 732 499 uerbis
760 457 920 498 solabar
950 457 1106 499 amicis.

158 530 267 580 Non,
294 525 435 579 inquit,
463 525 601 567 uerbis
631 539 728 567 cura
755 524 931 565 leuanda
958 537 1052 566 mea
1080 530 1160 566 est.

101 597 149 640 Si
176 601 293 649 pater
321 599 387 634 est
414 592 556 634 factus
584 594 778 647 neglecto
808 592 998 646 coniugis
1026 604 1106 633 usu

156 663 349 716 Iuppiter,
379 666 426 701 et
459 661 572 701 solus
601 673 748 701 nomen
775 665 990 714 utrumque
1019 665 1149 713 tenet,
1411 658 1494 698 240

100 730 186 773 Cur
216 741 298 783 ego
327 728 540 781 desperem
573 728 660 769 fieri
686 728 777 768 sine
806 729 983 782 coniuge
1012 733 1148 768 mater

155 799 212 838 Et
237 809 381 850 parere
407 797 576 848 intacto,
604 794 821 836 dummodo
850 802 983 848 casta,
1012 791 1132 836 uiro?

101 858 251 906 Omnia
276 864 485 916 temptabo
514 863 609 904 latis
634 863 903 904 medicamina
933 862 1066 914 terris,

156 933 213 972 Et
249 932 355 972 freta
383 932 603 971 Tartareos
637 931 926 983 excutiamque
966 930 1093 970 sinus.

101 998 198 1040 Vox
227 1003 317 1039 erat
344 997 385 1038 in
416 1010 548 1039 cursu.
587 999 742 1038 uoltum
770 996 991 1038 dubitantis
1018 993 1230 1036 habebam.
1412 996 1492 1036 245

157 1064 315 1107 Nescio
345 1065 453 1119 quid,
481 1066 674 1119 nymphe,
703 1077 831 1117 posse
860 1063 1025 1115 uiden's,
1054 1063 1124 1103 ait.

102 1134 185 1174 'rer
212 1133 322 1174 uolui
350 1134 586 1186 promittere
615 1144 747 1185 opem,
777 1139 840 1173 ter
868 1133 1010 1185 lingua
1036 1135 1199 1172 retenta
1230 1133 1319 1171 est:

155 1201 219 1240 Ira
246 1194 357 1241 Iouis
385 1200 524 1254 magni
553 1212 682 1240 causa
714 1199 869 1240 timorIS
898 1204 996 1240 erat.

100 1266 195 1319 Fer,
223 1279 380 1319 precor,
410 1267 614 1318 auxilium,
643 1265 760 1307 dixit.
798 1265 994 1307 celabitur
1022 1271 1184 1307 auctor:

156 1334 213 1373 Et
241 1333 418 1387 Stygiae
447 1346 596 1374 numen
622 1333 871 1375 testificatur
899 1345 1048 1386 aquae.
1412 1332 1494 1371 250

101 1398 224 1451 Quod
252 1403 373 1454 petis,
403 1399 571 1453 Oleniis,
600 1401 777 1454 inquam,
806 1399 903 1441 mihi
930 1400 1082 1440 missus
1111 1399 1162 1440 ab
1190 1396 1300 1440 aruis

157 1468 257 1508 Flos
286 1468 407 1509 dabit.
446 1474 512 1509 est
539 1469 668 1510 hortis
695 1469 842 1510 unicus
868 1468 935 1509 ille
963 1468 1080 1509 meis.

47 1571 247 1614 querentur
272 1562 333 1602 A.
381 1569 460 1611 Ita,
487 1566 607 1614 furta,
640 1563 735 1604 ³112.
780 1566 878 1604 facta
910 1567 1038 1603 caeteri
1064 1576 1195 1602 omnes.
1241 1564 1370 1601 marito
1393 1575 1434 1612 93
1461 1566 1496 1600 P

47 1626 131 1651 aar.
147 1626 217 1650 scr.
320 1618 406 1653 234.
441 1617 488 1652 ad
515 1618 618 1653 nobis
642 1617 737 1653 fessa
764 1629 796 1654 s.
844 1618 970 1653 labore
996 1617 1072 1653 uias
1098 1613 1148 1652 Γ.
1250 1615 1338 1651 235.
1373 1614 1494 1658 Quem

48 1663 70 1700 b
86 1677 160 1701 ma.
176 1675 233 1712 pr.
275 1665 396 1708 Quam
422 1674 614 1716 postquam
640 1668 714 1703 uidi
740 1667 824 1716 quid
850 1670 912 1703 20.
953 1667 1101 1716 adspexi
1125 1663 1173 1702 b?
1200 1677 1277 1714 asp.
1295 1665 1356 1714 qui
1382 1672 1419 1701 te
1440 1662 1492 1702 Φ.

0 1736 1 1753 ι
97 1716 185 1750 236.
212 1716 286 1751 Att.
314 1717 479 1765 exposuit
503 1722 577 1753 tres
596 1721 630 1752 et
648 1717 700 1753 ed.
720 1717 872 1754 Mediol.
913 1729 1018 1766 quem
1045 1717 1135 1766 petit
1161 1713 1205 1751 N
1217 1713 1361 1752 02va
1387 1717 1495 1763 quin-

0 1762 1 1772 *
48 1775 115 1813 que
139 1768 173 1800 et
196 1769 283 1802 uett.
311 1765 365 1802 ed.
418 1773 492 1815 pet.
521 1768 599 1816 ipsa
625 1765 819 1804 ΡΓΡΨν
844 1779 909 1803 sem·
934 1772 968 1802 et
993 1766 1047 1803 ed.
1074 1765 1177 1803 Med.
1224 1766 1304 1815 ipsa
1331 1765 1447 1801 solum
1472 1776 1494 1802 1·

47 1826 190 1864 ma.pr.
292 1818 379 1851 237.
406 1816 530 1852 Edidit
557 1824 593 1853 et
611 1819 688 1853 P3.
731 1828 856 1853 causas
879 1817 970 1853 GO.
1073 1818 1160 1853 238.
1187 1815 1268 1852 Nec
1294 1816 1393 1864 inqu.
1414 1814 1494 1851 edd.

52 1866 141 1901 Ven.
163 1867 239 1902 Vic.
285 1865 370 1902 Non
398 1868 516 1902 uerbis
543 1867 656 1916 inquit
683 1868 744 1903 34.
787 1867 909 1915 inquid
936 1869 1120 1915 Ema.pr.
1223 1867 1310 1903 239.
1344 1865 1390 1901 Εἰ
1415 1871 1495 1914 pat.
1546 1880 1554 1892 1

48 1913 70 1951 b
87 1927 160 1951 ma.
179 1927 237 1963 pr.
282 1916 541 1965 coniungis‘D.
643 1919 730 1954 240.
757 1917 893 1965 Iupiter
920 1918 1013 1953 DE.
1053 1917 1187 1965 lopiter
1211 1917 1255 1952 P.
1298 1920 1335 1952 et
1362 1927 1493 1952 nomen

48 1965 146 2001 solus
173 1972 244 2003 utr.
272 1963 334 2002 A.
379 1968 463 2003 solis
490 1966 510 2003 b
527 1979 600 2004 ma.
618 1979 675 2015 pr.
726 1979 858 2004 numen
886 1969 930 2003 P.
1044 1968 1132 2002 241.
1169 1977 1236 2015 ego
1271 1965 1493 2014 despicerem

49 2012 93 2051 A
111 2015 195 2052 duo.
236 2028 304 2065 ego
331 2016 494 2053 desierim
520 2018 599 2054 fieri
623 2029 742 2053 11111111.
753 2020 869 2066 pr.l2
880 2019 986 2053 2022
1009 2021 1177 2066 quat-nor.
1278 2017 1365 2052 242.
1393 2028 1494 2053 cassa

47 2076 157 2101 rma.
174 2077 230 2113 pr.
280 2074 378 2103 casta
413 2068 496 2104 ioue
525 2071 570 2104 Τ.
682 2070 768 2103 243.
806 2074 932 2116 tempt.
961 2069 1064 2104 laetis
1090 2069 1167 2103 Zm
1178 2078 1250 2103 ma.
1260 2078 1317 2116 pr.
1362 2072 1491 2116 tempt.

48 2114 143 2152 latiis
168 2117 288 2153 2933.
392 2119 479 2154 244.
507 2119 763 2166 excuciamque
789 2115 968 2154 DEGF.
1008 2129 1079 2168 que
1104 2118 1197 2153 lares
1223 2120 1268 2154 E.
1308 2129 1379 2166 que
1404 2116 1492 2153 deos

46 2176 96 2202 rs
121 2167 285 2214 quinque.
388 2169 476 2204 245.
504 2168 588 2204 Nox
613 2180 736 2206 mma.
754 2180 811 2217 pr.
852 2169 940 2204 uult.
970 2168 1171 2204 meditantis
1196 2179 1228 2204 r.
1273 2167 1432 2203 habebat
1456 2179 1493 2203 m

47 2226 124 2252 ma.
139 2228 195 2265 pr.
223 2216 307 2253 duo.
410 2220 497 2256 246.
531 2219 679 2268 nimphe
704 2221 784 2255 mei.
831 2231 869 2254 11.
896 2220 987 2254 scire
1014 2218 1086 2255 uid.
1111 2230 1134 2266 9
1152 2229 1306 2255 masec.
1328 2217 1352 2254 h
1370 2217 1440 2253 duo
1458 2221 1493 2253 et

47 2269 136 2302 wett.
155 2266 209 2302 ed.
311 2269 399 2304 248.
426 2280 555 2317 magna
580 2274 665 2305 tres.
710 2280 817 2304 causa
843 2268 975 2305 doloris
1001 2269 1083 2306 dno.
1184 2270 1271 2304 249.
1305 2267 1492 2304 auxsilium

49 2311 98 2351 Γ.
136 2316 226 2352 dixit
250 2317 489 2354 celebrabitur
513 2313 572 2355 ss
588 2326 689 2355 actor
713 2318 825 2364 faiii.
927 2321 1013 2356 250.
1042 2320 1090 2355 Et
1113 2330 1246 2354 numen
1272 2319 1409 2367 stygiae
1426 2316 1489 2354 Λ.

49 2365 130 2415 stig.
159 2368 326 2404 DEGr.
382 2381 513 2404 nornen
541 2367 1082 2418 Ema.pr.FMNAEhmp
1107 2370 1238 2417 uiginti
1262 2373 1295 2405 ct
1320 2373 1406 2404 αισα.
1432 2367 1488 2404 ed.

50 2416 128 2461 Ita,
151 2417 376 2465 testificatur,
404 2422 624 2468 mea.pr.
637 2432 660 2468 p
676 2424 755 2456 test.
773 2421 886 2457 (ἔνου.
903 2423 951 2456 28
966 2425 1050 2457 tres.
1096 2420 1305 2456 testificator
1330 2431 1350 2455 r
1369 2416 1489 2455 alius?

52 2465 266 2503 testificabor
291 2471 434 2505 caeteri.
536 2473 622 2515 251.
651 2470 749 2513 Quid
769 2478 843 2519 pet.
868 2473 913 2507 Β.
954 2472 1046 2520 petis
1073 2471 1218 2519 egeticis
1245 2470 1318 2518 inq.
1336 2467 1386 2505 Γ.
1420 2480 1487 2518 pe-

52 2513 97 2549 tis
121 2514 189 2551 hoc
214 2518 335 2564 geticis
360 2520 434 2568 inq.
464 2531 678 2568 vmna.pr.s
697 2526 774 2557 octo
793 2520 870 2557 alii.
908 2521 1003 2557 olen.
1030 2532 1148 2569 nuper
1173 2519 1260 2555 mihi
1286 2531 1395 2557 1111118.
1432 2519 1488 2554 111-

51 2574 162 2611 quam
186 2567 247 2602 tibi
272 2570 368 2609 miss.
393 2573 428 2606 E
436 2569 460 2606 h
486 2573 637 2619 quinque
651 2572 803 2615 Ηοὶηεὶἱ,
830 2571 895 2607 αἰξὶ
919 2575 985 2607 aut
1010 2570 1115 2607 iidem
1137 2569 1228 2616 Giof.
1256 2574 1289 2606 ct
1314 2574 1399 2606 uett.
1416 2568 1499 2613 etl-5·

51 2610 94 2649 A
111 2625 272 2653 nar-scr.
310 2619 393 2656 mihi
419 2621 546 2656 messis
572 2622 616 2656 ab
645 2624 707 2656 20.
748 2622 793 2656 ab
819 2620 916 2657 horis
944 2623 978 2656 D
998 2620 1065 2658 Gb
1081 2633 1153 2657 ma.
1170 2632 1227 2669 pr.
1242 2621 1304 2656 41.
1343 2620 1389 2655 ab
1415 2619 1486 2654 oris

56 2661 302 2720 (JFOprr
317 2675 411 2716 οοῦος
440 2668 531 2706 ΦΛ
546 2683 627 2708 urzr.
642 2683 711 2707 scr.
746 2671 792 2707 ab
814 2672 883 2708 aris
902 2683 1006 2709 imus.
1049 2672 1094 2708 ab
1115 2671 1208 2720 agris
1231 2668 1284 2709 Ψ.
1329 2671 1376 2707 ab
1399 2668 1485 2706 hor-

50 2718 95 2749 tis
120 2716 156 2751 E
170 2726 250 2752 ναν.
270 2728 338 2755 sor.
437 2722 525 2759 252.
552 2728 607 2758 est
633 2722 720 2758 ortis
746 2719 834 2758 ΕΓ.

101 2775 160 2807 On.
177 2776 270 2807 Fasti.
626 2773 639 2778 ⁹
1128 2783 1174 2819 15
