1685 2954
138 104 195 145 70
699 120 1012 150 FAsronvM

196 218 388 258 Proxima
415 218 486 257 lux
514 229 648 258 uacua
677 225 754 260 est.
796 221 856 260 At
884 222 1006 261 tertia
1033 221 1145 262 dicta
1174 220 1350 272 Quirino.

253 284 334 336 Qui
362 290 478 325 tenet
505 284 586 324 hoc
615 297 775 340 nomen,
802 288 1002 345 Romulus
1031 295 1129 329 ante
1156 288 1242 330 suit.

199 351 302 392 Siue
333 352 441 404 quod
466 352 588 392 hasta
618 354 726 393 curis
754 355 901 407 priscis
931 362 997 396 est
1025 357 1135 397 dicta
1164 356 1341 408 Sabinis,
1507 357 1586 396 475

254 420 437 460 Bellicus
464 433 489 460 a
519 421 603 460 telo
631 422 745 461 uenit
771 420 811 461 in
841 429 953 464 astra
982 424 1103 464 deus:

200 487 302 528 Siue
331 500 406 527 suo
436 488 526 542 regi
554 501 700 528 nomen
728 501 902 540 posuere
932 490 1129 541 Quirites:

256 555 343 594 Seu
373 556 467 608 quia
491 556 690 596 RomaniS
718 556 904 597 iunxerat
931 557 998 598 ille
1029 558 1175 599 Cures.

199 622 307 662 Nam
334 629 449 674 pater
474 624 724 675 armipotens
755 627 971 676 postquam
1000 638 1106 664 noua
1133 626 1294 665 moenia
1321 625 1434 678 uidit,

255 690 469 743 Multaque
499 690 699 730 Romulea
728 691 834 730 bella
863 698 1032 742 peracta
1061 705 1196 744 manu,
1514 695 1593 732 480

200 756 391 810 Iuppiter,
421 756 562 810 inquit,
592 758 718 797 habet
743 770 909 797 romana
939 759 1122 810 potentia
1151 761 1280 800 uires:

256 825 484 879 Sanguinis
512 825 646 865 officio
676 838 767 881 non*
785 831 886 879 eget
915 826 981 865 illa
1010 828 1101 866 mei.

202 892 350 933 Redde
378 893 485 945 patri
513 899 663 933 natum.
708 879 893 945 quamuis
922 893 1128 933 intercidit
1156 894 1271 946 alter,

256 961 336 1003 Pro
370 973 418 1001 se
455 973 611 1013 proque
639 960 770 1000 Remo
806 959 874 1013 qui
903 959 999 999 mihi
1034 966 1186 1012 restat,
1224 962 1310 1001 erit.

205 1027 327 1067 Vnus
357 1025 445 1080 erit,
475 1040 597 1080 quem
623 1033 669 1068 tu
697 1028 817 1067 tolles
847 1029 887 1067 in
916 1029 1080 1068 caerula
1111 1029 1229 1081 caeli,
1519 1030 1598 1069 485

262 1095 326 1134 'l'u
350 1096 447 1134 mihi
477 1093 627 1134 dixisti.
666 1095 749 1135 sint
777 1101 866 1135 rata
895 1095 1004 1136 dicta
1027 1096 1150 1136 Iouis.

204 1161 386 1215 Iuppiter
414 1168 622 1203 annuerat.
663 1168 763 1202 nutu
793 1164 1064 1203 tremefactus
1093 1170 1266 1216 uterque

260 1231 341 1270 Est
369 1231 486 1283 polus
515 1235 559 1268 et
588 1231 693 1270 caeli
721 1229 901 1282 pondera
924 1230 1051 1270 mouit
1074 1232 1207 1271 Atlas.

205 1297 285 1336 Est
313 1297 444 1349 locus,
474 1296 630 1350 antiqui
659 1298 846 1350 Capreae
876 1297 1015 1338 dixere
1043 1299 1245 1350 paludem.

262 1363 389 1404 Forte
417 1366 499 1405 tuis
526 1366 619 1418 illic,
646 1365 833 1418 Romule,
861 1364 947 1405 iura
978 1365 1117 1406 dabas.
1523 1366 1605 1406 490

207 1429 282 1472 Sol
309 1432 416 1486 fugit
445 1439 488 1473 et
516 1439 728 1473 remouent
755 1433 973 1474 subeuntia
1001 1434 1138 1474 nubila
1167 1433 1338 1484 caelum,

207 1573 294 1608 473.
324 1578 379 1608 est
405 1584 449 1608 ac
475 1579 558 1610 tert.
579 1572 625 1610 Γ.
667 1574 779 1609 tercia
807 1573 842 1609 d.
872 1574 1001 1623 quirini
1032 1575 1078 1610 G.
1120 1572 1260 1621 quirino
1287 1578 1342 1608 est
1362 1572 1418 1612 ,0.
1520 1571 1608 1609 475.

156 1624 239 1668 Ita,
266 1623 380 1670 curis,
411 1626 444 1659 B
467 1636 542 1660 ma.
565 1637 636 1661 sec.
664 1621 897 1661 FMEZm
923 1637 995 1661 ma.
1016 1636 1071 1673 pr.
1101 1625 1167 1668 2)ss
1194 1623 1277 1658 duo.
1327 1634 1430 1658 cures
1456 1621 1494 1659 A
1511 1624 1608 1659 820.

158 1673 257 1722 quris
284 1672 366 1710 cluo.
406 1675 502 1722 qyris
529 1686 635 1711 imus.
677 1675 784 1724 quiris
810 1675 939 1723 reliqui
964 1676 1090 1722 scripti
1116 1678 1149 1709 elr
1176 1672 1254 1709 edd.
1279 1685 1374 1709 saec.
1402 1684 1478 1709 xv.
1517 1674 1610 1722 quir.

158 1723 264 1771 piscis
282 1726 327 1759 E.
373 1725 465 1773 quir.
493 1725 613 1773 primis
640 1728 676 1762 7.
779 1727 865 1761 476.
894 1737 914 1760 a
943 1726 1036 1760 bello
1056 1727 1106 1760 M
1118 1724 1163 1760 O.
1206 1735 1289 1759 uen.
1315 1724 1358 1758 ad
1384 1730 1480 1759 astra
1499 1722 1609 1760 AT.

164 1772 286 1810 Gloss.
305 1776 360 1809 D:
387 1786 409 1810 a
436 1774 522 1819 telo]
553 1776 685 1811 uirtute
711 1775 783 1811 teli.
889 1778 975 1813 477.
1005 1775 1092 1810 Siue
1111 1786 1214 1809 suum
1236 1773 1309 1822 regi
1331 1774 1453 1810 ΟΜηι
1470 1785 1610 1810 nonem.

159 1832 225 1859 suo
254 1836 384 1860 nomen
413 1826 487 1873 regi
511 1837 567 1874 93)
588 1837 666 1861 sex.
772 1827 858 1861 478.
888 1826 961 1861 Seu
991 1824 1087 1873 quod
1118 1837 1207 1860 rom.
1229 1826 1273 1860 E.
1318 1836 1486 1860 romanus
1515 1826 1612 1860 uice-

160 1881 218 1910 rat
243 1887 266 1923 p
292 1887 375 1911 nar.
395 1887 465 1911 scr.
513 1878 646 1912 uicerat
674 1876 757 1912 duo.
810 1877 948 1911 uixerat
977 1877 1005 1912 G
1032 1887 1111 1911 nur.
1127 1887 1197 1912 scr.
1302 1876 1388 1910 479.
1418 1881 1610 1924 postquam
1661 1874 1664 1879 ’

159 1936 226 1960 sua
253 1937 371 1961 moen.
398 1938 420 1973 9
447 1938 525 1962 sex.
565 1928 681 1962 menia
711 1929 801 1962 DE.
907 1928 992 1962 480.
1029 1939 1100 1974 qne
1127 1938 1197 1961 om.
1224 1924 1254 1971 f.
1294 1933 1448 1974 perapta
1475 1925 1510 1962 h.

212 1976 299 2012 481.
332 1976 465 2026 lopiter
490 1980 533 2012 P.
577 1977 712 2026 Iupiter
736 1975 896 2016 EGFr.
999 1979 1084 2012 482.
1115 1976 1226 2024 Sang.
1253 1976 1313 2012 illa
1338 1977 1408 2011 mei
1434 1988 1503 2012 non
1532 1982 1614 2024 eget

164 2024 284 2061 officio
300 2024 352 2062 A.
387 2034 468 2073 eget
486 2028 553 2062 ista
569 2029 618 2064 N.
654 2041 708 2076 eg.
731 2029 791 2063 ille
814 2041 847 2063 m
863 2040 933 2064 ιηα.
947 2039 1003 2076 pr.
1042 2027 1102 2062 illa
1123 2039 1202 2062 meo
1221 2029 1264 2062 Ε.
1368 2029 1453 2062 483.
1481 2026 1611 2063 Redde

163 2082 270 2125 pater
296 2084 370 2113 nat.
397 2076 490 2125 Gb9
507 2079 555 2112 29
576 2082 658 2114 tres.
696 2080 848 2127 quanuis
868 2081 916 2115 D.
954 2078 1116 2127 quamuis
1143 2084 1248 2126 pater
1274 2077 1452 2113 intercidit
1470 2089 1517 2113 m.
1556 2077 1612 2112 in·
1639 2111 1648 2124 ,

165 2127 314 2163 tersidet
340 2131 375 2163 8.
417 2129 594 2164 intercidit
617 2129 727 2164 altum
748 2129 784 2164 A
801 2132 862 2164 43.
902 2130 1026 2164 intere.
1053 2128 1112 2164 ille
1135 2130 1178 2165 Τ.
1279 2130 1366 2164 484.
1396 2127 1480 2163 milri
1507 2137 1612 2176 prae-

165 2182 239 2213 stat
265 2179 334 2213 erit
361 2180 410 2214 D.
515 2180 601 2215 485.
630 2180 696 2215 erit
723 2192 791 2216 om.
822 2179 840 2215 b
868 2192 938 2215 nm.
957 2191 1012 2228 pr.
1055 2186 1131 2214 erat
1157 2176 1207 2215 Ψ.
1252 2179 1396 2214 coerula
1416 2175 1469 2213 A.
1511 2176 1614 2212 tolles

166 2227 212 2263 ad
240 2228 359 2264 sidera
387 2229 477 2264 caeli
509 2227 577 2277 ²Fp
604 2235 694 2266 octo.
736 2231 770 2265 in
798 2231 914 2266 sidera
942 2230 1029 2265 caeli
1056 2228 1185 2277 reliqui
1213 2228 1292 2265 libra
1318 2232 1461 2277 praeter
1483 2223 1617 2263 ΑΓΖ

165 2290 203 2313 m
234 2283 268 2314 et
299 2278 390 2316 duos
421 2279 515 2321 Giof.
544 2284 576 2315 et
603 2282 736 2329 Neap.,
772 2293 860 2329 quos
886 2293 957 2329 seq.
1077 2282 1164 2315 486.
1201 2279 1271 2316 dix.
1301 2286 1385 2315 sunt
1415 2278 1444 2314 G
1466 2289 1537 2313 ma.
1557 2289 1614 2325 pr.

173 2329 207 2364 G
234 2333 317 2365 tres.
359 2343 439 2366 rara
470 2333 501 2366 E
518 2343 589 2366 ιηιε.
608 2343 663 2378 pr.
705 2338 782 2367 rata
812 2333 923 2368 uerba
950 2331 1022 2366 iou.
1050 2328 1097 2366 Γ.
1202 2332 1289 2366 487.
1318 2329 1449 2378 lopiter
1472 2329 1517 2366 P.
1556 2328 1616 2363 Iu-

168 2379 265 2426 piter
284 2379 422 2420 ΕΘΓ.
460 2381 543 2417 adn.
567 2379 635 2417 (1Γέ
675 2394 759 2417 anri.
788 2389 886 2418 motu
910 2384 989 2418 DE
1005 2381 1091 2425 ‹11103
1125 2378 1168 2417 iP'
1186 2392 1264 2416 aar.
1281 2391 1350 2416 scr.
1453 2380 1542 2414 488.
1568 2377 1618 2414 Et

169 2429 274 2477 polus
299 2442 330 2466 s.
375 2432 465 2468 caeli
491 2432 608 2467 sideru
640 2435 682 2468 r1¹.
731 2432 893 2480 pondere
921 2438 1037 2467 motus
1065 2431 1154 2467 atlas
1181 2442 1284 2466 unus.
1324 2427 1487 2477 pondera
1517 2429 1618 2464 nouit

168 2477 236 2514 ΕΙυ
262 2485 418 2527 (μιαίιιον
443 2486 476 2518 et
503 2487 586 2518 neit.
614 2482 687 2526 e‹1.;
715 2485 763 2519 M
792 2495 869 2519 aar.
888 2495 957 2520 scr.
1009 2481 1171 2530 pondera
1197 2480 1305 2516 sensit
1326 2475 1514 2515 ΓΙΙΨΣ
1532 2480 1617 2515 241

168 2527 256 2574 ἀιιο;
284 2533 332 2565 Μ
355 2543 432 2567 uar-
449 2545 518 2569 scr.
549 2537 581 2568 et
609 2536 643 2569 E
666 2546 740 2569 mu.
768 2535 948 2570 recentiss.
992 2532 1107 2567 athlas
1131 2528 1325 2568 EGsbr.
1428 2531 1514 2566 489.
1542 2534 1633 2574 ant..

169 2590 284 2628 capae
311 2583 346 2616 D
373 2594 447 2618 mu.
466 2595 521 2630 pr.
575 2595 665 2632 cape
694 2583 712 2619 b
740 2596 812 2620 nia.
831 2596 886 2633 pr.
939 2594 1070 2632 caprae
1097 2578 1231 2617 Pllm
1258 2591 1330 2616 nia.
1352 2591 1408 2629 pr.
1450 2590 1618 2630 capream

168 2626 282 2666 TIO.
324 2632 472 2680 paludes
502 2631 862 2680 BOEGesLHeins.)
878 2633 960 2670 duo.
1065 2633 1152 2667 490.
1180 2631 1291 2666 Forte
1319 2631 1402 2666 uiris
1428 2630 1476 2667 ill.
1511 2630 1620 2668 sz

169 2682 334 2728 quinque.
373 2689 454 2718 tura
472 2683 518 2718 Α.
622 2686 708 2720 491.
737 2684 802 2720 Sol
829 2685 932 2732 fulgit
952 2686 1137 2731 Dma.pr.
1180 2688 1217 2718 et
1239 2687 1425 2718 remanent
1444 2681 1524 2718 sub.
1551 2679 1618 2726 f8.
