1685 2954
174 122 259 175 226
729 131 1049 163 FASTORVM

229 235 310 288 Qui
330 234 464 288 dabat,
492 234 586 287 hoc,
613 232 728 287 dixit,
757 233 939 275 sterilem
959 242 1120 286 quoque
1148 236 1276 285 tange
1301 230 1528 288 inuentum,

286 304 423 343 Mater
453 302 544 349 erit„
577 299 712 356 tetigi,
739 313 820 341 neo
845 311 968 351 mora,
996 304 1126 340 mater
1153 304 1255 339 erat.

229 370 421 411 Protinus
456 369 690 409 haerentem
725 367 913 419 decerpsi
941 367 1088 420 pollice
1120 366 1279 407 florem:
1531 367 1611 405 255

287 438 500 490 Tangitur,
529 442 573 477 et
600 440 716 476 tacto
745 432 925 487 concipit
952 434 1019 474 illa
1047 431 1150 474 sinu.

230 505 395 557 Iamque
423 502 564 558 grauis
592 503 780 543 Thracen
808 507 852 541 et
879 502 998 541 laeua
1024 498 1295 554 Propontidos
1323 498 1459 550 intrat,

285 572 435 625 Fitque
462 577 611 624 potens
639 570 736 621 uoti,
764 568 961 621 Marsque
990 575 1153 609 creatus
1181 573 1280 609 erat.

231 637 311 690 Qui
339 651 491 679 memor
517 638 679 690 accepti
707 649 780 688 per
809 648 877 675 me
905 635 1067 686 natalis,
1094 626 1245 675 habeto

287 707 353 746 Tu
381 717 542 758 quoque
569 702 783 752 Romulea,
812 699 926 752 dixit,
954 701 995 740 in
1022 701 1121 740 urbe
1148 701 1294 741 locum.
1533 704 1615 739 260

230 771 420 812 Forsitan
448 773 488 811 in
520 771 672 811 teneris
701 774 861 809 tantum
888 780 982 808 mea
1010 780 1140 821 regna
1172 767 1333 808 coronis

285 840 394 879 Esse
424 844 556 891 putes.
594 835 728 890 tangit
749 847 905 876 numen
933 841 976 874 et
1005 848 1101 875 arua
1126 847 1273 875 meum.

231 904 279 946 Si
305 905 411 945 bene
438 905 644 945 floruerint
672 907 860 956 segetes,
889 902 965 941 erit
990 914 1086 946 area
1112 901 1247 943 diues:

286 972 335 1013 Si
361 972 468 1011 bene
496 971 674 1011 floruerit
701 971 836 1022 uinea,
863 970 1058 1010 Bacchus
1086 969 1174 1021 erit,

229 1038 279 1080 Si
307 1039 414 1078 bene
445 1039 649 1079 floruerint
677 1038 808 1090 oleae,
837 1036 1106 1077 nitidissimus
1135 1048 1283 1077 aniius:
1536 1040 1616 1076 265

286 1107 415 1146 Poma
444 1118 606 1159 quoque
637 1111 830 1147 euentum
860 1105 1055 1157 temporis
1083 1104 1204 1143 huius
1233 1104 1395 1143 habent.

228 1174 349 1214 Flore
377 1174 506 1214 semel
535 1174 649 1213 laeso
679 1178 852 1225 pereunt
879 1172 1094 1224 uiciaeque
1124 1171 1340 1224 fabaeque,

225 1285 311 1321 253.
342 1284 463 1327 Quom
491 1283 589 1319 dedit
616 1283 685 1318 hoc
708 1295 907 1331 ymmsec.
953 1282 1023 1318 Cui
1049 1281 1132 1318 dab.
1160 1285 1197 1320 2.
1237 1281 1310 1324 Qui
1336 1281 1436 1317 dabit
1463 1283 1618 1318 BDEF

180 1336 214 1371 G
227 1332 266 1370 Φ
276 1339 355 1370 test.
367 1336 493 1370 Heius.
506 1332 558 1370 M
569 1331 603 1369 O
613 1331 649 1369 Ρ
660 1332 729 1370 ³151,
735 1346 758 1381 9
770 1345 842 1369 ma.
854 1344 911 1380 pr.
923 1344 946 1381 p
956 1344 1058 1369 rma.
1070 1344 1126 1381 pr.
1140 1335 1245 1367 2021
1259 1333 1309 1367 44
1335 1331 1548 1380 φιὶηιῖεσίηις
1574 1329 1619 1367 Ν

176 1384 390 1422 Δααν.εον.
431 1385 505 1427 Qui
533 1384 630 1420 dedit
655 1380 1038 1420 ΟΦΓΛΝΠΔΣΓ
1049 1381 1477 1429 merenasumleuiyinti,
1501 1385 1617 1419 Mar-

174 1437 290 1472 susin
306 1434 525 1471 ed.Me‹liol.
567 1435 650 1470 dab.
677 1434 797 1480 (ded.)
826 1434 920 1469 hunc
945 1430 1067 1469 0112
1076 1432 1178 1469 bma.
1190 1435 1323 1469 εσυ-,82
1350 1432 1618 1480 quatuordecim

175 1485 231 1522 ed.
251 1485 402 1521 Mediol.
452 1485 536 1521 dab.
565 1484 621 1520 hie
650 1486 682 1521 0
710 1484 790 1521 duo.
837 1481 935 1520 hoc?
963 1483 1034 1519 dixi
1061 1490 1146 1519 ster.
1173 1485 1218 1519 E.
1267 1482 1336 1518 hoc
1362 1483 1433 1517 dixi
1459 1489 1544 1518 ster.
1575 1480 1617 1517 Φ

182 1534 242 1581 Ψ;
268 1533 314 1571 Ν
327 1547 407 1572 uar.
425 1547 494 1571 scr.
547 1535 615 1571 hoc
648 1536 763 1583 inquit
794 1541 879 1570 ster.
908 1535 971 1569 44.
1027 1546 1138 1582 quoq.
1167 1540 1315 1580 tangere
1342 1534 1386 1568 E.
1427 1532 1546 1568 Gloss.
1565 1535 1617 1568 E:

176 1586 263 1630 Qui]
286 1587 308 1622 i.
326 1597 359 1621 e.
378 1585 573 1633 quomodo.
674 1587 761 1620 254.
789 1584 878 1620 Mat.
908 1590 987 1619 erat
1012 1595 1042 1619 s.
1081 1584 1197 1631 tetigit
1226 1579 1616 1619 BDEFFMNma.

175 1648 231 1686 pr.
245 1632 331 1671 PH
344 1633 427 1672 ²155.
437 1635 500 1671 Tb
509 1635 561 1683 ἢ)
572 1648 591 1672 r
602 1636 796 1671 3203344
811 1634 956 1670 sedecim
966 1647 976 1678 ;
1005 1631 1045 1669 <D
1056 1645 1139 1670 aar.
1154 1645 1225 1669 sor.
1328 1633 1415 1668 255.
1439 1632 1619 1681 decerpsit

175 1689 210 1723 E
223 1698 296 1722 ma.
311 1698 379 1722 sec.
399 1686 423 1722 h
439 1685 516 1722 edd.
532 1686 619 1721 Am.
637 1687 743 1734 prim.
760 1684 931 1728 Me‹liol.;
958 1682 999 1719 A
1015 1696 1097 1719 παν.
1112 1695 1183 1720 scr.
1225 1683 1323 1719 haer.
1352 1682 1471 1718 detexi
1496 1694 1613 1731 puar.

175 1748 245 1773 scr.
282 1736 446 1786 decerpsi
465 1737 600 1784 cespite
618 1741 700 1772 tres.
804 1736 892 1770 256.
921 1734 1058 1782 Tangit
1076 1740 1112 1769 et
1132 1746 1152 1769 e
1168 1740 1264 1769 tacto
1284 1732 1307 1769 h
1324 1736 1409 1768 uolt.
1423 1731 1477 1772 ed.
1514 1733 1618 1768 Tan-

175 1788 272 1836 gitur
298 1794 334 1822 et
363 1798 383 1822 e
410 1793 506 1821 tacto
534 1791 617 1823 tres.
659 1786 796 1834 Tangit
821 1791 857 1820 et
884 1785 1017 1819 intacto
1034 1796 1134 1819 conc.
1154 1783 1235 1820 duo.
1276 1784 1456 1831 Tangitur
1481 1783 1616 1819 intacto
1669 1808 1675 1816 ,

175 1849 279 1873 conc.
305 1848 328 1884 9
346 1849 419 1873 ηια,
436 1848 492 1884 pr.
519 1839 676 1873 Marsus
700 1838 739 1872 in
764 1834 817 1871 cd.
837 1833 990 1871 Mediol.
1039 1840 1076 1870 et
1108 1835 1217 1870 tacito
1250 1845 1350 1869 conc.
1376 1831 1426 1869 A
1442 1838 1618 1881 quatuor5

173 1899 196 1936 p
214 1899 381 1923 manser.
483 1888 570 1923 257.
602 1887 667 1922 Illa
693 1886 811 1934 grauis
842 1887 890 1921 D.
939 1895 1061 1933 tracen
1088 1887 1123 1921 E
1133 1886 1207 1921 Gr.
1253 1890 1387 1920 tracem
1417 1881 1469 1920 Φ.
1517 1883 1616 1919 thar-

173 1949 239 1973 cen
266 1935 296 1982 Γ.
336 1944 534 1986 tracenque
560 1938 642 1972 lena
669 1935 901 1985 propomidas
923 1932 957 1971 bss
998 1935 1145 1971 thracen
1164 1935 1381 1982 laeuamque
1399 1946 1505 1983 prop,
1526 1932 1615 1977 (Ιαος

178 1988 385 2024 Οῑιιιικεεν.
426 1988 658 2036 proponticos
684 1988 731 2025 G.
833 1987 919 2022 258.
946 1986 1078 2034 Fitque
1104 1986 1178 2021 uoti
1206 1980 1548 2033 compos'marsque
1566 1981 1615 2020 Γ.

172 2049 245 2087 que
272 2050 404 2086 parens
436 2039 631 2074 Cum-‚scin
675 2044 752 2085 pot.
782 2043 905 2071 uotum
931 2037 1128 2072 Galava-scr.
1173 2042 1248 2084 pot.
1277 2035 1367 2070 uteri
1398 2032 1614 2074 (Duum-um

222 2089 310 2124 259.
347 2088 439 2123 cum
474 2100 579 2123 inem.
607 2084 991 2123 DFGMNOPAr
1017 2098 1098 2131 sem
1131 2083 1353 2122 'Paeanson
1402 2086 1482 2121 Con
1506 2095 1614 2123 mem.

176 2135 228 2174 Ψ.
277 2139 375 2173 Tum
402 2150 507 2174 mein.
537 2135 1045 2185 BCOEH'I'yvnmaqit-ffls
1071 2140 1216 2185 septem.
1268 2136 1376 2171 Tunc
1402 2147 1508 2171 mem.
1534 2129 1615 2170 ΕΓ

174 2185 211 2223 Σ
220 2187 239 2224 b
266 2193 411 2238 septem.
453 2201 590 2225 memor
616 2189 749 2236 incepti
773 2185 821 2223 Γ.
924 2189 1011 2223 260.
1041 2188 1128 2223 urbe
1155 2188 1270 2222 uirum
1302 2183 1526 2222 ‘Fama-scr.

222 2241 310 2275 261.
339 2239 505 2275 Forsitan
532 2245 570 2275 et
599 2240 729 2275 teneris
756 2240 885 2275 iteruin
912 2247 994 2273 mea
1021 2235 1068 2273 Γ.
1119 2237 1257 2273 caronis
1287 2238 1329 2272 E.
1432 2237 1516 2271 262.
1542 2243 1611 2281 pu-

173 2295 228 2325 tas
254 2287 360 2339 Him-
385 2291 536 2338 quinque
554 2294 587 2325 et
607 2294 692 2325 neit.
714 2289 767 2325 ed.
808 2294 886 2337 put.
913 2294 1067 2336 tangunt
1095 2286 1228 2324 Gb29.
1269 2293 1348 2335 put.
1374 2295 1504 2321 numen
1529 2288 1611 2318 tan-

172 2340 224 2386 git
249 2337 347 2375 NH
371 2340 452 2377 duo.
556 2343 645 2376 Post
670 2340 762 2376 hunc
787 2350 882 2375 vers.
910 2341 998 2385 265,
1026 2339 1110 2383 264,
1136 2340 1227 2383 263,
1252 2338 1325 2372 266
1352 2341 1489 2382 tramp.
1520 2329 1555 2367 Γ
1576 2335 1612 2368 et

170 2388 312 2426 umectu-
333 2393 619 2440 lransposiiurus
639 2390 754 2436 [uisse
773 2393 818 2436 Ε,
844 2388 932 2435 sort.
952 2393 1055 2425 recle.
1160 2390 1246 2423 263.
1274 2386 1444 2422 ssorierint
1465 2384 1512 2419 G.
1531 2432 1538 2439 ·
1552 2393 1610 2418 se-

172 2446 271 2486 getes
300 2453 384 2476 area
411 2441 511 2477 diues
539 2443 605 2476 erit
635 2444 664 2476 Ε
681 2453 754 2475 ma.
770 2452 826 2488 pr.
930 2441 1018 2476 264.
1048 2439 1193 2474 ssot-ierit
1212 2439 1258 2474 G.
1296 2435 1479 2472 floruerint
1506 2443 1611 2469 uinee

172 2486 219 2524 Γ.
270 2490 403 2526 bachus
434 2489 566 2527 ΗΕΓ.
621 2493 728 2526 baetis
760 2502 791 2526 r.
911 2491 996 2525 265.
1038 2491 1113 2525 lior.
1143 2489 1287 2537 plantae
1314 2486 1374 2520 nit.
1401 2495 1508 2519 υηιιε.

221 2535 317 2575 266.
336 2538 520 2590 Pomaque
548 2548 716 2577 euentum
748 2543 793 2576 G.
843 2540 1029 2588 Pomaque
1056 2547 1091 2575 et
1118 2551 1174 2575 eu.
1207 2534 1357 2573 Germ-(l.
1385 2535 1608 2570 Maurisius.

172 2589 358 2639 Pomaque
376 2599 589 2637 prouentum
608 2594 810 2627 4132933.
854 2602 999 2640 quoqne
1026 2589 1219 2625 aduentum
1245 2585 1275 2630 Γ.
1320 2585 1453 2620 habent
1478 2586 1608 2620 iuras.

172 2652 218 2675 m.
330 2642 415 2676 267.
453 2641 558 2676 Flore
590 2643 690 2677 simul
721 2643 816 2677 {ae-so
840 2654 863 2688 9
881 2653 952 2676 ηυι.
970 2653 1040 2676 sec.
1058 2639 1127 2675 hm
1143 2648 1216 2672 mn.
1232 2647 1287 2683 pr.
1307 2638 1355 2670 20
1381 2640 1454 2670 tres
1468 2638 1503 2671 et
1521 2637 1605 2670 emt

171 2690 224 2725 ed.
271 2697 421 2737 pereunt
452 2692 612 2738 uiresque
640 2692 711 2726 sab.
742 2690 761 2725 1
772 2689 860 2727 'mm
876 2703 932 2737 pr.
957 2687 1140 2725 ‹im-ardus
1163 2688 1319 2722 Mum-is.
1371 2698 1448 2734 per.
1478 2694 1608 2721 inrisae-
