1685 2954
92 115 223 147 CXCV!
675 140 679 146 ,
713 110 770 139 Dm
799 110 895 141 oms

90 214 271 266 proprios.
322 212 570 260 vtrorumque
603 221 696 260 quos
727 210 883 249 Ouidius
918 212 1233 260 commemorauit,
1268 209 1318 249 de
1349 209 1404 248 his
1435 211 1543 250 etiam

92 277 274 327 plerisque
311 272 486 309 Varronis
523 271 655 309 iudicia
690 280 839 310 seruata
874 279 971 310 suut.
1033 273 1253 310 Communes
1296 279 1381 310 sunt
1417 274 1547 322 quibus

94 338 240 388 publice
272 344 375 371 sacra
411 333 554 369 Romae
587 339 701 383 atque
730 335 766 371 in
802 334 961 371 Graecia
989 341 1075 371 sunt
1107 335 1285 371 instituta.
1353 333 1547 378 Quaedam

91 400 236 436 Graeca
264 394 412 431 numina
438 392 595 431 Ouidius
623 394 749 440 refert,
779 407 875 446 quae
900 402 988 433 nota
1014 401 1154 431 tautum
1180 395 1355 432 Romanis
1381 395 1547 441 suerunt,

93 459 195 497 uelut
219 455 463 494 Dodonaeum
489 454 613 491 Iouem
639 455 679 503 5,
697 457 791 494 626:
829 456 876 494 de
913 457 984 494 hoc
1016 468 1150 506 genere
1177 468 1309 493 moneo
1335 457 1374 503 5,
1393 460 1440 492 22
1474 458 1546 492 Te·-

94 521 182 566 thaeyn
213 523 367 570 propter
392 515 578 553 metricam
604 516 744 566 legem,
780 518 883 568 Virg.
910 530 967 568 ge.
997 523 1033 565 l,
1059 520 1123 565 31,
1149 518 1269 555 locum
1294 517 1423 555 secisse
1452 516 1550 554 The-

90 580 181 618 midi
206 578 373 627 Aeschyli
394 583 433 615 et
452 576 686 627 Apollodori:
712 578 851 628 reliqua
878 578 950 615 huc
976 591 1049 616 non
1075 580 1260 629 pertinent
1285 587 1322 617 et
1347 586 1432 617 sunt
1456 591 1550 628 pue-

97 643 193 680 rilia.
244 641 394 678 Numen
422 639 532 688 igitur
556 649 749 676 commune
773 638 844 675 suit
869 640 1201 689 Aesculapius,
1229 639 1303 678 ou.
1321 642 1462 688 1‚291,
1489 640 1551 690 qui

98 715 196 747 anno
222 702 269 740 V.
296 702 341 739 C.
369 702 442 738 461
479 700 576 737 iussu
613 699 787 736 librorum
814 699 1076 748 Sibyllinorum
1110 701 1369 751 ab‹Epidauro
1395 702 1552 738 Romam

93 771 151 802 est
183 764 398 801 arcessitus:
433 761 643 798 testimoniis
679 771 701 797 a
728 761 923 797 Clausenio
950 773 987 811 p.
1009 763 1084 797 260
1118 773 1205 798 ann.
1232 761 1358 798 409dd
1391 761 1551 798 collectis

94 825 232 864 addere
259 824 396 875 poteris
423 821 611 859 Plutarch.
629 828 771 872 quaest.
797 834 851 859 ro.
871 823 920 858 94
946 829 983 859 et
1009 827 1160 871 August.
1182 835 1214 860 c.
1233 822 1270 862 d.
1285 826 1325 870 3,
1339 824 1401 860 17.
1442 823 1477 857 T
1481 834 1553 858 unc

95 894 133 925 et
167 887 265 924 illinc
295 885 401 923 simul
429 885 576 921 fabulae
602 885 760 932 Argiuae
794 884 992 921 translatae
1027 883 1220 931 uidentur,
1255 895 1350 933 quae
1382 884 1416 920 in
1454 883 1500 920 fr.
1527 884 1552 919 9

96 954 294 998 corruptae
319 952 423 984 sunt:
448 966 499 977 -
524 950 603 982 tam
627 945 762 990 homof
783 957 894 995 quam
919 946 1022 982 Iouis
1046 956 1167 995 nepos,
1194 946 1352 983 Saturni
1375 956 1554 996 pronepos

97 1036 226 1047 ......
248 1010 395 1058 spurius
420 1012 462 1045 ut
487 1009 621 1044 incerto
645 1011 764 1055 patre,
794 1011 836 1043 ut
860 1007 1026 1055 Aryiuus
1039 1008 1210 1044 Socrates
1235 1006 1361 1044 detulit
1388 1031 1552 1045 ........

99 1075 296 1120 repertum,
323 1071 468 1119 turpius
493 1072 582 1106 Ioue
607 1068 813 1116 educatum,
839 1070 970 1106 canino
992 1067 1126 1105 scilicet
1152 1068 1256 1106 abere
1282 1095 1423 1108 .......
1450 1080 1553 1105 nenio

97 1144 230 1182 neyare
250 1136 378 1182 potest,
405 1131 559 1178 fulmine
583 1130 739 1168 haustus
764 1135 818 1167 est
842 1137 914 1167 etc.
958 1129 1016 1165 De
1044 1131 1222 1167 natalibus
1241 1128 1421 1180 duplicem
1446 1129 1553 1165 sabu-

96 1195 169 1246 lam
190 1193 301 1229 habes
318 1193 417 1242 apud
434 1193 649 1230 Pausaniam
671 1195 791 1240 2,26,
809 1194 854 1240 43
881 1193 924 1228 6:
953 1191 1000 1228 de
1022 1192 1258 1229 nutricatione
1282 1190 1418 1240 duplex
1443 1190 1554 1227 fuisse

99 1253 267 1302 uidetur3
303 1253 351 1290 de
379 1266 469 1290 cane
500 1256 609 1291 etiam
636 1254 849 1303 Tarquitius
875 1252 973 1302 apud
999 1252 1168 1289 Lactant.
1198 1257 1235 1300 l,
1264 1255 1326 1300 10,
1353 1252 1552 1289 Pausanias

98 1316 125 1353 l.
153 1315 227 1352 ind.
256 1318 350 1362 §.4:
387 1310 599 1366 ἐκκειμένῳ
632 1311 677 1352 δὲ
711 1311 846 1352 ἐδίδου
871 1309 944 1363 μέν
979 1308 1017 1349 οἱ
1050 1307 1157 1361 γάλα
1181 1310 1256 1360 μία
1283 1313 1363 1349 τῶν
1390 1309 1477 1362 περὶ
1505 1309 1552 1350 τὸ

100 1373 198 1426 ὅρος
231 1377 311 1413 τῶν
349 1373 674 1425 ποιμαινομένων
710 1373 857 1425 αἰγῶν,
895 1369 1100 1423 ἐφύλασσε
1136 1370 1181 1410 δὲ
1220 1367 1241 1410 ὅ
1275 1370 1381 1411 κύων
1421 1368 1443 1411 ὅ
1480 1372 1554 1411 τοῦ

101 1435 290 1476 αἰπολίου
325 1435 528 1489 φρονρόςε
562 1438 609 1475 de
644 1444 761 1474 morte
793 1436 954 1473 fabulam
989 1434 1207 1473 Ouidianum
1234 1438 1273 1483 6,
1299 1437 1373 1472 753
1411 1434 1555 1472 uidetur

101 1502 347 1552 suppressisse
373 1500 570 1537 Pausanias
597 1503 634 1547 ς.
659 1502 718 1544 10,
747 1510 829 1534 nam
857 1503 998 1546 partem
1025 1497 1100 1533 eius
1129 1497 1237 1533 habet
1263 1509 1296 1535 c.
1317 1499 1382 1544 27,
1407 1498 1445 1534 4.
1497 1497 1556 1534 De

100 1564 277 1600 sacrificio
304 1564 478 1598 incertum
509 1567 585 1606 est,
613 1573 698 1597 num
727 1559 877 1597 Seruius
904 1557 950 1594 ad
978 1569 1036 1607 ge.
1064 1561 1102 1605 2,
1130 1560 1206 1593 380
1231 1570 1419 1595 romanum
1446 1558 1555 1594 ritum

101 1624 245 1662 tradat:
284 1635 365 1659 nam
393 1621 582 1671 Epidaurii
609 1634 737 1672 capras
763 1632 835 1656 non
870 1626 1086 1656 mactarunt.
1142 1620 1261 1656 Canes
1287 1620 1424 1668 templo
1448 1619 1556 1656 adhi-

101 1686 200 1732 beri,
236 1684 335 1734 quod
363 1683 497 1719 Paulus
523 1683 627 1719 Diae.
657 1696 695 1732 p.
714 1684 801 1729 110,
826 1685 871 1717 11
900 1680 1032 1727 hahet,
1068 1681 1240 1729 Argiuum
1267 1681 1442 1729 agnoscis·
1495 1680 1555 1718 Iu-

102 1747 227 1796 primis
261 1758 350 1782 uero
385 1745 511 1793 templi
544 1744 644 1780 locus
679 1745 716 1780 in
750 1742 869 1779 insula
907 1741 1067 1778 delectus
1101 1742 1170 1778 suit
1201 1742 1247 1778 ad
1274 1742 1554 1791 Epidauriorum

103 1806 334 1856 exemplum,
374 1805 447 1842 uid.
475 1804 659 1841 Plutarch.
691 1804 714 1840 1.
743 1803 842 1839 ind.:
875 1798 945 1840 τὸν
972 1797 1072 1839 θεὸν
1100 1799 1141 1846 ἐξ
1164 1797 1409 1850 Ἐπιδαύρου
1433 1797 1555 1851 μετά·

103 1880 284 1915 πεμπτον
311 1863 420 1915 ἣκειν
445 1861 695 1913 νομίζουσιν,
719 1859 992 1916 Ἐπιδαυρίοις
1019 1858 1058 1901 δ”
1090 1859 1137 1901 οὗ
1165 1860 1268 1902 κατὰ
1295 1860 1424 1913 πόλιν,
1450 1860 1557 1903 ἀλλὰ

103 1925 245 1980 πόῤῥω
283 1924 331 1966 τὸ
363 1923 637 1976 Ἀσκληπίειόν
675 1924 778 1972 ἰςινι
821 1929 974 1976 (aditque
1003 1926 1149 1964 milibus
1184 1938 1361 1977 passuum
1399 1928 1555 1966 distabat

103 1998 197 2028 teste
222 1992 328 2027 Liuio
355 1991 419 2037 45,
446 1992 508 2025 28.

121 2100 124 2103 ¹
203 2053 394 2090 Proximus
423 2058 476 2086 est
495 2049 708 2087 Euander
733 2050 830 2101 apud
851 2050 1023 2088 Ouidium
1052 2053 1173 2099 1‚471
1198 2065 1253 2102 sq.
1297 2052 1449 2101 Dionys.
1470 2052 1553 2090 Hal.

106 2119 145 2163 1,
170 2118 240 2151 32:
282 2111 348 2151 καὶ
375 2108 452 2162 γὰρ
480 2106 694 2162 Εὐάνδρῳ,
731 2113 859 2162 inquit,
886 2109 1039 2156 θυσίας
1066 2108 1224 2161 ἔμαθον
1250 2106 1326 2150 ὑπὸ
1348 2107 1554 2161 Ῥωμαίων

106 2172 412 2224 ἐπιτελουμένας
433 2169 511 2210 ὅσα
534 2168 601 2222 ἴτη
621 2171 798 2226 δημοσία
816 2194 885 2210 -.
913 2171 978 2210 καὶ
997 2170 1164 2222 βωμοὺς
1185 2171 1422 2223 ἐθεασάμην
1440 2170 1554 2224 ἱδρυ-

104 2234 249 2285 μένους
271 2258 315 2264 -
346 2229 544 2286 Εὐάνδρῳ
573 2232 616 2271 δὲ
644 2230 745 2282 πρὸς
771 2231 892 2286 ἑτέρῳ
920 2236 997 2272 τῶν
1025 2230 1177 2285 λόφων,
1204 2231 1412 2288 Αὐεντίνῳ
1437 2235 1554 2286 λεγο-

105 2294 234 2349 μένῳ,
270 2299 343 2346 τῆς
373 2292 586 2345 Τριδύμης
612 2291 742 2345 πύλης
768 2293 816 2333 οὐ
844 2291 997 2345 πρόσω.
1042 2296 1120 2333 Csr.
1148 2297 1272 2334 Strah.
1299 2299 1337 2345 5,
1360 2301 1397 2344 3,
1425 2309 1460 2346 p.
1479 2299 1552 2332 373

107 2360 279 2397 Tauchn.
327 2361 408 2395 Hoc
434 2371 574 2395 sacrum
607 2370 716 2407 quam
745 2364 924 2394 uetustum
952 2365 1061 2405 esset,
1090 2370 1194 2394 nemo
1222 2358 1378 2394 tradidit.
1432 2358 1554 2394 Fabu-

106 2421 178 2456 lam
208 2420 415 2456 Arcadicam
443 2421 583 2456 Romae
612 2427 733 2456 notam
760 2420 871 2455 fuisse
898 2432 969 2455 non
998 2426 1135 2455 tantum
1163 2419 1279 2455 Varro
1305 2419 1350 2455 fr.
1375 2422 1421 2454 10
1446 2425 1483 2455 et
1507 2418 1555 2455 de

107 2482 131 2517 l.
149 2482 171 2517 l.
200 2483 238 2528 5,
259 2483 322 2529 53,
349 2482 548 2518 sedetiam
577 2482 710 2517 saeculi
739 2482 830 2517 sexti
858 2488 1026 2517 auctores
1053 2480 1126 2516 duo
1152 2479 1412 2516 demonstrant.
1466 2480 1554 2516 Ser-

108 2542 186 2578 uius
214 2541 259 2577 ad
292 2545 382 2578 Aen.
411 2544 449 2588 8,
478 2545 568 2577 130:
611 2543 785 2578 Oenomai
813 2541 1095 2591 Hippodamiam
1125 2539 1263 2586 filiam,
1298 2541 1393 2577 attide
1418 2542 1555 2578 Atreus

106 2607 234 2646 ηαὶιιες
261 2607 300 2639 ιιι
327 2605 456 2639 Maiae
482 2601 583 2647 filins
604 2605 822 2646 Mercurius,
849 2614 895 2638 ex
923 2614 991 2650 quo
1008 2601 1181 2645 Arcades,
1208 2601 1250 2638 de
1277 2602 1403 2650 quihus
1424 2606 1553 2640 Euan-

107 2663 190 2702 der:
216 2663 308 2713 qum!
334 2664 457 2699 Aulus
482 2665 519 2697 in
546 2664 657 2699 Atreo
682 2664 822 2712 plenius
848 2662 970 2708 refert.
1022 2663 1169 2710 Dionys.
1202 2664 1281 2700 Hal.
1311 2665 1335 2699 l.
1363 2664 1458 2701 izuh:
1481 2657 1555 2707 ‘524‘
