1685 2954
549 45 662 73 uc'r.
694 44 877 72 AVGVST!
911 44 965 71 ET
996 45 1154 72 SVLLAE
1451 44 1576 74 XXVI!

127 158 220 196 quos
245 145 315 183 Dio
340 144 469 183 eodem
503 143 584 180 loco
609 142 786 180 Kalendis
820 142 872 179 llis
898 142 990 193 Aug.
1018 143 1096 181 fieri
1121 143 1246 180 solitos
1272 141 1404 190 tradit,
1436 143 1578 192 dubito,

127 215 247 245 utrum
277 207 322 245 ad
349 205 474 243 Martis
500 205 674 254 templum
702 205 738 240 in
765 217 895 254 campo
921 204 1067 251 Martio,
1094 205 1192 255 quod
1218 206 1311 242 idem
1338 218 1454 256 prope
1479 205 1578 243 solus

124 270 191 318 56,
215 271 263 306 24
289 273 559 313 commemorat,
587 266 756 310 reseram,
783 278 829 303 an
852 267 959 302 etiam
983 266 1129 303 aliunde
1155 267 1339 304 traductos
1365 268 1575 305 existimem.

126 331 230 368 Initio
261 329 485 379 Septembris
517 327 617 379 quod
645 327 748 363 deest
774 328 809 363 in
837 328 960 364 tabula
987 327 1172 364 Maffeana
1204 330 1372 377 biduum,
1399 330 1447 366 ita
1473 330 1578 366 resti-

126 398 274 429 tuerunt
300 390 376 426 ltali
404 390 589 437 homines,
617 395 658 425 ut
683 389 809 426 litteris
836 389 1090 426 nundinalibus
1122 396 1158 425 et
1189 391 1317 427 mensis
1344 391 1447 427 titulo
1478 398 1578 428 uteo-

125 454 233 502 bique
258 452 478 489 ascriberent
503 451 553 499 N,
580 463 624 488 ac
648 457 841 501 praeterea
861 449 1054 486 Kalendis:
1086 450 1190 487 HOC
1208 452 1292 488 DlE
1315 452 1426 489 FER.
1447 451 1579 501 NER,

125 513 222 564 quod
245 512 343 563 apud
365 513 565 549 Gruterum
591 511 636 549 ad
665 512 715 548 lV
733 512 830 548 Non.
853 518 965 548 extat.
1007 512 1106 555 Quid
1130 514 1195 549 sibi
1223 514 1416 560 noluerint,
1444 526 1579 562 coguo-

124 575 235 612 scitur
261 587 304 612 ex
334 573 450 624 Pigbii
483 572 536 609 his
565 574 685 610 uerbis
720 574 754 609 in
785 575 1048 610 commentario
1083 574 1238 610 inedito:
1278 575 1323 610 lll
1350 575 1447 613 Non.
1474 576 1579 626 Sept.

123 637 159 673 in
185 636 270 673 fast.
297 635 402 673 Maff.
427 635 495 671 ΝΡ
523 637 639 672 notari
674 635 717 673 ob
744 637 907 684 Neptuni
941 635 1080 682 ferias,
1116 641 1157 671 ut
1190 638 1325 684 partim
1358 648 1404 672 ex
1429 637 1580 675 alterius

126 697 348 735 Kalendurii
372 697 713 747 (Capranicorum)
748 698 983 746 fraymentis,
1015 700 1152 746 parlim
1186 709 1232 734 ex
1257 699 1375 734 mone
1397 697 1580 736 habemus.

125 759 370 796 Crediderunt
397 767 550 809 propter
576 760 758 796 Actiacam
792 760 976 796 uictoriam
1013 760 1061 795 lV
1087 759 1187 795 Non.
1214 759 1319 807 Sept.
1350 766 1441 795 teste
1462 759 1580 797 Dione

124 823 190 869 51,
220 825 238 857 l
269 828 492 871 reportatam
520 820 627 857 tridui
662 821 770 858 ferias
795 821 970 870 Neptuno
1008 821 1232 868 celebratas,
1269 820 1380 870 idque
1406 820 1499 858 adeo
1526 823 1580 858 ui-

124 883 259 921 dentur
283 883 410 934 Pighio
437 883 678 933 persuasisse,
716 883 776 932 qui
810 883 964 918 rectiora
991 883 1195 931 ignorauit,
1231 883 1403 931 originem
1425 884 1581 933 supple-

125 947 238 982 menti
266 958 337 982 non
365 945 556 994 ignorauit.
612 944 730 980 Hodie
758 956 844 980 uera
873 945 1017 980 illorum
1044 945 1184 981 dierum
1213 952 1341 981 natura
1368 951 1405 981 et
1431 958 1488 982 res
1515 946 1581 984 illis

124 1013 251 1056 gestae
278 1007 391 1042 multo
421 1007 546 1042 melius
573 1017 618 1043 ex
644 1006 768 1042 tabula
797 1006 1017 1042 Amiternina
1044 1014 1323 1055 cognoscuntur.
1376 1006 1582 1055 Kalendae,

123 1079 220 1117 quae
255 1075 374 1103 tamen
402 1067 469 1103 NP
497 1074 601 1104 erant
628 1067 778 1116 Augusti
815 1074 1002 1115 tempore,
1040 1068 1150 1104 ferias
1184 1069 1278 1104 louis
1306 1069 1341 1103 T
1345 1068 1486 1104 ouantis
1515 1069 1581 1105 ha-

124 1130 295 1165 buerunt.
347 1129 397 1165 lV
423 1129 521 1166 Non.
552 1130 702 1166 uictoria
723 1130 884 1176 Actiaca,
913 1130 961 1166 lll
986 1129 1085 1166 Non.
1113 1130 1236 1166 Sicula
1263 1130 1309 1166 de
1335 1129 1448 1166 Sexto
1469 1129 1580 1167 Pom-

123 1193 208 1240 peio
235 1189 334 1226 seriis
360 1197 444 1227 sunt
472 1191 700 1229 celebratae:
734 1198 919 1241 postrema
945 1191 1151 1228 consulibus
1178 1192 1402 1241 designatur,
1430 1197 1469 1227 ut
1495 1191 1580 1228 mihi

125 1252 289 1299 uidetur,
328 1259 483 1302 utroque
508 1252 690 1301 suffectis3
730 1266 813 1290 nam
839 1265 935 1290 anno
962 1253 1037 1288 715
1066 1251 1309 1290 Octauianum
1337 1252 1462 1290 uicisse
1489 1266 1582 1303 pru-

124 1313 247 1350 dentia
263 1314 348 1350 Sex.
364 1312 595 1364 Pompeium,
617 1315 714 1364 quod
730 1315 760 1350 F
763 1315 929 1364 ogginius
947 1315 1130 1364 opinatur,
1152 1314 1310 1352 absurda
1327 1321 1382 1350 est
1400 1315 1580 1365 interpre-

125 1376 226 1413 tatio.
270 1375 476 1412 Nouissime
502 1377 538 1413 in
561 1377 780 1413 Nouembris
807 1383 844 1413 et
869 1376 1080 1412 Decembris
1107 1376 1281 1412 mensium
1310 1377 1488 1426 principio
1514 1377 1581 1415 de-

123 1439 212 1475 iecit
239 1438 351 1474 bonos
377 1438 657 1488 interpolatores
683 1451 788 1474 suum
809 1438 1018 1475 artificium:
1049 1437 1136 1473 nihil
1166 1446 1310 1487 poterat
1331 1451 1409 1475 esse
1428 1447 1583 1489 exopta-

124 1501 218 1547 tius,
254 1500 321 1535 nisi
347 1500 456 1536 etiam
484 1499 533 1535 lV
559 1500 656 1539 Non.
684 1501 783 1537 Nou.
815 1508 851 1537 et
879 1500 943 1535 Vll
972 1499 1025 1535 ld.
1054 1500 1143 1536 Dec.
1173 1512 1241 1548 ea,
1277 1512 1371 1550 quae
1397 1500 1433 1536 in
1460 1501 1583 1551 lapide

125 1562 286 1598 extitisse
312 1560 459 1610 Pighius
494 1567 673 1610 testatur,
707 1563 860 1613 insuper
885 1562 1095 1598 habuissent
1120 1569 1156 1598 et
1183 1562 1403 1606 omisissent,
1436 1563 1525 1600 illud
1551 1564 1582 1600 F

126 1622 263 1670 Aldus,
300 1622 370 1659 lioc
395 1622 428 1659 C
454 1622 636 1660 Gruterus
662 1631 700 1661 et
726 1624 937 1674 FogginiuS.
991 1623 1165 1661 Kalendis
1195 1624 1356 1673 utrisque
1381 1624 1440 1672 N,
1469 1625 1584 1664 Nonis

128 1684 291 1733 utrisque
315 1685 346 1720 F
374 1683 422 1720 ad
458 1684 679 1734 reliquorum
714 1687 889 1723 mensium
925 1686 1130 1734 exemplum
1166 1686 1431 1735 ascripserunt,
1466 1698 1585 1737 eaque

126 1746 206 1795 ipsa
239 1752 444 1782 commenta
470 1745 673 1783 Nouembri
707 1761 830 1786 mense
865 1748 995 1796 singuli
1033 1747 1243 1784 omiserunt.
1305 1747 1500 1784 Praeterea
1535 1750 1586 1788 111

127 1807 226 1844 Non.
255 1807 353 1843 Nou.
381 1806 479 1857 apud
508 1808 707 1844 Graeuium
737 1817 772 1845 et
800 1809 1014 1858 Fogginium
1042 1809 1071 1843 F
1100 1808 1258 1843 additur.
1310 1809 1385 1846 Sex
1418 1809 1494 1847 dies
1523 1811 1584 1848 lit-

128 1870 217 1906 teris
254 1875 396 1906 tantum
431 1870 688 1906 nundinalibus
725 1870 938 1906 indicantur.
1002 1871 1076 1905 Hos
1111 1869 1242 1905 deinde
1268 1870 1475 1907 Morcellius
1511 1885 1584 1910 non

126 1931 309 1968 irridicule
345 1932 395 1967 ita
429 1943 558 1967 reuera
596 1932 712 1967 notari
747 1931 981 1968 cons-uenisse
1016 1930 1162 1978 docuit,
1208 1932 1294 1981 quia
1329 1934 1397 1968 atri
1433 1933 1583 1972 fuerint.

127 1994 209 2042 Ego
231 1992 328 2042 quod
356 1993 486 2029 lacuna
512 1994 834 2042 absuxnptumtest,
863 2005 972 2028 unuin
993 2000 1134 2028 tantum
1154 1996 1458 2039 commemorabo,
1485 1995 1586 2045 quod

128 2055 335 2091 nonnullius
369 2067 459 2091 sane
493 2063 548 2091 est
585 2056 768 2091 momenti.
832 2055 975 2091 Censeo
1011 2055 1198 2093 Kalendas
1227 2055 1455 2094 Nouembres
1489 2057 1586 2095 diem

128 2118 294 2155 ultimum
320 2117 433 2154 fuisse
460 2129 586 2154 eorum
615 2116 799 2165 ludorum,
828 2117 889 2167 qui
916 2116 1077 2166 quinque
1098 2117 1290 2167 postremis
1310 2116 1482 2155 Octobris
1508 2119 1587 2156 die-

129 2180 196 2215 bus
221 2179 453 2227 indicantur,
482 2180 546 2216 sed
572 2178 660 2214 Kal.
687 2178 784 2216 Nou.
814 2192 885 2215 non
913 2179 1096 2228 simplices
1123 2180 1250 2226 ludos,
1277 2179 1342 2216 sed
1369 2179 1473 2216 ludos
1501 2181 1588 2217 Cir-

129 2252 255 2277 censes
281 2241 475 2287 hahuisse,
511 2242 612 2277 cuius
638 2241 692 2276 rei
729 2241 918 2290 uestigium
946 2247 1058 2278 restat
1092 2242 1128 2278 in
1157 2241 1361 2290 fragmento
1387 2243 1588 2290 Antiatino,

119 2303 244 2339 sherba
272 2303 322 2339 1N
352 2302 522 2339 ClRCO.
574 2302 708 2354 Neque
744 2303 839 2341 enim
875 2303 1029 2351 dubito,
1065 2304 1150 2354 quin
1185 2305 1208 2339 ii
1241 2316 1303 2340 sex
1337 2303 1477 2339 dierum
1512 2303 1588 2341 ludi

130 2368 209 2401 siffis
230 2365 404 2401 uictoriae
431 2364 607 2401 Sullanae
633 2364 680 2401 de
705 2365 955 2412 Samnitibus,
991 2374 1028 2402 et
1054 2366 1141 2416 quin
1176 2366 1223 2403 de
1253 2366 1296 2401 iis
1331 2365 1587 2415 intelligendus

133 2426 181 2463 sit
206 2426 366 2463 Velleius
392 2430 432 2474 2,
460 2430 522 2465 27.
575 2426 733 2463 Videtur
762 2427 820 2464 hic
846 2435 909 2464 aut
943 2440 1015 2464 uno
1040 2427 1291 2465 Kalendarum
1319 2427 1399 2474 die,
1428 2435 1490 2464 aut
1516 2440 1588 2477 po-

133 2488 310 2524 tissimum
339 2500 383 2525 eo
410 2488 471 2525 die
497 2502 519 2525 a
544 2489 648 2526 Sulla
675 2490 859 2527 institutos
885 2489 1019 2527 dicere.
1066 2490 1123 2526 Ea
1149 2489 1196 2526 de
1222 2500 1330 2524 causa
1356 2490 1587 2539 interpretes,

133 2550 348 2599 praesertim
372 2550 435 2600 qui
460 2551 670 2600 ignorarent
695 2553 863 2588 lacunam
887 2552 925 2588 in
948 2552 1033 2588 fast.
1054 2550 1158 2587 Maff.
1180 2563 1275 2598 esse,
1303 2564 1374 2588 non
1402 2552 1479 2587 ansi
1504 2557 1589 2588 sunt

135 2611 269 2648 certius
296 2611 384 2662 quid
419 2619 593 2650 statuere.
654 2615 791 2651 Verum
823 2615 980 2664 primum
1016 2613 1092 2651 ludi
1128 2626 1254 2651 omnes
1289 2614 1325 2650 in
1362 2614 1429 2650 bac
1464 2613 1588 2650 tabula
