1685 2954
144 94 273 124 cxmv
647 97 702 125 m:
732 98 913 127 At-:mssvs
943 101 1086 130 SAcms

139 194 259 233 Rufus
284 195 452 246 templum
476 206 610 234 nouum
632 196 775 243 Quirini
797 199 832 236 in
857 202 1026 251 septima,
1053 202 1222 253 templum
1243 203 1387 250 Quirini
1417 204 1452 242 in
1476 213 1581 245 sexta

141 257 288 306 regione
313 263 476 306 ponunt:
510 259 594 307 quia
626 258 851 308 exploratum
884 261 1018 300 habent
1044 265 1168 315 templi
1194 266 1403 315 antiquioris
1430 269 1581 318 uestigia

138 317 359 368 superfuisse
394 319 539 354 saeculo
571 319 657 355 XVI
691 333 807 372 prope
841 324 1026 361 ecclesiam
1058 325 1096 362 di
1128 329 1184 363 St.
1211 327 1362 364 Amtrea
1393 329 1432 364 in
1462 335 1580 367 monte

143 378 310 422 Gauallo,
339 379 435 415 unde
461 380 593 429 gradus
619 384 808 421 marmorei
835 386 997 422 translati
1023 388 1093 424 sint
1118 389 1153 424 in
1174 391 1302 425 Arcem
1323 389 1580 439 Capitolinam,

136 439 254 477 Nard.
280 443 320 487 2,
346 452 383 489 p.
405 442 466 477 75.
519 442 592 478 Eos
617 443 750 492 gradus
775 444 944 483 Sachsius
965 452 1001 494 1,
1027 461 1065 498 p.
1081 451 1157 485 410
1184 449 1326 486 uidetur
1351 451 1434 486 olim
1461 462 1483 487 a
1508 450 1581 488 Pa-

136 502 229 552 pirio
254 500 370 538 factos
398 509 527 551 putare
554 511 590 540 et
617 517 653 554 p.
673 505 745 543 174
772 507 842 542 uim
868 507 956 545 facit
981 509 1135 547 Varroni
1150 537 1162 557 ‚
1202 518 1240 548 ut
1265 511 1311 548 de
1337 510 1464 548 eadem
1489 510 1581 549 aede

133 564 234 615 loqui
260 569 421 612 cogatur.
465 564 645 607 Quoniam
667 566 713 603 de
738 568 852 604 altero
878 571 1014 619 templo
1041 572 1075 607 in
1103 584 1178 621 reg.
1202 572 1252 608 Vt
1278 579 1445 609 constare
1465 573 1579 608 uisum

133 632 204 673 est,
232 638 364 661 nouum
393 635 470 673 reg.
490 625 556 661 Vll
583 627 619 663 id
645 633 790 676 putant,
818 629 914 677 quod
942 643 963 666 a
983 632 1147 668 Vitruuio
1173 635 1250 680 7‚9
1275 641 1312 670 et
1328 634 1494 670 Martiale
1516 636 1578 681 10,

133 688 200 735 58,
220 689 267 722 10
299 697 370 721 non
406 685 514 734 longe
550 688 674 737 utique
706 699 727 724 a
756 689 863 726 Circo
889 690 1023 729 Florae
1057 693 1167 730 fuisse
1199 693 1391 732 indicatur.
1443 695 1579 731 Verum

134 748 263 785 Victor
290 752 327 783 et
353 746 473 783 Rufus
504 748 589 784 nihil
624 749 690 785 nisi
716 749 918 787 Varronem
953 759 989 789 et
1014 742 1168 790 Dionem
1203 755 1488 804 exscripserunt,
1515 755 1580 791 Vi-

131 809 274 847 truuius
299 815 383 857 post
409 821 542 845 annum
568 810 615 847 V.
644 811 690 848 C.
718 812 794 847 724
820 824 891 848 non
918 816 1072 863 scripsit,
1100 814 1173 850 uid.
1200 815 1328 852 Sachs.
1361 819 1395 859 1,
1421 828 1457 864 p.
1481 815 1577 852 579:

131 883 190 909 res
215 883 302 919 ergo
331 871 368 906 in
394 882 438 906 eo
464 871 584 920 potius
611 878 790 919 uersatur,
817 886 902 910 num
930 875 1015 924 quid
1043 875 1090 912 de
1113 877 1263 925 Augusti
1289 877 1424 925 templo
1450 887 1579 925 super-

131 934 178 971 sit
202 933 238 969 in
267 933 416 980 regione
441 938 554 968 sexta.
606 931 729 981 Negat
754 933 919 982 Nibbyus
945 942 1009 972 aut
1035 935 1167 984 gradus
1194 948 1352 987 unquam
1379 936 1469 973 ullos
1494 935 1580 974 inde

130 997 167 1033 in
188 993 405 1044 Capitolium
426 991 578 1039 ablatos,
606 1000 668 1030 aut
700 994 848 1045 uestigia
875 997 1058 1033 luculenta
1084 1003 1223 1045 extare,
1249 1003 1372 1034 annot.
1393 998 1440 1034 ad
1461 997 1578 1035 Nard.

130 1061 166 1101 3,
193 1069 230 1106 p.
248 1058 313 1103 75,
337 1056 400 1090 77.
453 1054 569 1090 Multo
605 1055 716 1103 igitur
747 1057 828 1106 plus
855 1057 911 1094 hic
937 1071 1084 1108 quoque
1111 1059 1278 1108 praesidii
1314 1065 1368 1095 est
1395 1060 1430 1095 in
1457 1071 1578 1108 gram-

127 1119 274 1163 matica,
302 1127 410 1165 quam
437 1114 472 1150 in
501 1116 748 1166 topographis.
801 1118 980 1156 Videlicet
1007 1133 1090 1157 usus
1116 1120 1288 1170 loquendi
1307 1120 1432 1157 Dionis
1455 1127 1493 1157 et
1518 1132 1578 1158 ra-

126 1181 177 1218 tio
211 1179 386 1215 fastorum
421 1175 685 1213 Maffeanorum
713 1178 882 1228 obstant,
919 1182 1108 1230 quominus
1142 1181 1316 1231 templum
1342 1180 1576 1231 Papirianum

125 1242 255 1280 eodem
282 1241 363 1276 loco
390 1238 436 1274 ab
461 1241 624 1286 Augusto
658 1239 895 1277 instauratum
923 1249 960 1279 et
996 1255 1117 1280 mense
1144 1244 1245 1280 lunio
1270 1241 1474 1279 dedicatum
1501 1243 1577 1280 exi-

125 1304 281 1341 stimem.
333 1301 403 1337 Dio
431 1299 614 1336 locutione
639 1296 683 1337 ἐκ
709 1301 851 1350 καινῆς
876 1304 928 1339 ita
953 1304 1168 1354 plerumque
1195 1304 1330 1350 utitur,
1361 1309 1399 1339 ut
1426 1310 1578 1340 contra-

122 1365 218 1401 rium
246 1361 467 1399 restituendo
487 1368 647 1408 notetur,
675 1362 747 1399 uid.
766 1364 827 1407 43,
842 1365 913 1412 503
941 1366 1004 1412 44,
1020 1367 1064 1411 53
1091 1366 1155 1412 57,
1170 1367 1233 1412 10,
1259 1376 1451 1414 nusquam,
1478 1364 1577 1415 quod

123 1425 364 1471 meminerim,
393 1430 432 1459 ut
457 1424 524 1459 ista
553 1423 631 1472 ipsa
657 1424 757 1460 notio
783 1424 879 1461 insit.
923 1427 1021 1462 Fasti
1042 1425 1213 1462 Maffeani
1238 1426 1375 1462 nullum
1401 1426 1576 1476 templum

122 1489 171 1524 ab
198 1487 361 1535 Augusto
397 1492 482 1521 ante
516 1497 649 1521 annum
686 1486 763 1521 757
799 1486 1004 1523 dedicatum
1040 1487 1166 1524 litteris
1199 1486 1266 1523 NP
1294 1500 1365 1523 non
1400 1487 1574 1526 indicant.

120 1548 284 1585 Notatur
309 1546 417 1595 igitur
442 1547 489 1582 ab
515 1545 650 1583 Ouidio
678 1555 714 1583 et
739 1547 841 1583 fastis
859 1548 1054 1584 Venusinis
1080 1547 1259 1584 dedicatio
1286 1548 1384 1585 aedis
1410 1549 1575 1599 Papiria-

120 1622 193 1647 nae
225 1621 321 1645 anno
354 1608 401 1644 V.
428 1608 472 1644 C.
500 1610 575 1644 709
612 1608 794 1656 resectae,
828 1621 923 1658 quae
957 1610 992 1645 in
1029 1621 1111 1646 eum
1148 1609 1328 1646 incidebat
1362 1609 1479 1657 diem,
1511 1610 1575 1660 qui

127 1683 224 1709 anno
251 1671 438 1719 superiore
467 1682 488 1705 a
516 1669 560 1706 C.
590 1670 750 1707 Caesare
777 1672 890 1707 mensi
915 1671 1018 1708 lunio
1046 1671 1206 1708 adiectus
1232 1670 1373 1717 suerat,
1408 1670 1572 1708 Macrob.

121 1739 191 1770 sat.
220 1737 257 1779 1,
282 1732 345 1779 14,
370 1744 412 1780 p.
431 1732 520 1768 256.
574 1731 614 1768 In
641 1733 682 1768 iis
708 1731 835 1768 diebus
861 1732 1054 1768 adiecticiis
1081 1745 1162 1768 cum
1201 1731 1238 1767 id
1264 1736 1427 1767 secutum
1463 1729 1574 1769 fuisse

120 1795 318 1831 Caesarem
346 1799 498 1836 constet,
526 1803 572 1829 ne
598 1793 752 1828 ullarum
777 1792 951 1829 feriarum
978 1799 1150 1829 consueta
1176 1792 1247 1828 diei
1275 1798 1361 1828 nota
1387 1798 1473 1828 ante
1492 1791 1574 1828 Ka-

115 1855 246 1893 lendas
271 1854 453 1903 proximas
481 1860 696 1901 mutaretur,
724 1859 761 1890 et
786 1859 828 1890 ut
853 1866 978 1890 omnes
1005 1855 1054 1891 illi
1081 1854 1157 1891 dies
1183 1854 1267 1891 fasti
1293 1860 1426 1901 essent,
1453 1854 1572 1904 sitque

115 1917 307 1968 probabile
324 1916 469 1959 Quirini
494 1915 601 1952 serias
628 1928 772 1965 semper
798 1921 897 1951 actas
923 1916 970 1952 ΠΙ
993 1916 1053 1952 Kl'
1076 1916 1160 1964 Iul.,
1187 1927 1232 1952 ex
1252 1928 1323 1965 quo
1340 1914 1506 1964 Papirius
1525 1926 1571 1952 eo

117 1979 179 2016 die
205 1978 331 2014 aedem
360 1977 563 2026 dedicauit,
599 1978 826 2014 manifestum
854 1983 910 2014 est
944 1978 1095 2014 alteram
1124 1985 1241 2014 utram
1267 1977 1384 2026 legem
1410 1976 1571 2025 migran-

115 2041 201 2079 dam
227 2040 353 2079 fuisse.
407 2038 528 2075 Credo
555 2039 681 2089 utique
707 2039 899 2076 translatas
926 2051 970 2076 ex
1006 2039 1125 2076 edicto
1151 2038 1338 2089 pontificio
1366 2036 1494 2074 feriast
1532 2035 1570 2073 id

114 2110 238 2140 tamen
264 2101 439 2151 impedire
476 2113 547 2137 non
582 2101 721 2150 potuit,
757 2101 843 2151 quin
870 2100 1025 2137 Ouidius
1050 2100 1150 2137 aedis
1175 2099 1392 2150 Papirianae
1417 2096 1568 2134 dedica-

113 2165 251 2202 tionem
277 2164 464 2213 pristinam
491 2175 536 2199 ex
562 2163 751 2199 annalibus
778 2168 955 2199 enotaret.

216 2225 316 2262 Prid.
343 2223 429 2261 Kal.
458 2224 524 2261 Iul.
553 2236 684 2261 censeo
713 2223 849 2261 Ouidio
876 2223 1074 2260 notandum
1107 2223 1218 2260 fuisse
1251 2221 1298 2258 de
1324 2218 1415 2257 aede
1441 2219 1566 2256 Her-

114 2287 237 2324 culis
265 2287 503 2323 Musarum
530 2297 552 2321 a
577 2285 709 2322 Fuluio
737 2285 925 2323 Nobiliore
950 2286 986 2322 in
1013 2297 1165 2323 censura
1191 2283 1275 2320 anni
1293 2282 1366 2318 575
1388 2281 1565 2330 dedicata,

113 2361 224 2399 quam
251 2347 403 2398 posthac
427 2347 625 2384 restituisse
652 2347 782 2383 dicitur
805 2347 962 2384 Marcius
988 2345 1197 2396 Philippus,
1224 2344 1376 2394 Augusti
1402 2343 1566 2390 uitricus,

114 2410 219 2447 Suet.
249 2412 341 2457 Aug.
369 2411 478 2445 c.29.
531 2408 684 2446 Ouidius
718 2409 954 2457 antiquiorem
982 2408 1080 2445 aedis
1114 2412 1298 2444 auctorem
1332 2405 1482 2452 reticet,
1517 2403 1564 2441 de

114 2484 188 2521 quo
216 2471 428 2508 testimoniis
463 2477 625 2506 ueterum
662 2481 685 2505 a
712 2469 875 2507 Nardino
904 2471 1062 2507 collectis
1089 2472 1124 2513 3,
1154 2470 1253 2518 p.27
1279 2466 1372 2503 adde
1398 2466 1561 2503 Macrob.

109 2540 178 2569 sat.
209 2536 245 2579 1,
266 2535 326 2578 12,
353 2544 390 2580 p.
406 2532 501 2578 2443
528 2533 670 2568 scilicet
695 2531 868 2567 adulandi
895 2532 1015 2568 studio
1043 2530 1206 2573 inlectus,
1233 2528 1467 2578 quamobrem
1494 2538 1562 2564 nec

109 2593 157 2629 de
183 2593 275 2630 aede
308 2604 330 2628 a
355 2591 525 2641 Philippo
554 2593 624 2629 hoc
649 2593 709 2629 die
735 2592 901 2630 dedicata
929 2593 1037 2630 fidem
1065 2593 1096 2629 ei
1123 2590 1323 2626 habuerim.
1376 2588 1561 2625 Porticum

106 2653 262 2704 Philippi
290 2660 410 2701 certe,
439 2665 546 2702 quam
575 2655 668 2691 eirca
697 2655 861 2691 Herculis
889 2655 1061 2704 templum
1088 2652 1198 2689 fuisse
1224 2657 1378 2688 testatur
1405 2649 1559 2686 Martia-
