1685 2954
588 81 689 110 mn.
719 80 1003 110 sncvnnvs
1459 60 1514 106 47

189 186 284 226 Nec
312 185 416 225 satis
441 188 508 222 est
535 177 733 232 homines,
763 180 919 233 obligat
947 180 1013 220 ille
1041 178 1155 220 deos.
1215 218 1219 220 .

134 253 392 305 Templorum
418 248 583 303 positor,
612 248 853 301 templorum
879 252 1024 289 sancte
1052 250 1249 300 repostor,

192 321 256 362 Sit
282 317 440 371 superis
468 321 565 368 opto
593 321 734 356 mutua
762 327 860 356 cura
887 313 958 355 tui.

136 389 247 428 Dent
274 384 345 426 tibi
375 383 582 425 caelestes
610 395 714 437 quos
742 388 788 423 tu
817 378 1069 423 caelestibus
1095 391 1239 433 annos,
1465 380 1515 417 65

190 457 350 507 Proque
379 457 449 491 tua
475 457 667 491 maneant
696 450 737 490 in
765 448 944 490 statione
971 448 1102 489 domo.

138 524 253 562 Tunc
282 530 443 573 quoque
472 515 595 557 uicini
619 519 739 560 lucus
767 517 995 559 celebratur
1021 515 1202 568 Helerni‚

191 587 282 638 Qua
319 585 424 639 petit
459 597 687 638 aequoreas
723 585 884 626 aduena
919 581 1053 625 Tibris
1092 595 1232 636 aquas.

133 655 200 695 Ad
227 654 439 707 penetrale
467 654 642 706 Numae,
672 652 1028 706 Capitolinumque
1057 656 1279 704 tonantem,

189 723 315 775 Inque
344 721 453 762 louis
480 734 638 762 summa
666 720 850 763 caeditur
878 732 973 761 arce
1001 719 1156 759 bidens.
1469 721 1521 755 70

135 789 275 841 Saepe
302 801 453 843 graues
480 790 641 843 pluuias
670 790 892 842 adopertus
920 786 1094 828 nubibus
1121 791 1260 827 auster

191 856 396 909 Concitet,
428 862 500 897 aut
527 856 661 910 posita
689 858 766 898 sub
796 858 891 900 niue
922 861 1030 896 terra
1056 855 1168 894 latet.

135 992 351 1032 Proximus
379 991 591 1044 hesperias
618 990 739 1032 Titan
767 990 949 1031 abiturus
976 988 1018 1029 in
1046 987 1178 1030 undas

190 1058 391 1100 Gemmea
418 1060 631 1112 purpureis
658 1070 751 1099 cum
778 1057 878 1112 iuga
907 1058 1048 1098 demet
1075 1057 1206 1111 equis,

134 1128 206 1167 Illa
230 1132 353 1167 nocte
382 1126 526 1179 aliquis
555 1126 705 1166 tollens
732 1126 784 1166 ad
813 1126 949 1166 sidera
975 1126 1132 1165 uoltum
1469 1130 1520 1166 75

186 1195 322 1246 Dicet,
353 1194 422 1233 ubi
451 1199 519 1233 est
546 1192 668 1233 hodie
697 1206 803 1246 quae
831 1194 918 1248 lyra
946 1193 1061 1233 fulsit.
1086 1189 1202 1233 heri?

131 1262 319 1315 Dumque
347 1261 477 1314 lyram
505 1267 686 1315 quaeret,
715 1260 839 1301 medii
866 1273 1029 1314 quoque
1056 1266 1176 1315 terga
1207 1260 1339 1300 leonis

188 1330 232 1369 In
259 1327 433 1382 liquidas
463 1330 597 1370 subito
623 1341 759 1370 mersa
784 1329 944 1369 notabit
972 1340 1113 1382 aquas.

131 1462 266 1515 Quem
295 1463 414 1504 modo
447 1464 650 1505 caelatum
680 1463 812 1504 stellis
842 1463 1033 1517 delphina
1059 1463 1246 1518 uidebas‚

185 1533 228 1573 Is
253 1532 389 1586 fugiet
417 1533 533 1573 uisus
560 1538 684 1574 nocte
713 1538 916 1586 sequente
945 1537 1060 1573 tuos:
1469 1536 1522 1572 80

126 1643 189 1678 62.
219 1642 353 1691 abligat
379 1646 414 1680 E
432 1656 505 1680 ma.
521 1656 589 1680 sec.
633 1644 757 1693 alligat
770 1641 875 1684 ΛΣ.
914 1645 1025 1694 oblig.
1046 1643 1178 1693 (allig.)
1197 1644 1275 1694 ipse
1304 1640 1402 1680 ΦΛ
1418 1645 1521 1680 4041

76 1704 154 1730 seoe.
203 1693 338 1741 obligat
366 1694 428 1729 illa
451 1706 501 1742 ys
525 1705 603 1731 sex.
642 1695 728 1730 deas
758 1694 778 1730 b
805 1708 878 1731 ma.
894 1707 952 1743 pr.
1067 1697 1128 1731 63.
1170 1698 1246 1739 Ita,
1274 1702 1456 1744 repostor‚
1483 1696 1521 1731 D

75 1741 174 1780 AZ
201 1744 305 1778 1215
331 1748 474 1792 septem,
505 1749 591 1780 uett.
615 1743 668 1780 ed.
695 1747 783 1781 Ven.
812 1747 932 1792 1475,
959 1745 1110 1782 Mediol.
1139 1747 1260 1792 1477,
1291 1748 1366 1782 Vic.
1401 1747 1522 1782 1480.

80 1796 168 1830 Ven.
186 1794 247 1839 514
259 1795 328 1840 843
351 1805 403 1841 9³
420 1805 503 1830 παν.
522 1805 592 1830 σον.
632 1801 798 1843 repertor
824 1796 966 1831 caeteri.
997 1795 1119 1832 Gloss.
1134 1798 1168 1831 E
1177 1794 1216 1831 b.-
1241 1802 1444 1844 reparator.

126 1844 189 1880 65.
224 1843 314 1879 cael.
348 1850 438 1893 quot
470 1850 509 1880 tu
536 1841 589 1879 A.
639 1856 730 1893 quos
765 1843 828 1880 das
863 1843 953 1880 cael.
985 1843 1161 1881 (D3344.
1209 1846 1355 1881 caelest.
1384 1856 1522 1894 aequos

76 1894 223 1930 caelest.
251 1894 313 1929 34.
425 1895 486 1930 66.
517 1893 662 1943 Perque
687 1900 785 1930 tuam
812 1906 908 1930 man.
936 1895 960 1931 i.
987 1902 1032 1933 st.
1060 1895 1206 1931 domum
1243 1898 1278 1931 Τ
1298 1907 1380 1932 uar.
1398 1907 1469 1932 scr.

126 1946 187 1981 67.
225 1944 261 1979 T
263 1956 322 1979 um
349 1945 425 1981 BG
447 1949 535 1981 teste
551 1946 664 1981 Gron.
692 1946 735 1980 N
746 1947 849 1981 Tms
869 1947 893 1981 8
920 1944 1046 1982 decem.
1089 1945 1198 1982 Nunc
1226 1943 1276 1982 Φ.
1325 1947 1394 1982 uic.
1422 1945 1521 1982 cele-

75 1995 201 2031 bratur
226 1995 327 2030 lucus
352 1997 433 2031 ΡΤ
451 1998 546 2031 311.
589 1996 792 2031 celebretur
818 1998 938 2032 1233.
982 1996 1115 2032 celebr.
1143 1997 1256 2032 alerni
1282 2000 1344 2033 22.
1385 1997 1520 2033 celebr.

74 2046 165 2094 asyli
190 2047 311 2081 DZm
336 2056 409 2081 ma.
424 2057 480 2093 pr.
503 2048 585 2082 813
612 2045 811 2090 duodecirm
841 2048 874 2081 B
898 2057 981 2083 tear.
999 2058 1069 2083 scr.
1119 2047 1251 2083 celebr.
1280 2047 1407 2083 auerni
1431 2046 1521 2100 ‘reli-

98 2095 659 2192 '‘issff‘ssi‘yzfftff‘ss‘r‘..“Zabam
684 2097 747 2183 ἶῗιῖ
780 2104 816 2144 ‘y
820 2096 1249 2197 ¹³¹¹}1.E'aaape⁷r‘t'.}s⁵¹}f¹¹
1254 2093 1472 2197 ¹22&ss
1482 2094 1525 2184 ἴ

72 2197 227 2233 nobibus
252 2198 298 2232 P.
347 2198 430 2241 Ita,
458 2203 602 2245 auster,
629 2199 665 2233 D
681 2194 720 2232 Φ
741 2197 848 2241 (test.
874 2197 1042 2246 Matth.)
1061 2201 1141 2234 Zm
1167 2200 1330 2246 quinque.
1379 2209 1443 2234 aer
1472 2196 1526 2245 bf

73 2245 185 2286 alius.
226 2245 353 2283 aether
376 2246 515 2295 reliqui.
617 2249 678 2283 72.
706 2248 868 2284 Contitat
893 2250 939 2284 E.
983 2251 1050 2284 sub
1070 2250 1152 2285 ioue
1177 2246 1219 2285 A
1244 2261 1325 2285 nar.
1345 2260 1417 2285 scr.

121 2298 184 2333 73.
208 2295 378 2333 Protinus
394 2296 443 2334 A
450 2309 485 2345 9.
525 2296 658 2347 hisper.
676 2300 720 2334 P.
757 2298 914 2347 esperias
934 2301 979 2335 E.
1019 2298 1205 2335 habiturus
1227 2302 1262 2336 E
1278 2298 1342 2335 sub
1358 2311 1435 2336 ras.
1455 2297 1518 2346 bf.

74 2346 255 2383 subiturus
274 2345 331 2394 T;
357 2344 399 2383 A
412 2344 576 2385 nansci.
616 2349 778 2384 obiturus
795 2361 832 2398 p.
936 2350 996 2385 74.
1023 2349 1133 2397 lgnea
1148 2346 1202 2386 A.
1243 2362 1324 2385 cum
1349 2348 1444 2386 uada
1455 2348 1518 2386 A.

75 2395 186 2434 demit
209 2396 279 2434 Ab
302 2400 326 2434 8
354 2399 518 2446 quinque.
635 2400 696 2436 75.
731 2398 851 2435 uultus
878 2398 963 2437 ΡΛ
972 2397 1019 2435 Ν
1025 2398 1062 2436 Σ
1066 2399 1114 2448 sy
1148 2399 1345 2449 quindecim
1369 2404 1404 2436 et
1428 2404 1517 2437 uett.

14 2453 21 2461 ’
76 2445 130 2482 ed.
230 2450 292 2484 76.
319 2448 385 2495 lira
412 2451 504 2485 DE.
546 2447 634 2486 here
660 2451 720 2485 33.
824 2451 888 2488 77.
920 2450 1026 2492 liram
1051 2454 1098 2490 E.
1141 2453 1281 2500 quaerit
1308 2449 1516 2498 BGbyms.

124 2498 185 2534 78.
210 2495 327 2534 subiti}
345 2497 399 2535 ed.
423 2501 474 2535 D.
488 2500 615 2546 Heius.
654 2500 734 2536 sub.
761 2511 867 2536 uersa
886 2501 1037 2537 natabat
1056 2513 1093 2537 m
1109 2513 1184 2539 ma.
1201 2513 1258 2550 pr.
1293 2502 1432 2538 natabit
1457 2500 1476 2537 b
1483 2500 1517 2547 f.

76 2547 224 2584 notabat
241 2546 294 2585 A.
334 2550 476 2586 notauit
500 2552 537 2586 8.
579 2550 714 2586 uidebit
741 2555 915 2598 quamam
940 2548 1045 2600 Πῦρ
1064 2563 1130 2600 pro
1143 2551 1253 2599 yloss.
1270 2551 1329 2588 uel
1345 2563 1428 2589 ιιαιν.
1443 2563 1516 2588 scr.

125 2597 186 2633 79.
211 2597 317 2640 Quae
334 2598 395 2637 A.
437 2600 557 2644 Quem
583 2607 622 2636 tu
650 2600 738 2636 cael.
759 2602 802 2636 F.
842 2601 931 2637 cael.
957 2603 1079 2639 stellas
1101 2602 1138 2639 A
1156 2603 1218 2639 43.
1320 2605 1383 2640 80.
1408 2600 1515 2639 Effu-

75 2644 148 2694 giet
176 2643 274 2683 NH
281 2647 322 2685 T
341 2649 450 2688 alsus.
487 2650 566 2700 fug.
593 2651 713 2688 uultus
739 2648 826 2688 DA
851 2650 935 2688 duo.
