1685 2954
587 187 689 219 ΜΒ.
720 187 957 224 va'rvs
1201 184 1203 186 ·
1412 176 1500 222 243

103 290 279 333 Obstitit
306 289 443 332 Orion.
473 287 636 331 Latona
663 289 892 332 nitentibus
920 291 1043 332 astris

158 357 326 400 Addidit
355 364 411 411 et,
438 357 570 398 meriti
600 360 794 412 praemia,
823 355 938 411 dixit,
967 358 1086 399 habe.

99 491 186 534 Sed
216 491 312 545 quid
340 496 385 532 et
408 490 533 532 Orion
562 497 607 532 et
634 496 802 533 caetera
830 490 965 532 sidera
995 491 1145 533 mundo
1411 492 1493 534 545

156 559 316 600 Cedere
344 558 541 599 festinant
569 571 734 612 noxque
763 564 921 599 coartat
946 557 1054 600 iter?

98 625 207 678 Quid
235 624 357 666 solito
386 626 509 667 citius
538 625 691 680 liquido
718 626 834 667 iubar
861 639 1041 680 aequore
1071 626 1178 668 tollit

150 692 338 735 Candida
365 694 534 735 lucifero
564 692 863 747 praeueniente
893 691 1015 736 dies?

93 760 242 814 Fauor,
271 774 323 801 an
352 774 463 802 arma
488 759 671 803 sonant?
700 775 780 802 non
807 762 991 815 fallimur,
1023 773 1135 802 arma
1163 761 1378 805 sonabant.

150 829 267 869 Mars
295 830 423 883 uenit,
454 835 498 870 et
526 828 700 870 ueniens
728 830 876 871 bellica
903 829 1027 885 signa
1055 830 1180 871 dedit.
1410 831 1493 870 550

95 896 216 937 Vltor
243 897 295 937 ad
323 898 413 950 ipse
441 909 542 938 suos
572 898 688 938 caelo
717 896 934 939 descendit
960 899 1138 938 honores

151 965 403 1018 Templaque
438 962 479 1004 in
508 964 704 1019 Augusto
742 956 1035 1018 conspicienda
1070 964 1169 1005 foro.

94 1030 151 1072 Et
180 1031 285 1073 deus
314 1038 382 1073 est
410 1032 559 1086 ingens
589 1038 632 1073 et
661 1044 777 1085 opus.
815 1032 994 1074 debebat
1020 1030 1061 1073 in
1090 1032 1191 1073 urbe

149 1100 246 1139 Non
275 1101 391 1140 aliter
417 1102 502 1140 nati
531 1101 648 1140 Mars
678 1100 862 1140 habitare
889 1100 966 1140 sui.

94 1165 233 1220 Digna
261 1167 474 1222 giganteis
502 1167 609 1208 haec
637 1174 735 1208 sunt
764 1168 931 1209 delubra
958 1167 1157 1221 tropaeis:
1412 1167 1492 1205 555

148 1235 258 1274 Hinc
289 1235 376 1275 fera
404 1234 631 1276 Gradiuum
658 1236 766 1276 bella
794 1248 961 1276 mouere
990 1235 1128 1288 decet,

92 1300 180 1342 Seu
205 1300 297 1354 quis
325 1302 376 1343 ab
407 1315 484 1341 eoo
514 1315 591 1343 nos
619 1303 766 1355 impius
793 1303 890 1342 orbe
920 1303 1116 1353 lacesset,

149 1368 237 1409 Seu
267 1368 358 1423 quis
389 1369 440 1410 ab
470 1368 643 1410 occiduo
674 1370 764 1410 sole
795 1369 1024 1411 domandus
1054 1367 1144 1409 erit.

92 1436 300 1490 Perspicit
326 1437 578 1490 armipotens
606 1438 742 1491 operis
768 1437 938 1492 fastigia
966 1437 1127 1490 summi,

36 1592 175 1642 liperae
193 1593 282 1631 Αἶά.
298 1594 405 1643 prim.
447 1593 692 1641 gemelliferae
717 1596 760 1630 N
770 1594 932 1631 Oms20
951 1594 1117 1642 quinque.
1149 1591 1271 1629 Gloss.
1291 1591 1489 1642 gemellip.]

37 1644 251 1692 acquisitiue
277 1647 324 1681 E.
424 1644 512 1681 543.
542 1643 664 1681 Obstit
690 1657 744 1681 or.
770 1657 803 1682 rr.
843 1645 944 1680 orion
972 1644 1082 1680 diana
1108 1644 1172 1680 nit.
1190 1655 1298 1680 wius.
1340 1643 1403 1680 lat.
1423 1644 1489 1680 mi-

38 1695 202 1730 cantibus
231 1700 319 1729 astr.
346 1696 390 1730 E.
424 1695 503 1737 ,nit.
530 1696 660 1731 austris
686 1708 812 1733 mma.
830 1706 886 1744 pr.
997 1695 1084 1730 544.
1119 1700 1156 1730 et
1181 1694 1315 1730 meritis
1342 1705 1389 1731 m.
1435 1692 1443 1699 ²

88 1744 176 1780 545.
204 1743 302 1787 Quid
330 1742 429 1792 quod
455 1750 492 1779 et
517 1745 703 1793 DEObp
730 1749 885 1794 quatuor
905 1749 939 1781 et
957 1743 1114 1782 nomed.
1160 1744 1200 1780 Si
1227 1744 1311 1793 quid
1339 1756 1375 1792 9.
1411 1747 1488 1791 Ita,

38 1800 148 1841 caet„
175 1797 253 1830 De.
293 1794 358 1831 sid.
388 1793 510 1830 mundi
536 1806 759 1842 ysma.sec.
806 1795 872 1830 sid.
904 1797 1036 1842 nymbo
1062 1806 1250 1842 mmmpr.
1290 1794 1357 1831 sid.
1386 1796 1487 1831 caelo

0 1841 1 1874 Ϊ
42 1846 73 1882 G
86 1846 285 1882 Gma.sec.
314 1856 430 1894 supra
456 1844 518 1881 lin.
546 1846 604 1889 (ut
628 1849 714 1894 puto
739 1856 806 1894 pro
830 1844 959 1892 9loss.)
982 1847 1031 1881 M
1040 1847 1105 1893 'Pp
1132 1846 1295 1892 (latinique.
1399 1845 1488 1882 546.

0 1891 1 1896 ¹
34 1894 181 1932 Ledere
207 1894 376 1944 bona-pr.
417 1907 488 1944 que
513 1902 637 1931 coarte
663 1896 701 1931 it.
722 1907 824 1932 rma.
835 1907 893 1943 pr.
993 1896 1080 1932 547.
1112 1895 1185 1937 Qui
1210 1895 1277 1931 sol.
1298 1892 1350 1931 (D.
1386 1895 1488 1939 Quid

35 1947 139 1982 citius
165 1946 270 1982 solito
298 1947 349 1981 N.
392 1946 498 1981 cicius
525 1948 605 1983 DE
616 1947 662 1982 G.
702 1946 851 1995 liquido
879 1948 928 1982 D.
967 1946 1028 1982 cit.
1055 1945 1228 1994 liquidum
1258 1948 1301 1982 T.
1342 1946 1406 1982 cit.
1431 1947 1486 1982 ni-

35 1996 110 2034 tido
136 1997 210 2033 iub.
238 1993 349 2033 ΜΠ
353 1997 432 2045 p41
453 2008 598 2042 nozzem3
630 1997 659 2033 0
674 1991 810 2033 Ψιὶαν.
826 2008 896 2033 scr.
941 1996 998 2032 cit.
1026 1996 1128 2032 nitito
1155 1997 1230 2034 iub.
1258 1994 1300 2032 A
1315 2008 1485 2034 uanscr.

36 2047 97 2083 cit.
125 2046 278 2084 nitidum
311 2044 352 2082 Φ
371 2051 449 2084 test.
473 2049 619 2092 Heins.;
644 2044 784 2084 Huar.
800 2058 869 2084 scr.
928 2047 987 2083 cit.
1024 2048 1140 2083 uitreo
1172 2046 1245 2083 iub.
1272 2059 1394 2096 puar.
1412 2059 1484 2085 scr.

33 2097 173 2148 liquido
198 2098 234 2134 in
261 2109 369 2147 aequ.
395 2097 426 2144 f.
536 2098 624 2135 548.
661 2098 898 2147 proueniente
924 2099 975 2134 N.
1084 2097 1171 2133 549.
1210 2097 1335 2133 Fallar
1362 2099 1406 2135 0.

85 2147 174 2185 550.
201 2149 303 2196 signa
330 2148 441 2185 dabat
460 2145 518 2184 H.
560 2150 661 2197 signa
688 2155 812 2185 mouet
836 2151 886 2185 M
895 2160 979 2185 nar.
994 2159 1065 2186 scr.
1169 2148 1257 2184 551.
1286 2147 1413 2185 Victor
1437 2148 1485 2185 ad

33 2209 73 2248 p.
112 2198 281 2235 decendit
306 2196 355 2235 Γ.
467 2200 556 2236 553.
593 2200 660 2236 Est
685 2199 775 2235 deus
802 2211 820 2235 e
844 2203 878 2235 et
903 2198 958 2235 od.
984 2197 1136 2236 Mediol.
1182 2211 1242 2247 op.
1270 2197 1428 2235 habebat
1452 2211 1483 2236 e.

33 2249 72 2286 in
98 2250 205 2285 urbes
231 2261 262 2286 r.
364 2249 452 2286 554.
481 2250 586 2286 aliter
610 2250 678 2286 fati
706 2253 750 2287 Τ.
854 2250 941 2286 555.
969 2249 1076 2286 Dicta
1098 2249 1171 2298 gig.
1193 2252 1376 2298 Emmpr.
1411 2250 1483 2298 gig.

34 2306 120 2337 aunt
147 2299 236 2335 haec
260 2298 322 2336 A.
373 2300 534 2350 tropheis
553 2303 635 2338 miei
666 2306 808 2350 praeter
833 2300 865 2337 b.
919 2299 994 2337 del.
1021 2301 1169 2336 uetustis
1196 2312 1322 2336 mma.
1341 2311 1398 2347 pr.
1418 2302 1481 2337 29.

32 2348 105 2387 del.
132 2351 320 2400 triumphis
349 2354 466 2387 1220.
569 2353 655 2388 556.
684 2353 751 2387 Hic
776 2351 837 2388 bs.
874 2363 972 2388 mou.
993 2351 1077 2387 licet
1094 2349 1156 2387 A.
1260 2351 1348 2388 557.
1379 2352 1479 2388 Vers.

33 2398 91 2436 bis
113 2403 271 2450 scriptus
297 2403 335 2438 in
360 2413 392 2439 r.
440 2401 516 2438 Sed
543 2403 620 2451 quis
649 2404 694 2439 B.
743 2402 784 2439 Si
811 2402 890 2451 quis
921 2404 964 2438 Τ.
1013 2401 1088 2438 Seu
1117 2401 1202 2450 quid
1229 2412 1265 2437 m
1283 2402 1357 2446 (ita
1380 2405 1481 2450 puto,

33 2448 98 2486 aed
123 2451 350 2499 oyylutinata
373 2452 430 2488 uel
456 2452 585 2490 obsum
609 2457 689 2489 erat
712 2457 802 2491 nota
828 2455 866 2490 in
890 2451 1053 2499 scheda.)
1071 2464 1144 2488 ma.
1162 2463 1220 2501 pr.
1267 2452 1347 2500 quis
1373 2451 1420 2488 ad
1445 2452 1479 2490 b.

36 2511 106 2536 eoo
132 2512 203 2537 non
228 2514 259 2539 s.
300 2516 364 2539 nos
391 2504 556 2553 impetus·
575 2506 618 2540 F.
658 2516 723 2539 nos
750 2504 888 2553 turpius
915 2500 972 2539 Π.
1010 2504 1166 2539 lacescat
1191 2503 1295 2539 G14.
1337 2502 1481 2540 lacessit

38 2549 411 2591 BGDONTm2o
436 2554 563 2591 decem.
681 2555 769 2591 558.
807 2555 847 2591 Si
880 2554 959 2603 quis
991 2553 1062 2600 Tf.
1119 2553 1248 2589 ociduo
1275 2554 1326 2589 D.
1380 2553 1499 2591 dom.-

35 2606 115 2636 erat
140 2598 178 2636 Γ
183 2599 322 2641 Pr-ma.
333 2617 394 2654 pr.
411 2607 446 2644 3.
549 2605 638 2652 558,
657 2604 745 2652 561,
764 2605 854 2652 560,
873 2605 962 2651 559,
982 2605 1057 2639 562
1077 2607 1219 2681 transTp.
1235 2604 1274 2641 G.
1306 2605 1376 2640 Vu.
1390 2605 1477 2648 559,

33 2650 112 2688 560
135 2652 175 2687 in
197 2664 313 2701 πων-9.
327 2667 376 2692 m.
479 2655 567 2692 559.
593 2655 773 2705 Prospicit
798 2653 940 2692 EAN
947 2652 1123 2691 OP‘PA
1130 2652 1181 2690 Σ.
1197 2651 1478 2704 f22p1244no-

34 2711 116 2738 uem
140 2706 174 2738 et
198 2702 254 2739 ed.
281 2705 431 2744 Mediol.
471 2707 635 2756 Respicit
659 2706 859 2744 damasec.
907 2706 1121 2756 annipotens
1147 2708 1195 2743 E.
1233 2717 1295 2755 op.
1325 2705 1477 2754 uestigia

34 2749 68 2790 b.
107 2751 228 2791 Gloss.
248 2756 305 2791 D:
330 2756 377 2792 ibi
403 2757 497 2794 enim
522 2759 639 2807 posita
666 2764 721 2795 est
746 2759 823 2795 eius
848 2758 979 2807 imago.

1073 2816 1165 2853 16*

17 2847 24 2954 i
