1685 2954
54 39 161 67 XXIV
566 38 716 66 FEmAE
746 37 985 68 IVDICIALES

55 138 176 176 hendo
203 137 341 175 idoneis
369 142 468 174 recte
492 135 767 186 disputauimus,
793 137 981 174 Kalendas
1006 149 1129 174 omnes
1153 142 1216 172 aut
1242 135 1413 182 nefastas‚
1438 143 1502 173 aut

54 199 174 249 prima
198 205 306 249 parte
331 199 489 236 nefastas
514 197 625 234 fuisse
652 205 810 248 oportet.
864 199 956 235 lllud
982 200 1101 249 igitur,
1128 196 1226 247 quod
1251 197 1337 233 Kal.
1363 198 1502 246 Apriles

54 260 91 297 in
121 261 245 297 tabula
271 260 526 307 Praenestina,
563 259 684 296 Maiae
720 266 757 297 et
792 260 947 296 sortasse
981 261 1104 296 Iuniae
1139 261 1175 296 in
1210 259 1277 295 cal.
1305 258 1504 304 Venusino,

55 321 295 371 Septembres
316 322 353 357 in
373 321 610 368 Amiternino,
637 321 865 358 Nouembres
886 322 921 357 in
940 322 1112 358 Amitern.
1132 329 1168 358 et
1187 321 1367 357 Antiatino
1387 318 1505 355 sastae

56 382 266 430 traduntur,
295 388 471 422 nouatum
494 395 573 419 esse
599 396 621 419 a
642 383 793 419 Tiberio
821 395 968 419 necesse
994 391 1061 420 est.
1106 383 1202 419 Num
1222 379 1412 418 Kalendae
1432 379 1504 416 Fe-

55 444 246 491 bruariae,
273 444 396 480 Iuniae
423 451 459 480 et
484 444 704 480 Decembres
732 452 840 491 tunc,
877 457 957 480 cum
984 444 1054 480 hoc
1080 445 1207 491 fieret,
1235 443 1397 479 nefastae
1421 440 1506 477 fue-

58 504 144 551 rint,
173 517 245 541 non
268 511 390 555 potest
416 507 602 554 cognosci:
631 506 769 554 primae
791 505 826 540 in
845 505 1028 541 Maffeana
1056 512 1194 542 tantum
1222 504 1344 541 tabula
1363 508 1506 539 extant:

57 566 255 614 secundae,
282 579 372 616 quas
399 566 485 614 dixi,
513 567 547 603 in
578 567 645 604 cal.
672 566 809 602 Venus.
839 565 973 601 nnllam
1001 573 1122 603 notam
1149 568 1327 616 ascriptae
1352 565 1507 611 liabeut3

57 627 204 665 minime
229 628 322 665 enim
351 634 451 664 certa
478 633 532 663 est
560 626 690 663 Orellii
716 627 921 663 emendatio
948 629 1099 675 p.412‚
1118 639 1191 670 ,nec
1217 627 1352 676 Lupuli
1379 631 1509 661 aucto-

56 688 166 725 ritate
193 689 339 725 nititur:
367 689 582 725 nouissimae
609 688 643 724 in
670 688 795 724 tabula
816 689 1038 724 Amiternina
1060 690 1134 724 aeri
1158 689 1267 725 incisa
1289 687 1386 737 apud
1411 686 1508 734 Fog-

57 749 196 799 ginium
222 749 387 787 nefastae
413 756 522 795 sunt,
558 751 595 786 in
622 750 717 799 typis
744 749 927 799 descripta
953 750 1084 786 ibidem
1110 763 1148 799 p.
1168 752 1239 786 116
1263 749 1329 785 NP
1356 748 1510 798 apponi-

58 815 132 858 tur,
160 823 229 847 nec
255 813 448 862 quicquam
474 818 682 848 annotatur.
735 812 873 848 Verum
900 811 959 847 fac
986 811 1101 847 nullas
1127 823 1170 847 ex
1201 811 1256 846 liis
1282 810 1420 845 Tiberii
1445 820 1511 845 ae-

57 877 134 908 tate
162 871 323 910 nefastas
349 879 446 909 totas
471 872 595 920 fuisse,
623 886 689 909 cur
710 874 822 925 iuliae
843 879 880 910 et
905 872 1085 909 Octobres
1113 872 1275 908 nefastae
1301 870 1510 914 manserint,

59 932 187 970 uideor
206 934 292 970 mibi
318 934 531 984 indagasse:
560 942 713 986 propter
730 936 853 972 messis
881 942 917 972 et
944 934 1146 971 uindemiae
1167 933 1290 972 ferias.
1338 932 1396 968 De
1419 943 1512 968 mes·

58 994 106 1030 sis
137 993 236 1032 feriis
263 996 365 1044 locis,
393 1008 485 1045 quos
512 997 576 1034 lcti
602 998 687 1034 mihi
714 997 982 1044 indicauerunt,
1008 996 1105 1032 Plin⁴
1132 1008 1218 1045 epp.
1244 998 1282 1042 8,
1309 997 1380 1031 21:
1415 993 1514 1031 Iulio

59 1067 201 1104 mense,
235 1069 304 1105 quo
330 1060 490 1095 maxime
516 1058 597 1096 lites
621 1061 920 1107 interquiesctmt,
956 1058 1053 1095 Stat.
1080 1058 1160 1094 silu.
1185 1056 1221 1100 4,
1248 1059 1286 1104 4,
1313 1057 1384 1104 39,
1417 1054 1513 1092 addo

60 1117 158 1155 Gell.
184 1120 223 1166 9,
246 1119 306 1155 15.
357 1119 414 1156 De
442 1121 717 1157 uindemialibus
745 1121 979 1156 memineram
1005 1120 1202 1155 Minucium
1229 1118 1387 1154 Felicem
1413 1117 1513 1153 initio

60 1179 116 1216 sui
141 1180 223 1216 libri
248 1181 467 1218 mentionem
494 1183 660 1228 iniicere,
687 1189 723 1219 et
750 1181 893 1218 uidetur
920 1181 1017 1218 Gell.
1037 1183 1102 1227 20,
1122 1182 1158 1216 8.
1212 1178 1364 1215 Octobri
1390 1190 1514 1214 mense

60 1241 280 1278 uindemiam
306 1243 416 1280 fuisse
443 1244 686 1280 calendarium
713 1244 910 1290 rusticum,
938 1242 1035 1292 quod
1065 1249 1229 1288 uocatur,
1258 1240 1377 1276 docet.
1421 1240 1512 1276 Vtut

63 1308 140 1351 est,
177 1303 368 1341 Kalendas
396 1304 538 1354 aliquot
563 1307 658 1342 actui
694 1318 814 1342 rerum
843 1304 1134 1341 accommodasse
1162 1303 1304 1339 uidetur
1329 1302 1514 1348 Tiberius,

62 1364 109 1401 de
135 1378 208 1415 quo
234 1367 304 1403 Dio
331 1367 394 1414 58,
422 1370 491 1403 21.
521 1361 584 1403 ὅτι
612 1363 707 1410 τοὺς
733 1364 884 1414 νόμους
913 1362 1006 1409 τοὺς
1034 1364 1122 1414 περὶ
1149 1366 1227 1401 τῶν
1254 1359 1516 1410 συμβολαίων

60 1420 138 1463 υπὸ
168 1427 239 1464 τοῦ
260 1425 473 1476 Καίσαρος
500 1427 705 1477 τεθέντας,
730 1427 771 1473 ἐξ
791 1426 843 1466 ὡν
870 1426 935 1465 καὶ
965 1424 1103 1472 &nagia
1122 1424 1187 1464 καὶ
1209 1421 1366 1475 ταραχὴ
1386 1425 1461 1462 πολ
1465 1423 1514 1475 λὴ

61 1485 308 1540 γενήσεσθαι
334 1485 509 1538 ἴμεὶλεν,
537 1486 798 1539 ἀνενεωσατο,
828 1499 864 1528 et
891 1492 1000 1541 paulo
1027 1497 1129 1540 post:
1158 1486 1202 1526 τὰ
1230 1485 1334 1526 κατὰ
1361 1483 1411 1524 τὰ
1439 1487 1516 1524 δα-

63 1548 260 1600 νείσματα
278 1549 523 1600 ἐμετρίασεν,
546 1565 590 1590 ex
609 1567 682 1604 quo
702 1554 910 1603 intelligitur
931 1547 1177 1589 ἀνενεώσατο
1200 1563 1393 1601 perperam
1408 1550 1517 1599 uulgo

63 1613 167 1650 reddi
194 1613 407 1652 reductuws
431 1620 522 1660 erat,
550 1629 616 1665 pro
634 1616 844 1653 reduxerat.
887 1615 1047 1651 Aoristus
1075 1612 1419 1663 plusquamperfecti
1446 1613 1518 1648 uim

64 1675 196 1723 habet,
227 1678 278 1713 uti
304 1671 483 1721 ἀπέδειξε
508 1677 602 1714 Xen.
631 1679 746 1714 Anab.
778 1682 813 1724 1,
842 1682 877 1725 l,
898 1681 937 1723 2,
964 1677 1030 1712 cir.
1059 1674 1232 1721 Thucyd.
1264 1678 1299 1721 1,
1323 1676 1391 1709 102
1420 1672 1518 1723 apud

65 1737 198 1774 Matth.
227 1739 263 1782 §.
277 1740 368 1785 497,
395 1747 495 1786 not.;
523 1733 683 1784 ξζιιελλεν
711 1740 795 1775 inde
817 1739 1062 1788 suspenditur.
1102 1736 1195 1771 lstae
1215 1735 1380 1771 Caesaris
1406 1735 1519 1784 leges,

67 1798 113 1836 de
140 1799 268 1849 quibus
295 1800 379 1836 uide
405 1800 564 1850 interpp.
591 1800 637 1836 ad
666 1801 772 1836 Dion.
800 1803 864 1847 41,
888 1802 937 1836 37
965 1800 1047 1835 coll.
1075 1797 1195 1834 Dione
1221 1799 1285 1843 42,
1313 1799 1361 1832 22
1388 1803 1425 1832 et
1450 1799 1520 1844 323

67 1861 144 1898 Cic.
173 1860 219 1897 ad
245 1861 358 1897 famil.
384 1862 422 1908 9,
455 1864 502 1897 16
523 1869 559 1898 et
583 1863 649 1909 183
687 1865 748 1908 ll,
770 1863 837 1907 28,
866 1858 1012 1909 quaudo
1043 1858 1201 1894 exerceri
1228 1857 1411 1905 desierint,
1448 1858 1519 1894 Dio

66 1923 132 1971 51,
152 1926 217 1969 21,
248 1923 352 1959 Suet.
375 1922 461 1960 Oct.
489 1924 535 1958 41
565 1923 712 1961 docent.
767 1923 846 1958 Hoc
872 1922 1012 1969 ignoro,
1041 1926 1159 1955 utrum
1188 1919 1356 1956 Tiberius
1382 1919 1521 1957 Kalen·

68 1983 134 2020 das
160 1984 272 2021 sastas
299 1997 379 2022 esse
405 1986 547 2021 iusserit
566 1990 718 2034 propter
739 1983 929 2020 adauctam
952 1993 1018 2031 per
1041 1981 1120 2017 illas
1147 1981 1254 2017 etiam
1282 1982 1379 2035 leges
1405 1982 1520 2019 litium

67 2045 334 2096 frequentiam,
372 2047 508 2083 leniore
546 2058 630 2082 usus
666 2045 851 2091 remedio,
887 2054 995 2092 quam
1033 2042 1185 2091 posthac
1211 2026 1408 2090 Claudius,
1446 2044 1519 2080 uid.

68 2108 269 2155 Dion‚60,
299 2111 361 2155 17,
396 2109 480 2157 quia
515 2107 561 2144 de
586 2107 763 2144 Kalendis
795 2107 878 2142 olim
912 2104 1015 2140 fastis
1049 2104 1168 2140 nescio
1195 2104 1282 2153 qnid
1309 2106 1451 2142 subolet
1475 2118 1523 2143 ex

71 2170 170 2206 Gell.
200 2174 262 2217 12,
292 2173 355 2217 13,
387 2181 432 2205 an
461 2169 495 2205 id
522 2169 671 2216 fecerit,
708 2175 747 2205 ut
780 2168 820 2204 iis
847 2167 997 2213 diebus,
1031 2166 1249 2202 solemnibus
1284 2167 1354 2202 iam
1383 2167 1522 2216 pridem

70 2233 122 2268 rei
148 2231 351 2268 fenerariae
376 2244 456 2267 cum
483 2231 627 2277 Idibus,
662 2229 737 2267 uid.
758 2229 874 2266 Orell.
897 2228 942 2265 ad
964 2229 1052 2264 Hor.
1072 2227 1179 2276 epod.
1201 2231 1249 2274 2,
1277 2229 1335 2264 uel
1363 2228 1521 2266 Brisson.

72 2292 119 2330 de
144 2292 308 2329 formulis
335 2294 395 2329 lib.
412 2295 451 2340 6,
481 2306 515 2342 p.
531 2293 619 2340 540,
645 2292 805 2328 actiones
831 2290 1027 2339 legitimae,
1054 2289 1084 2324 si
1111 2300 1205 2338 quae
1225 2301 1270 2325 ex
1288 2290 1357 2326 illis
1384 2289 1524 2339 legibus

72 2356 159 2406 ipsis
186 2361 433 2401 nascerentur,
460 2355 601 2391 fierent.
646 2353 765 2401 Pergo
792 2353 826 2388 in
854 2351 1152 2400 interpolatorum
1177 2351 1280 2398 nugis
1307 2351 1526 2388 conuiucen-

74 2417 144 2456 dis.
206 2415 503 2464 PostridievKal.
541 2416 652 2465 April.
689 2415 905 2450 comitialem
941 2413 1155 2449 uoluerunt:
1200 2412 1405 2461 pei-incerta
1438 2423 1526 2448 con-

74 2479 227 2525 iectura,
253 2478 362 2514 immo
389 2477 494 2524 falsa,
523 2489 605 2513 nam
643 2475 769 2513 tabula
795 2475 1030 2511 Praenestina
1056 2474 1188 2510 fastum
1217 2472 1336 2509 habet.
1390 2471 1526 2510 Postri-

74 2540 134 2578 die
165 2540 252 2577 Kal.
289 2540 380 2576 Mai.
415 2539 576 2575 scribunt
613 2538 678 2573 BF
707 2536 860 2574 COMP.
888 2536 1064 2572 Litteram
1100 2535 1130 2570 F
1168 2534 1445 2584 desumpserunt
1480 2547 1526 2572 ex

75 2602 283 2654 fragmento
304 2601 505 2648 Venusino,
533 2600 632 2651 quod
658 2601 802 2637 nouisse
827 2603 1036 2649 potuerunt.
1088 2595 1307 2646 Compitalia
1331 2596 1527 2646 Fogginius
