1685 2954
650 83 708 114 m:
737 82 933 115 mcx-:Lus
1409 80 1514 112 cxx!

170 186 261 224 Ara
287 185 481 224 maxima
509 183 675 221 Herculis
702 183 738 220 in
764 183 846 220 foro
872 183 1013 232 boario,
1041 182 1092 220 uti
1122 179 1336 232 assignificat
1358 180 1514 220 Ouidius

72 254 108 296 1,
133 249 223 297 582,
251 249 311 286 uel
336 247 456 299 potius
484 251 577 282 teste
600 245 777 293 Dionysio
804 248 841 292 l,
867 245 943 282 40:
979 242 1151 294 βοαρίας
1177 238 1388 293 λεγομένης
1416 238 1515 293 ἆγο-

0 349 1 356 ,
71 311 148 360 ρᾶς
174 307 356 360 πλησίον,
381 307 560 358 superfuit
587 307 775 356 utriusque
802 313 946 355 aetate3
977 308 1027 343 ita
1055 308 1148 344 enim
1177 302 1380 343 Graeculus
1406 303 1515 342 dicitz

0 386 1 389 ¹
70 369 184 423 ὅρκοι
211 385 253 410 τε
277 366 354 421 γὰρ
380 364 446 406 ἐπ’
476 363 588 419 αὐτῷ
614 365 679 405 καὶ
707 367 911 417 συνθῆκαι
938 369 1023 411 τοῖς
1048 364 1311 416 βουλομένοις
1335 362 1513 415 βεβαίως

0 435 1 478 ἶ
69 447 107 474 τι
127 427 449 483 διαπράττεσθαι
475 426 540 467 καὶ
561 425 813 474 δεκατεύσεις
835 424 1060 479 χρημάτων
1086 428 1341 479 γίγνονται
1368 424 1513 476 συχναὶ

0 539 1 544 ,
69 491 161 534 κατ’
191 488 323 542 εὐχάς.
363 493 413 544 τῇ
437 488 574 541 μέντοι
601 490 829 543 κατασκευῇ
857 487 961 528 πολὺ
989 491 1062 541 τῆς
1090 486 1212 540 δόξης
1239 487 1296 535 ε’ςὶ
1323 485 1515 527 καταδεέ-

70 568 196 608 ςερος.
247 556 401 592 Diuersa
436 554 549 603 igitur
583 553 694 590 fuisse
731 553 876 591 uidetur
908 555 955 591 ab
990 553 1083 591 aede
1109 554 1275 590 Herculis
1300 553 1455 590 Victoris
1479 552 1516 589 in

68 619 149 656 soro
176 617 312 662 boario,
339 628 434 666 quae
461 621 765 653 commemoratur
792 615 889 666 apud
913 622 1107 664 utrumque
1132 615 1326 664 fragmenti
1346 615 1370 650 6
1389 620 1517 651 aucto-

0 695 1 700 *
68 691 144 716 rem
170 685 253 729 post
280 678 442 727 excripta
469 678 582 714 uerba
609 677 658 714 ita
684 684 918 727 pergentem:
945 680 1086 715 Romae
1111 682 1229 714 autem
1249 677 1405 713 Victoris
1424 678 1518 712 Her-

69 740 158 778 culis
182 739 288 778 aedes
315 739 407 776 duae
433 743 538 784 sunt,
573 752 649 776 una
675 739 723 777 ad
748 744 891 789 portam
921 741 1185 789 Trigeminam,
1217 737 1336 776 altera
1360 739 1398 774 in
1430 736 1515 784 foro

69 801 217 847 boario,
252 813 348 852 quae
373 801 486 838 uerba
520 801 550 838 si
577 800 754 839 Varronis
779 801 929 848 forent,
964 813 1036 837 non
1063 808 1162 839 recte
1186 801 1270 838 huic
1295 799 1387 836 libro
1413 798 1518 848 frag-

69 870 232 901 mentum
265 864 565 912 assignauissem3
597 862 730 900 deinde
762 861 860 912 apud
886 863 1034 899 Festum
1063 875 1100 913 p.
1117 864 1205 911 242,
1233 866 1282 899 32
1307 861 1422 909 dext„
1456 860 1518 897 ubi

69 926 278 964 Aemiliana
312 927 516 976 nuncupari
551 924 707 961 uidetur.
767 924 961 961 Caeterum
990 926 1097 961 Aram
1132 925 1250 974 ipsum
1283 923 1349 960 sibi
1377 923 1519 960 Hercu-

70 988 141 1025 lem
170 987 397 1025 constituisse
425 987 655 1026 consentiunt
683 984 817 1023 Ouidio
842 985 1036 1035 Dionysius
1063 989 1099 1033 1,
1126 988 1177 1022 40
1203 984 1300 1023 med.
1327 992 1363 1023 et
1388 985 1520 1023 Festus

71 1060 109 1097 p.
131 1050 220 1096 237,
239 1050 288 1084 24
315 1050 398 1095 sin.‚
435 1049 499 1085 sed
530 1049 636 1086 iidem
672 1047 806 1084 docent
842 1061 901 1084 uu.
923 1049 1012 1096 579,
1033 1049 1108 1084 580
1134 1060 1206 1084 non
1233 1047 1279 1084 ad
1305 1047 1520 1083 sacrificium

70 1109 174 1156 illud,
201 1109 300 1158 quod
319 1110 533 1147 Potitiorum
554 1118 592 1146 et
607 1109 834 1145 Pinariorum
861 1109 1012 1158 posthac
1037 1110 1119 1157 fuit,
1147 1110 1342 1159 pertinere.
1388 1109 1521 1146 Festus

70 1170 165 1207 enim
203 1172 252 1207 uti
288 1172 395 1208 etiam
422 1171 629 1208 Macrobius
656 1170 682 1207 l.
709 1170 784 1206 ind.
812 1171 914 1207 aiunt
949 1171 1105 1207 decimas
1141 1171 1345 1207 consecrari
1372 1170 1521 1208 Herculi

70 1231 133 1268 illo
160 1233 194 1268 in
222 1234 302 1270 loco
329 1245 374 1269 ex
400 1233 512 1283 ipsius
538 1234 716 1270 instituto.
771 1233 918 1269 Taurus
945 1233 1054 1281 igitur
1081 1244 1176 1269 unios
1201 1232 1279 1269 loui
1313 1233 1520 1269 immolatus

71 1300 200 1330 auctor
232 1295 298 1330 sim
334 1301 374 1332 ut
410 1295 591 1331 reseratur
626 1295 672 1331 ad
700 1293 797 1332 aliud
828 1294 998 1330 sacellum
1025 1295 1071 1330 ab
1098 1294 1256 1331 Hercule
1281 1301 1368 1331 tunc
1394 1306 1522 1332 conse-

72 1361 227 1403 cratum,
255 1357 355 1393 cuius
376 1357 538 1393 meminit
559 1357 755 1406 Dionysius
780 1369 812 1393 c.
831 1358 881 1392 39
906 1355 960 1393 his
987 1356 1125 1393 uerbiS2
1146 1378 1194 1386 —
1222 1351 1401 1405 ἱδρύεται
1417 1357 1522 1407 πλη-

71 1412 161 1453 σιόν
186 1417 258 1454 τοῦ
285 1411 412 1455 τόπου
439 1413 542 1463 Διὸς
567 1412 765 1468 Εὑρεσίου
789 1412 945 1466 βωμόν,
973 1412 1018 1462 ὅς
1046 1415 1102 1461 ε’ςὶ
1129 1418 1203 1467 τῆς
1223 1412 1382 1468 Ῥώμης
1408 1415 1519 1470 παρὰ

72 1479 124 1529 τῇ
151 1473 340 1531 Τριδύμῃ
368 1474 496 1532 πύλῃ·
524 1478 590 1518 καὶ
616 1475 710 1518 θύει
736 1479 794 1533 τῷ
820 1479 906 1532 θεῷ
933 1474 1109 1527 δάμαλιν
1137 1475 1205 1517 ἕνα
1232 1479 1305 1530 τῆς
1331 1475 1523 1529 εὑρέσεως

73 1540 152 1578 τῶν
176 1541 287 1589 βοῶν
311 1539 563 1594 χαριςήριον.
590 1538 742 1592 ταύτην
768 1538 825 1580 ἔτι
852 1538 918 1579 καὶ
945 1539 1000 1586 εἷς
1026 1538 1096 1591 ἐμὲ
1115 1537 1187 1591 τὴν
1206 1541 1358 1580 θυσίαν
1377 1536 1402 1592 ἡ
1422 1537 1523 1580 Ῥω-

73 1600 206 1649 μαίων
226 1599 342 1648 πόλις
362 1602 571 1654 συνετέλει,
592 1603 778 1654 νομίμοις
792 1597 1039 1654 Ἑλληνικοῖς
1057 1600 1206 1643 ἅπασιν
1228 1603 1269 1643 ἔν
1288 1601 1393 1658 αὐτῇ
1407 1617 1524 1656 χρω-

74 1659 188 1714 μένη,
212 1661 399 1717 καθάπερ
426 1667 572 1713 ἐκεῖνος
598 1662 859 1717 κατεςήσατο.

176 1728 234 1764 De
260 1729 558 1767 Carmentae
583 1730 772 1768 sacello
799 1728 898 1780 quod
923 1728 1102 1766 indicatur
1129 1732 1163 1774 1,
1190 1731 1288 1778 629,
1322 1731 1439 1767 tenuis
1465 1742 1524 1768 re·

77 1796 149 1826 stat
175 1791 301 1827 notitia
328 1791 364 1827 in
391 1792 512 1827 uerbis
531 1792 693 1840 Dionysii
712 1796 749 1839 1,
765 1795 834 1828 32:
864 1788 929 1827 καὶ
955 1786 1120 1838 βωμοὺς
1147 1786 1384 1840 ἐθεασάμην
1411 1788 1526 1843 ἱδρυ-

76 1847 236 1899 μένους,
264 1847 484 1902 Καρμέντῃ
504 1849 579 1900 μὲν
597 1846 675 1888 ivn}
704 1851 761 1904 τῷ
780 1847 1010 1903 καλουμένῳ
1029 1849 1276 1904 Καπιτωλίῳ
1300 1849 1411 1903 παρὰ
1438 1854 1528 1898 ταῖς

79 1909 327 1962 Καρμεντίσι
362 1908 509 1958 πύλαις
542 1937 592 1943 -
625 1921 662 1951 et
690 1914 807 1950 Verrii
837 1913 957 1950 Flacci
990 1913 1026 1949 in
1063 1914 1186 1950 tabula
1221 1915 1340 1964 prima
1365 1915 1526 1954 Praene-

78 1975 191 2012 stina:
219 1976 510 2014 HERCVLES.
522 1976 733 2013 DICITVR
745 2003 754 2013 .
767 1975 1022 2013 INSTITVIS
1039 2003 1049 2012 .
1063 2003 1074 2013 .
1091 2003 1100 2013 .
1117 1976 1161 2013 Sl
1174 1976 1429 2021 .F11)ENAS.
1441 1977 1526 2016 Eo.

78 2037 162 2074 DlE
176 2065 186 2075 .
202 2037 444 2078 CEPISSlT.

178 2100 237 2137 De
271 2111 351 2136 ara
376 2099 518 2136 Pacis
555 2103 593 2147 1,
616 2101 691 2136 709
716 2101 827 2150 su‘pra
862 2111 900 2149 p.
920 2110 1055 2147 an,
1080 2112 1278 2149 xxxvxn,
1301 2113 1438 2150 xn1113
1482 2101 1529 2140 de

80 2161 296 2198 Termini
322 2161 358 2197 iu
385 2161 567 2211 Capitolio
593 2162 776 2198 sacello
802 2165 841 2209 2,
864 2163 939 2197 070
963 2174 1002 2211 p.
1019 2173 1180 2198 Lxxxn
1208 2170 1264 2199 est
1290 2163 1448 2213 dictu1n3
1481 2164 1529 2201 de

80 2223 197 2259 altero
223 2223 384 2260 eiusdem
410 2223 445 2259 in
473 2224 532 2259 uia
556 2223 779 2261 Laurentina
805 2227 844 2270 2,
860 2224 948 2269 679,
965 2224 1041 2260 682
1068 2224 1154 2261 nihil
1181 2232 1328 2275 praeter
1353 2238 1408 2271 ea,
1436 2237 1532 2276 quae

81 2283 179 2333 apud
204 2284 356 2333 Dionys.
379 2285 462 2321 Hal.
481 2289 521 2333 2,
537 2287 587 2322 74
606 2286 719 2336 leges,
748 2284 831 2323 mihi
857 2286 1024 2323 innotuit.
1077 2287 1204 2337 Itaque
1229 2300 1343 2338 pergo
1372 2288 1418 2325 ad
1444 2287 1532 2325 Mi-

82 2347 320 2395 neruium,
359 2347 458 2397 quod
493 2347 622 2393 eodem
656 2348 736 2384 loco
771 2347 981 2397 designatur
1015 2349 1060 2385 ab
1088 2348 1222 2386 Ouidio
1249 2353 1286 2397 3,
1313 2351 1386 2386 835
1412 2362 1468 2400 sq.
1495 2355 1533 2386 et

83 2406 248 2445 Varrone
273 2408 320 2446 de
345 2408 370 2445 l.
399 2408 424 2445 l.
452 2408 488 2456 5,
505 2410 582 2455 47,-
601 2409 668 2445 csr.
695 2409 843 2445 Bunsen
871 2409 987 2447 deser.
1016 2410 1105 2449 vrb.
1133 2414 1169 2455 3,
1187 2415 1219 2455 1,
1247 2424 1284 2461 p.
1299 2413 1387 2449 479.
1435 2412 1532 2448 Inter

84 2470 227 2517 sacella,
255 2471 335 2506 siue
361 2470 542 2507 aediculas
569 2470 800 2507 referendum
831 2482 910 2508 esse
931 2473 1072 2520 putaui,
1100 2486 1319 2524 quamquam
1347 2474 1426 2523 ipsa
1451 2473 1533 2522 lege

86 2528 316 2568 dedicationis
342 2531 445 2578 (uide
470 2531 517 2568 de
544 2531 597 2569 his
625 2532 750 2569 Muell.
780 2531 827 2569 ad
854 2532 884 2568 F
888 2540 957 2569 est.
985 2545 1023 2582 p.
1043 2534 1128 2582 157,
1148 2537 1197 2571 27
1219 2535 1336 2582 dext.)
1365 2540 1532 2584 exempta

87 2602 132 2626 ex
156 2591 220 2628 illis
246 2592 514 2642 quodammodo
540 2594 650 2630 fuisse
675 2593 830 2631 uidetur.
872 2594 981 2642 Nam,
1010 2603 1050 2632 ut
1076 2603 1131 2633 est
1156 2597 1191 2633 in
1211 2596 1368 2646 Digestis
1391 2598 1454 2634 lib.
1468 2599 1531 2643 48,

87 2652 142 2691 tit.
158 2655 219 2702 13,
247 2654 318 2693 IX:
356 2655 517 2696 Paulus:
544 2655 710 2706 sacrllcyi
737 2658 856 2706 capite
881 2659 1102 2707 puniuntur.⁴
1145 2661 1241 2697 Sum
1267 2664 1386 2698 autem
1411 2659 1532 2697 sacri-.-
