1685 2954
103 78 253 108 CCXXX
729 79 787 110 DE
816 79 914 110 Dms

100 176 200 214 modi
223 177 285 214 illa
309 176 400 224 suit,
425 176 524 226 apud
550 175 721 215 Lactant.
750 183 787 227 1,
812 180 875 227 14,
901 177 966 216 sed
992 178 1039 217 de
1064 179 1175 217 sacris
1201 178 1441 229 popularibus
1467 180 1551 230 agi-

101 246 173 277 tur.
223 239 320 276 Fieri
346 238 480 288 potuit,
506 244 548 275 ut
573 250 669 276 anno
692 239 743 278 V.
764 241 808 279 C.
827 241 902 279 535
929 253 973 277 ex
998 241 1137 278 monitu
1163 241 1336 278 librorum
1355 240 1551 289 Sibyllino-

102 312 198 348 rum,
225 312 318 349 quos
341 299 388 335 de
408 299 570 336 Saturno
597 302 713 350 egisse
738 301 845 340 docet
867 303 1081 339 Clausenius
1105 316 1144 353 p.
1159 305 1235 340 230
1257 314 1358 350 ann.,
1385 315 1552 340 consum-

103 366 266 398 maretur
292 373 424 410 graeca
448 361 577 399 horum
602 375 787 400 sacrorum
813 363 942 408 forma,
968 363 1050 401 Liu.
1079 368 1145 412 22,
1168 368 1204 412 l,
1233 370 1424 414 postquam
1457 376 1553 401 anuo

101 424 193 470 257,
218 422 303 459 Liu.
321 426 360 470 2,
377 426 443 471 21,
468 423 618 473 Dionys.
639 426 679 473 6,
697 429 734 473 1,
762 431 869 461 aucta
895 426 964 461 iam
986 432 1059 463 est:
1085 426 1148 463 sed
1176 426 1256 462 sciri
1283 426 1424 475 nequit,
1449 438 1554 462 num-

102 483 189 533 quid
219 484 255 520 in
283 485 397 521 ueteri
422 485 573 522 Saturni
599 487 698 523 cultu
730 486 910 523 eiusmodi
948 486 1080 535 suerit,
1116 487 1214 537 quod
1242 486 1396 524 traditur
1421 499 1554 537 graeco

103 545 177 581 ritu
196 546 317 596 capite
340 553 469 596 aperto
488 548 521 584 ei
540 547 751 595 sacrificari,
778 547 878 583 Fest.
898 560 936 597 p.
952 550 1041 596 322,
1056 551 1102 583 32
1119 548 1219 586 dext.
1247 562 1284 598 p.
1297 550 1385 596 343,
1401 550 1424 585 6
1442 548 1554 593 dext„

103 608 213 646 Seru,
236 611 327 645 Aen.
348 612 386 655 3,
408 610 498 656 407,
523 608 688 646 Macrob.
717 615 786 644 sat.
809 612 846 656 1,
867 611 903 653 8,
932 622 1024 645 uxor
1051 608 1130 659 Ops
1157 609 1283 657 fuisse,
1311 609 1429 647 Varro
1456 610 1502 647 de
1527 611 1553 648 l.

102 667 128 706 l.
149 669 188 717 5,
207 670 272 717 57,
297 670 460 706 Macrob.
487 676 555 707 sat.
577 674 614 718 1,
636 673 698 718 10,
726 671 869 707 uincula
897 671 1002 707 lanea
1027 671 1176 720 dempta
1204 671 1281 707 eius
1308 671 1421 719 seriis,
1447 673 1555 709 Verr.

103 731 228 768 Flacc.
257 731 355 781 apud
382 731 497 769 Macr.
527 744 557 769 s.
587 736 623 780 1,
651 735 690 779 8,
717 732 853 769 Arnob.
881 733 920 778 4,
939 733 990 767 24
1015 739 1057 769 et>
1078 745 1267 768 seruorum
1295 734 1440 782 epulae.
1492 733 1557 769 Vi-

104 791 268 839 deamus,
296 793 382 842 quid
411 805 543 830 causae
569 794 603 830 in
632 794 776 844 reliquis
799 794 1050 830 Romanorum
1072 793 1221 830 Saturni
1247 795 1357 831 sacris
1383 794 1492 830 suerit
1510 793 1559 830 ad

103 854 339 891 arcessendas
366 867 514 903 graecas
541 855 605 892 bas
631 857 916 906 superstitiones.
970 856 1090 891 Deum
1117 855 1336 891 Sabinorum
1357 855 1557 891 Saturnum

102 914 226 952 facere
253 915 424 952 uidentur
449 917 566 953 Varro
593 918 639 954 de
666 918 690 954 l.
720 918 751 966 l„
772 919 811 965 5,
838 919 901 965 74,
934 917 1087 965 Dionys,
1123 916 1208 953 Hal.
1239 920 1277 964 2,
1305 917 1356 953 50
1381 923 1418 953 et
1444 918 1560 953 nomi-

104 977 159 1014 nis
195 978 401 1014 terminatio
438 979 609 1015 conuenit
646 991 727 1015 cum
766 980 905 1028 aliquot
941 978 1297 1027 indigitamentorum
1332 978 1559 1015 numinibus:

104 1044 206 1076 recte
231 1039 339 1088 igitur
364 1039 452 1076 fecit
478 1040 622 1087 Varro,
656 1039 755 1089 quod
782 1040 828 1077 de
853 1041 986 1090 prioris
1012 1041 1175 1088 syllabae
1200 1039 1402 1088 significatu
1431 1040 1560 1090 anqui-

102 1101 202 1149 siuit,
230 1113 450 1151 quamquam
479 1113 604 1138 uerum
631 1113 714 1138 eum
744 1115 816 1138 non
843 1102 1024 1138 inuenisse
1053 1102 1160 1148 bene,
1190 1108 1229 1137 ut
1256 1108 1361 1150 puto,
1388 1100 1561 1137 iudicauit

106 1161 322 1199 Clausenius
348 1175 387 1212 p.
404 1164 492 1201 866.
543 1162 619 1199 Sed
647 1163 812 1214 displicet
839 1164 945 1200 etiam
973 1163 1078 1199 huius
1107 1162 1345 1211 ueriloquium
1372 1173 1394 1198 a
1418 1164 1561 1199 saltari.-

105 1227 193 1268 tate,
221 1225 305 1274 quia
328 1224 441 1273 dapes
467 1224 551 1260 illae
571 1224 785 1261 Saturnales
813 1238 899 1262 num
925 1226 1010 1262 satis
1037 1232 1204 1261 uetustae
1228 1224 1313 1270 sint,
1339 1224 1560 1272 ignoramus.

106 1287 279 1331 Quanam
305 1285 416 1335 igitur
441 1297 503 1333 re,
539 1298 635 1335 quae
671 1298 801 1335 graeca
839 1299 910 1323 non
945 1288 1010 1331 sit,
1047 1287 1108 1323 illa
1134 1285 1363 1321 Varroniana
1389 1284 1563 1334 allegoria

105 1348 206 1399 apud
234 1348 474 1397 Augustinum
501 1350 537 1394 7,
567 1350 614 1385 19
648 1346 798 1385 nititur?
837 1355 876 1385 ut
902 1349 1058 1398 opinor,
1091 1347 1208 1394 falce,
1242 1358 1341 1396 quae
1367 1345 1498 1382 ibidem
1525 1352 1563 1384 et

106 1409 207 1460 apud
234 1409 432 1446 Arnobium
460 1410 498 1456 6,
516 1410 580 1457 25,
607 1410 757 1446 Festum
785 1423 822 1459 p.
839 1410 926 1457 325,
947 1411 970 1446 9
987 1410 1071 1457 sin.,
1098 1409 1261 1445 Macrob.
1289 1414 1359 1444 sat.
1383 1411 1420 1454 1,
1440 1409 1465 1444 7
1491 1408 1562 1445 deo

107 1471 291 1508 tribuitur.
346 1471 448 1507 Haec
475 1471 648 1520 explicari
675 1472 793 1522 potuit
819 1471 866 1508 de
892 1465 1079 1522 δρεπάνῳ
1108 1471 1235 1517 Croni,
1262 1469 1422 1505 Pausan.
1444 1470 1484 1515 7,
1497 1471 1562 1516 23,

107 1533 149 1580 4,
178 1531 225 1569 de
251 1531 494 1581 agricultura,
531 1533 581 1569 uti
608 1545 630 1569 a
657 1533 824 1571 Varrone
849 1533 985 1569 {actum
1013 1538 1068 1569 est
1095 1530 1373 1568 assentientibus
1401 1529 1564 1579 reliquis,

109 1607 202 1644 quos
228 1595 354 1645 posui,
382 1595 540 1644 denique
567 1593 613 1631 de
640 1593 861 1630 collucandis
888 1594 1102 1640 arboribus,
1128 1600 1238 1643 prout
1265 1592 1311 1628 ab
1339 1591 1497 1628 Arnobio
1524 1593 1564 1639 6,

108 1659 157 1692 12
184 1668 372 1693 ramorum
397 1656 584 1704 detonsor,
619 1668 641 1693 a
667 1655 855 1692 Macrobio
882 1656 1110 1692 surculorum
1138 1664 1405 1704 pomorumque
1430 1651 1566 1689 educa-

108 1723 168 1754 tor
193 1717 338 1755 dicitur.
379 1718 495 1754 Huius
517 1723 723 1767 postremae
744 1718 923 1766 opinionis
952 1716 1088 1752 nullam
1116 1715 1281 1751 inuenire
1308 1725 1453 1750 causam
1478 1726 1565 1763 pos-

109 1778 174 1825 sis,
201 1779 267 1815 nisi
294 1779 413 1828 posita
439 1779 550 1816 suerit
577 1779 613 1814 in
641 1779 872 1815 reconditiori
900 1779 1053 1814 nominis
1080 1776 1297 1826 significatu,
1324 1775 1433 1812 immo
1460 1781 1566 1812 uetu-

109 1840 213 1877 stiori
241 1841 316 1877 eius
342 1839 480 1887 forma,
518 1852 628 1889 quam
655 1840 770 1878 latere
796 1840 962 1889 suspicor
989 1838 1088 1889 apud
1114 1838 1219 1874 Paul.
1247 1837 1353 1875 Diae.
1379 1849 1418 1886 p.
1435 1839 1525 1885 323,
1543 1838 1568 1874 9

109 1909 148 1939 et
173 1902 324 1938 Festum
351 1915 389 1952 p.
411 1903 500 1950 325,
525 1904 573 1938 16
596 1903 663 1940 sin.
716 1903 844 1939 Priore
877 1902 958 1938 loco
993 1913 1076 1936 cum
1111 1899 1226 1935 codex
1252 1898 1352 1948 Lips.
1379 1906 1415 1935 et
1440 1899 1564 1937 Berol.

110 1962 273 2000 habeant
300 1965 530 2011 Satrurnus,
565 1965 732 2001 meliores
769 1977 840 2000 non
868 1964 978 2012 longe
1005 1962 1170 2009 diuersa,
1207 1960 1406 1997 adiuuante
1440 1960 1567 1998 ordine

111 2026 359 2075 proximorum
387 2026 670 2074 uocabulorum,
699 2032 853 2075 qu'orum
881 2026 998 2075 prima
1023 2023 1163 2072 syllaba
1192 2030 1247 2059 est
1274 2022 1566 2067 Sm,e1nenda-

110 2087 226 2125 nerim
253 2089 479 2124 Sar-turnum
511 2099 533 2123 a
564 2087 769 2137 sav-pendo,
803 2087 904 2123 Fest.
931 2099 968 2136 p.
989 2089 1079 2133 322,
1100 2088 1169 2131 10,
1208 2084 1304 2121 unde
1338 2084 1446 2120 etiam
1479 2095 1564 2121 sar-

110 2154 251 2194 menta,
277 2154 429 2187 sartura
455 2149 554 2199 apud
581 2149 674 2185 Plin.
704 2159 778 2185 nat.
807 2148 890 2186 hist.
919 2151 980 2195 18,
1001 2150 1051 2184 67
1079 2153 1115 2183 et
1141 2146 1298 2183 sortasse
1325 2147 1440 2183 sartio
1465 2144 1561 2194 apud

112 2211 264 2248 Festum
287 2211 468 2247 dicuntur.
510 2210 652 2247 Littera
677 2222 698 2247 r
724 2218 808 2247 ante
834 2210 858 2247 ἆ
884 2217 983 2246 certe
1010 2210 1096 2246 elisa
1123 2215 1178 2245 est
1204 2209 1240 2244 in
1266 2207 1386 2251 tudem,
1411 2206 1499 2256 pedo
1518 2221 1562 2242 =

114 2269 263 2321 πίρδω.
316 2276 452 2310 Lucem
478 2272 599 2320 facere
625 2274 788 2310 Saturno
822 2271 909 2322 quid
943 2279 1057 2318 esset,
1094 2271 1194 2307 uarie
1228 2269 1453 2318 interpretati
1479 2273 1564 2303 sunt

115 2336 358 2383 grammatici:
395 2337 520 2385 capita
549 2335 704 2382 detegere
729 2334 864 2370 Paulus
892 2346 929 2383 p.
956 2335 1043 2380 119,
1067 2334 1128 2379 14,
1160 2334 1278 2381 graeci
1308 2328 1441 2367 oraculi
1468 2329 1563 2364 simi-

115 2395 186 2432 lem
225 2397 333 2433 sacris
369 2397 464 2433 louis
491 2397 593 2432 Elicii
630 2396 862 2432 euitationem
890 2395 1097 2431 Macrobius
1124 2402 1191 2431 sat.
1223 2398 1257 2437 l,
1280 2395 1302 2428 7
1328 2392 1404 2428 siue
1430 2391 1563 2427 Varro.

116 2456 226 2494 Latet
251 2459 458 2508 superstitio
487 2470 636 2494 romana
663 2464 817 2508 propter
843 2457 996 2493 deorum
1024 2462 1159 2493 certam
1189 2460 1403 2505 potestatem
1432 2463 1565 2489 συνω-

114 2513 259 2567 νῦμοις
285 2519 479 2569 operandi:
518 2520 589 2556 dea
614 2520 762 2567 Mania,
789 2520 963 2569 Rubigo,
992 2518 1131 2555 Lucina
1159 2516 1265 2562 (coll.
1294 2522 1379 2552 met.
1408 2515 1446 2559 9,
1465 2514 1566 2559 298)

114 2581 223 2619 facile
243 2582 408 2631 exempla
428 2582 683 2631 suppeditant:
714 2582 894 2618 Saturnus
915 2593 1016 2624 uero,
1043 2579 1095 2615 uti
1115 2578 1200 2622 dixi,
1227 2575 1437 2614 colluccmdo
1458 2587 1567 2625 prae-

115 2649 209 2683 erat.
259 2643 362 2683 onr
386 2643 464 2682 eius
492 2644 756 2691 uetustissima,
792 2642 862 2680 hoc
887 2649 965 2690 est,
998 2652 1092 2692 quae
1121 2641 1156 2677 iu
1183 2637 1460 2688 indigitamentis
1485 2648 1567 2674 cum
