1685 2954
709 138 880 168 ovlmvs
1460 136 1519 167 CV

73 253 225 292 rumque
260 240 402 292 Opilius
436 237 600 276 Aurelius
644 239 872 275 nominatur:
913 245 976 275 aut
1019 239 1049 276 si
1092 238 1231 276 Aelium
1277 242 1518 287 nuncuparet,

72 305 241 354 ascripsit
259 302 404 340 Verrius
431 300 574 337 titulum
601 300 736 350 operis,
765 299 815 335 uti
841 312 879 349 p.
896 301 980 348 141,
997 303 1061 348 28,
1087 301 1146 338 uel
1172 306 1270 338 certe
1293 300 1520 350 significauit,

73 366 127 402 uti
152 365 341 402 manifesto
368 363 505 399 factum
533 375 569 411 p.
593 362 682 409 352,
705 361 741 405 5,
763 362 787 397 6
813 361 897 408 sin.,
931 362 990 398 ubi
1017 374 1209 412 perperam
1235 362 1445 413 suppletur:
1478 366 1521 398 ut

73 425 385 472 nota1uttAelius
416 426 455 462 in
480 426 576 461 XII.
603 421 967 472 signi-ilticatiomcm
994 422 1202 468 uerborum,
1236 438 1304 474 pro
1331 436 1396 471 eo,
1421 422 1522 474 quod

73 499 119 525 ex
143 500 182 538 p.
201 488 291 534 290,
313 487 363 524 25
390 485 489 523 dext.
521 483 628 522 facile
655 484 958 534 deprehenditur:
989 510 999 521 .
1021 512 1031 522 .
1059 513 1068 522 .
1093 511 1104 521 .
1132 485 1185 532 (Ιι.
1212 498 1246 523 e.
1275 487 1394 523 nescio
1421 483 1521 536 quod

73 548 248 586 lemmatis
276 549 444 595 uerbum)
475 549 637 592 notaJnit
662 546 790 584 Aelius
822 549 862 584 in
888 548 973 584 XII
995 545 1200 595 significare
1225 573 1372 586 .....
1399 547 1463 594 (Ιι.
1485 559 1522 586 e.

73 609 194 647 nescio
226 609 354 659 quid).
415 609 632 646 Addendum
670 609 779 658 igitur
814 608 885 646 hoc
918 609 1007 646 Aelii
1043 609 1190 646 Stilonis
1225 609 1436 659 fragmentis
1474 609 1524 646 ab

73 669 235 708 Heusdio
272 671 457 721 collectis,
503 685 584 709 cum
619 672 764 708 minime
799 677 938 708 constet
973 671 1113 707 Aelium
1146 672 1293 708 Gallum
1332 669 1525 708 duodecim

72 730 185 769 libros
214 733 419 783 scripsisse,
456 745 524 771 nec
549 734 598 778 is,
633 739 673 770 ut
707 732 790 769 mihi
825 732 989 783 persuasi
1022 732 1194 781 firmiter,
1227 744 1387 782 unquam
1422 732 1523 782 apud

74 793 223 831 Festum
256 796 462 833 nominetur
493 796 628 833 Aelius.
690 795 746 832 lta
781 796 876 832 enim
916 795 1024 832 uelim
1059 795 1276 842 existimari,
1316 794 1524 844 ubicunque

74 855 175 906 apud
200 857 351 894 Festum
378 863 415 894 et
442 857 598 894 Paulum
626 857 746 894 Aelius
780 856 990 905 simpliciter
1025 862 1146 904 extat,
1182 868 1262 893 esse
1294 869 1377 892 eum
1403 856 1525 893 locum

75 916 306 968 desumptum
332 932 407 957 non
434 931 479 958 ex
516 919 609 956 libro
644 919 765 968 aliquo
789 917 879 953 Aelii
904 916 1067 965 Stilonis,
1093 917 1157 955 sed
1184 930 1229 955 ex
1252 918 1393 968 scriptis
1419 917 1525 955 disci-

75 979 244 1029 pulorum
271 981 365 1028 eius,
388 980 563 1018 Varronis
589 981 817 1031 potissimum
843 983 881 1015 et
907 978 1033 1024 Cincii,
1060 980 1146 1029 quin
1171 979 1326 1016 sortasse
1351 980 1526 1016 Varron1s

75 1041 200 1089 solius,
228 1054 336 1092 quem
362 1054 407 1079 ex
433 1043 531 1079 libris
559 1042 606 1079 de
632 1042 656 1080 l.
683 1041 725 1088 l.,
760 1052 804 1077 ex
831 1040 951 1077 Gellio
980 1045 1016 1088 1,
1046 1044 1107 1088 18,
1134 1054 1179 1078 ex
1208 1042 1268 1079 lib.
1296 1041 1343 1078 de
1368 1053 1408 1078 re
1435 1047 1525 1078 rust.

77 1105 117 1150 3,
142 1107 189 1138 12
215 1115 401 1140 sermones
427 1104 592 1141 retulisse
625 1108 768 1139 constat
792 1102 906 1149 Aelii,
939 1103 990 1139 uti
1014 1102 1238 1140 familiariter
1261 1104 1367 1140 simul
1393 1109 1430 1140 et
1455 1103 1527 1140 ho-

75 1164 225 1201 norifice
249 1176 332 1201 eum
360 1166 547 1215 appellat,
574 1163 671 1214 quod
699 1164 820 1200 nescio
848 1176 894 1200 an
921 1164 1002 1209 alii,
1037 1165 1249 1213 praesertim
1277 1165 1428 1213 Verrio,
1463 1165 1526 1216 qui

69 1226 139 1262 ‘uix
165 1224 290 1263 uidere
317 1227 434 1276 potuit
452 1227 645 1273 Stilonem,
674 1238 745 1262 non
770 1226 922 1262 licuerit.
962 1226 1063 1261 Haec
1089 1225 1118 1261 si
1144 1226 1340 1274 probabilis
1360 1232 1415 1262 est
1438 1239 1526 1262 con-

76 1287 230 1336 iectura,
257 1301 391 1325 nouum
421 1289 661 1338 negligentiae
686 1287 786 1324 Festi
812 1287 1069 1323 documentum
1095 1287 1295 1335 habemus,
1320 1288 1382 1337 qui
1409 1287 1526 1324 Verrii

76 1355 116 1386 et
142 1361 267 1387 eorum
294 1363 387 1400 quos
411 1351 442 1387 is
471 1351 666 1401 allegauit,
706 1350 764 1387 uel
790 1349 985 1396 refutauit,
1022 1349 1257 1386 auctoritates
1282 1349 1523 1398 perturbauit.

76 1411 243 1461 Inprimis
268 1412 442 1450 Varronis
476 1426 608 1450 nornen
641 1412 852 1462 saepissime
884 1410 1106 1448 intercidisse
1130 1411 1299 1461 cognosci
1333 1417 1455 1460 potest
1480 1423 1527 1449 ex

77 1472 244 1510 Muelleri
270 1476 555 1512 commentariis:
593 1474 680 1511 addi
706 1480 880 1523 poterunt
904 1485 1023 1522 pauca
1048 1472 1160 1520 haec,
1195 1485 1290 1523 quae
1315 1474 1445 1510 omissa
1472 1474 1526 1510 ui-

78 1533 173 1582 deo,
209 1535 459 1573 Varroniano:
503 1535 601 1586 apud
636 1536 734 1573 Gell.
773 1538 836 1583 18,
862 1536 933 1582 193
970 1538 1009 1582 2,
1034 1537 1104 1582 103
1140 1535 1203 1582 15,
1222 1538 1272 1571 30
1297 1536 1380 1572 coll.
1417 1535 1527 1574 Paul.

78 1606 118 1644 p.
137 1599 225 1644 111,
243 1600 310 1642 ll;
336 1600 398 1646 88,
417 1600 456 1645 4,
484 1599 584 1635 Fest.
609 1610 645 1648 p.
666 1599 756 1644 206,
774 1600 823 1633 30
843 1596 958 1644 dext„
985 1596 1083 1633 Gell.
1100 1600 1140 1644 2,
1161 1600 1221 1644 11,
1250 1597 1332 1634 coll.
1354 1597 1526 1647 Fulgent.

80 1655 130 1693 de
160 1658 268 1707 prisc.
294 1670 401 1696 serm.
429 1662 452 1698 5
490 1666 525 1697 et
551 1660 581 1695 F
585 1665 651 1697 est.
678 1672 716 1709 p.
733 1661 822 1707 190,
843 1663 892 1695 21
909 1658 1025 1705 dext„
1064 1658 1252 1695 Censorio.
1279 1671 1312 1696 c.
1330 1661 1392 1705 17,
1421 1672 1459 1710 p.
1475 1660 1527 1696 84

81 1718 166 1756 coll.
184 1719 284 1756 Fest.
305 1734 343 1770 p.
361 1724 450 1769 329,
472 1727 491 1758 1
516 1723 614 1759 dext.
652 1721 760 1765 Quae
777 1734 858 1758 cum
877 1722 926 1758 ita
945 1722 1030 1768 sint,
1056 1722 1176 1757 nescio
1200 1733 1246 1757 an
1274 1733 1318 1758 ex
1343 1734 1402 1769 eo,
1429 1721 1528 1771 quod

83 1779 238 1817 Ouidius
257 1781 375 1818 Verrii
400 1783 510 1819 libros
536 1783 780 1832 usurpauerit,
808 1789 1060 1830 argumentum
1087 1782 1132 1819 de
1159 1790 1279 1819 aetate
1305 1783 1425 1819 Verrii
1451 1775 1528 1833 peti

84 1849 256 1892 nequeat,
283 1855 364 1878 cum
392 1844 437 1878 ab
465 1843 533 1879 hoc
559 1850 613 1879 tot
637 1843 673 1878 in
700 1844 808 1880 rebus
840 1843 888 1880 ad
913 1844 1114 1879 Varronem
1141 1845 1378 1880 remittamur.
1432 1844 1528 1881 Oui-

83 1904 183 1940 dium
209 1904 338 1940 adiisse
363 1904 535 1941 Varronis
562 1906 695 1954 scripta
721 1904 858 1953 aliquot
883 1904 920 1940 in
944 1905 1187 1954 superioribus
1213 1917 1323 1955 saepe
1348 1912 1403 1943 est
1429 1919 1528 1943 com-

83 1972 343 2003 monstratum:
378 1967 560 2003 annotabo
587 1966 656 2002 hoc
681 1967 762 2002 loco
789 1978 898 2002 unum
926 1972 962 2003 et
988 1967 1140 2003 alterum
1167 1967 1242 2003 eius
1268 1980 1427 2014 uersum,
1455 1981 1528 2017 quo

84 2028 258 2064 librorum
284 2027 330 2063 de
355 2029 475 2077 lingua
501 2028 612 2066 latina
637 2027 872 2064 admonebar.
916 2028 989 2065 Ou.
1020 2028 1163 2075 1,225:
1190 2029 1408 2066 Laudamus
1429 2035 1529 2066 vele-

84 2101 156 2134 res,
182 2089 245 2126 sed
270 2092 406 2126 nostris
431 2092 566 2126 utimur
592 2091 723 2134 annis}
745 2090 862 2126 Varro
878 2090 968 2134 5,9:
995 2103 1100 2138 quom
1124 2094 1270 2140 poeticis
1294 2091 1418 2127 initltis
1443 2103 1528 2128 uer-

86 2151 142 2188 bis
164 2152 283 2200 nangis
307 2150 475 2198 delecter,
510 2163 618 2200 quam
644 2156 748 2195 utar,
783 2154 942 2200 antiquis
967 2155 1086 2200 muyis
1110 2157 1207 2197 utar,
1234 2166 1342 2202 (μιιιηι
1369 2152 1528 2189 delecter.

87 2212 164 2251 Ou.
192 2217 229 2258 2,
257 2214 351 2249 699:
386 2217 427 2248 ut
460 2224 580 2249 secum
612 2218 791 2250 tueatur
825 2213 916 2251 bella
940 2220 1150 2264 precantum
1186 2215 1292 2252 Varr.
1321 2217 1360 2262 7,
1389 2218 1456 2250 12:
1489 2218 1531 2250 ut

87 2287 168 2312 cum
193 2275 343 2312 (licinius
368 2273 528 2310 bellum
553 2279 691 2312 tueor.
744 2273 817 2311 Ou.
849 2278 886 2322 3,
915 2277 1008 2312 125:
1035 2276 1083 2313 ad
1109 2288 1220 2325 usque
1244 2275 1359 2313 decem
1383 2288 1531 2313 numero

87 2340 260 2374 crescente
279 2337 436 2384 venitur,
464 2338 687 2384 Principium
705 2338 839 2386 spatiis
855 2339 1010 2374 sumitur
1034 2337 1117 2374 inde
1137 2340 1259 2383 nouis3
1286 2338 1396 2377 Varr.
1412 2341 1449 2383 9,
1462 2340 1533 2374 86:

75 2387 214 2447 'reyula
238 2402 291 2435 est
317 2410 486 2435 numerus
511 2401 747 2443 uouenarius,
782 2398 876 2447 quod
902 2398 947 2435 ab
973 2411 1046 2436 uno
1073 2399 1122 2436 cul
1147 2412 1274 2436 nouem
1299 2413 1379 2437 cum
1403 2411 1531 2449 perue-

88 2463 219 2505 nimus‚
245 2471 375 2498 rursus
397 2459 556 2497 redimus
581 2460 630 2497 ad
653 2473 776 2497 unum.
831 2460 905 2498 Ou.
932 2464 970 2508 3,
998 2464 1234 2510 128—1323
1271 2462 1376 2498 Varr.
1404 2462 1443 2509 5,
1469 2463 1531 2498 89.

91 2521 167 2560 Ou.
193 2526 231 2570 3,
252 2522 347 2559 245:
375 2521 547 2559 excubias
567 2521 628 2558 ‘ubi
652 2534 718 2560 rea·
743 2525 934 2560 Romanus
959 2521 1100 2570 agebat,
1132 2524 1203 2569 Qui
1226 2535 1321 2561 nunc
1347 2523 1533 2572 Esquilias

93 2595 131 2620 π.
157 2597 188 2621 c.
215 2584 268 2630 h.;
305 2584 411 2620 Varr.
428 2583 548 2631 5,492
577 2584 783 2633 Exquiliae.
827 2583 906 2620 Alii
931 2583 1001 2620 has
1025 2587 1198 2633 scripsere
1221 2585 1265 2623 ab
1291 2585 1448 2622 exciabiis
1473 2596 1532 2621 re-

92 2646 151 2692 yis
179 2645 308 2684 dictas.
362 2645 435 2684 Ou.
464 2636 504 2694 6,
531 2649 622 2683 301:
654 2647 707 2683 At
737 2646 842 2693 focus
868 2658 892 2682 a
919 2643 1077 2692 flamus
1108 2652 1142 2683 et
1171 2646 1266 2696 quod
1289 2647 1388 2694 fouet
1413 2646 1532 2683 omnia

97 2705 237 2756 dictu33
278 2708 427 2746 Seruius
454 2708 501 2746 ad
527 2711 616 2747 Aen.
645 2712 706 2757 11,
727 2711 823 2745 211:
854 2707 915 2745 An
941 2707 1033 2757 quod
1056 2706 1179 2755 focum
1205 2708 1302 2746 dicat
1325 2708 1533 2755 ubicumque
