1685 2954
586 90 642 120 m:
670 89 852 119 AEDths
883 87 1026 119 ments
1412 89 1530 120 CXXV

88 194 186 233 nium
213 193 260 232 ad
286 194 380 231 Aen.
399 193 462 238 12,
480 190 566 226 139.
611 188 722 234 Quod
749 189 835 239 quia
862 188 908 225 ab
934 190 1098 227 omnibus
1125 186 1360 240 topographis
1385 189 1532 241 insuper

87 256 248 293 habitum
276 254 394 300 uideo,
420 264 624 302 apponamz
654 252 748 288 Huic
776 252 883 287 Fonti
907 262 971 298 per
995 251 1242 305 Aquamimmt
1266 252 1413 300 inopum
1438 252 1530 302 (leg.

86 316 270 366 flamimem
298 313 495 359 minorem)
526 311 730 360 sacrificari
761 311 868 356 solet,
907 312 964 348 cui
999 313 1176 351 Lutatius
1211 312 1363 352 Gamlus
1391 315 1533 363 primus

87 379 256 429 templum
286 379 324 414 ὁη
356 384 481 425 campo
507 377 652 412 Martio
679 374 763 422 fecit
789 379 859 411 etc.
912 370 1078 422 opinor,
1105 375 1256 412 Catulus
1282 387 1410 413 censor
1434 387 1533 414 anno

86 443 184 488 689,
211 439 283 476 uid.
308 439 468 487 interpp.
497 436 543 473 ad
570 436 679 472 Dion.
706 437 769 482 37,
795 436 832 474 9.
885 434 964 471 Alia
998 434 1178 484 quaedam
1211 436 1258 474 de
1291 437 1373 475 loco
1406 438 1532 489 templi

86 502 244 540 inuenies
273 499 371 549 apud
397 498 599 535 Nardinum
625 500 664 546 3,
690 509 727 547 p.
746 496 817 533 125
844 495 904 534 ed.
932 502 1052 546 quart.

183 561 286 599 XVII
311 561 372 597 ΚΡ
401 560 511 597 Febr.
551 559 698 597 aedes
725 557 1027 596 Concordiae
1053 558 1218 597 dedicata
1243 566 1299 598 est
1325 573 1406 597 cum
1433 561 1534 611 olim,

85 630 127 661 ut
151 629 259 674 puto,
283 634 380 659 anno
409 623 484 658 388
510 632 532 657 a
551 620 604 659 Μ.
623 620 735 658 Furio
760 621 929 668 Camillo,
956 620 1029 658 uid.
1050 620 1133 659 Liu.
1151 623 1190 670 6,
1207 623 1269 658 42.
1308 621 1406 659 Plut.
1426 622 1532 662 Cam.

84 697 117 722 c.
132 685 197 732 42,
225 691 301 721 tum
328 696 424 721 anno
449 683 523 720 763
549 693 572 719 a
590 683 756 730 Tiberio,
783 682 827 720 P.
845 682 1036 720 Dolabella
1053 684 1097 720 C.
1115 683 1240 721 Silano
1261 695 1351 731 cos.,
1376 684 1429 720 uti
1450 697 1534 734 gra-

87 747 141 784 uis
166 747 268 783 testis
295 745 447 783 Verrius
472 744 682 794 perscripsit
709 745 744 781 in
770 744 875 782 fastis
900 743 1163 790 Praenestinis,
1189 757 1257 782 nec
1280 745 1437 782 fortasse
1461 745 1536 783 dis-

84 808 263 846 sentiente
284 807 404 844 Dione
424 806 490 854 56,
510 805 575 853 25,
602 818 710 856 quem
737 807 800 857 qui
824 807 1035 856 inspexerit,
1060 807 1235 856 intelliget
1257 805 1295 843 id
1319 805 1456 844 factum
1476 819 1535 845 se-

84 870 226 920 gregari
251 881 273 906 a
299 868 489 905 consulatu
515 869 681 917 proximo
700 868 828 918 Lepidi
850 873 888 905 et
907 868 1037 906 Tauri.
1090 869 1271 912 Quoniam
1299 868 1345 906 de
1370 875 1536 920 tempore

84 933 121 969 in
146 931 312 969 confesso
338 935 409 978 est,
435 928 633 966 uidendum
659 934 715 966 est
736 928 784 965 de
809 929 905 968 loco.
949 930 1056 966 Hunc
1080 930 1218 980 antiqui
1244 936 1282 966 et
1300 931 1385 967 noui
1410 932 1536 982 templi

83 993 241 1032 eundem
273 993 386 1030 fuisse
419 996 457 1028 et
490 1001 548 1026 res
581 990 661 1039 ipsa
685 990 846 1039 flagitat,
879 995 917 1028 et
941 991 1055 1028 uerba
1080 990 1207 1028 Ouidii
1230 993 1428 1042 prospicies
1451 995 1538 1031 La-

84 1058 176 1093 tiwm
200 1054 347 1091 turbam
372 1053 505 1089 collata
530 1063 612 1088 cum
630 1050 852 1088 Plutarcheis
878 1047 985 1101 ἱερὸν
1011 1049 1067 1097 εἷς
1092 1048 1166 1102 τὴν
1192 1047 1344 1103 ἀγορὰν
1369 1052 1435 1091 καὶ
1462 1052 1536 1105 τὴν

83 1113 296 1163 ἐκκλησίαν
325 1109 523 1150 ἄποπτον.
577 1113 697 1163 Atque
723 1111 878 1150 Ouidius
905 1126 986 1150 cum
1020 1114 1133 1151 addat
1158 1113 1205 1152 de
1229 1110 1365 1165 templo
1391 1116 1537 1155 lunonis

82 1178 276 1223 Monetae,
307 1174 378 1211 hoc
413 1180 468 1211 est
499 1173 548 1212 de
572 1180 697 1211 monte
723 1175 952 1225 Capitolino,
987 1175 1122 1223 efficit,
1149 1182 1191 1212 ut
1216 1184 1314 1213 recte
1339 1177 1386 1214 ad
1412 1185 1537 1228 partes

85 1238 208 1276 uocari
235 1236 428 1273 uideantur
453 1235 524 1272 loci
549 1235 638 1284 duo,
665 1236 758 1273 alter
783 1236 903 1273 Seruii
927 1236 976 1273 ad
1000 1240 1090 1274 Aen.
1117 1241 1156 1286 2,
1185 1239 1280 1275 116:
1318 1239 1416 1276 Ossa
1444 1242 1537 1278 Ore-

86 1302 156 1338 stis
182 1298 329 1337 condita
351 1303 438 1336 sum
463 1302 548 1335 ante
572 1297 744 1347 templum
763 1297 930 1342 Saturni,
956 1296 1051 1346 quod
1076 1302 1130 1334 est
1155 1303 1238 1336 ante
1262 1298 1396 1337 cliuum
1424 1302 1537 1352 Capi-

84 1361 238 1400 telinum
260 1362 370 1398 iuoem
396 1359 615 1398 Concordiae
639 1359 810 1409 templum
835 1365 873 1396 et
887 1359 1012 1397 Dionis
1033 1359 1146 1397 Cassii
1167 1362 1229 1406 58,
1245 1364 1314 1400 11:
1340 1355 1366 1411 ἦ
1392 1374 1536 1412 γερου-

82 1419 152 1461 σία
177 1419 347 1472 πλησίον
383 1422 455 1460 τοῦ
490 1415 714 1470 οἰκήματος
750 1420 813 1468 (h.
840 1432 874 1458 e.
900 1432 1018 1472 prope
1044 1433 1225 1459 carcerem
1251 1422 1536 1473 Mamertinum)

82 1482 125 1524 ἐν
150 1484 208 1537 τῷ
229 1477 448 1536 Ὁμονοείῳ
475 1479 752 1534 ἀθροισθεῖσα
779 1489 849 1520 etc.
888 1483 944 1520 lta
969 1494 992 1520 a
1014 1490 1172 1534 quatuor
1193 1485 1356 1535 partibus
1382 1486 1536 1524 circum-

83 1547 256 1597 scriptum
283 1547 458 1597 templum
487 1545 616 1593 facile,
651 1544 716 1582 sed
742 1545 870 1595 insigni
893 1544 1065 1582 fortunae
1091 1546 1265 1584 beneficio
1291 1546 1453 1596 agnitum
1479 1555 1537 1588 est

83 1609 130 1646 ab
155 1609 375 1658 antiquariis.
429 1609 535 1644 Anno
569 1606 700 1644 abhinc
735 1607 909 1656 nigesimo
942 1607 1049 1644 tertio
1083 1613 1230 1657 reperta
1266 1615 1351 1645 sunt
1384 1611 1536 1661 uestigia

83 1670 210 1719 templi
235 1681 257 1707 e
281 1681 462 1707 marmore
488 1669 644 1707 candido
671 1669 748 1716 (ita
774 1669 886 1706 refert
910 1668 1037 1706 Sachs.
1065 1672 1103 1717 1,
1130 1682 1169 1720 p.
1182 1671 1280 1718 710,
1313 1683 1535 1723 quamquam

83 1731 172 1768 nihil
196 1731 244 1768 de
268 1743 314 1768 ea
337 1743 379 1768 re
403 1732 440 1768 in
464 1730 636 1768 Kwnstbl.
660 1732 758 1767 1818
778 1743 815 1768 n.
837 1734 859 1766 3
887 1737 951 1767 aut
969 1729 1068 1780 apud
1087 1730 1272 1779 Nibbyum
1297 1730 1397 1781 lego)
1424 1741 1536 1783 prout

84 1792 185 1843 apud
212 1791 388 1830 Ouidium
413 1798 488 1836 est,
514 1804 625 1842 supra
650 1804 774 1828 arcum
799 1792 968 1841 Septimii
995 1791 1148 1839 Seueri,
1175 1804 1249 1828 non
1274 1792 1382 1841 longe
1407 1806 1430 1830 a
1456 1807 1536 1832 car-

85 1867 183 1903 cere,
210 1855 272 1905 qui
299 1854 360 1890 ubi
384 1853 508 1901 suerit,
521 1851 635 1889 *haud
655 1859 710 1889 est
731 1853 938 1890 obscurum.
981 1852 1109 1889 Adiicit
1127 1852 1293 1902 Nibbyus
1315 1853 1363 1890 ad
1380 1854 1534 1896 Nardin.

82 1921 125 1966 2,
151 1929 191 1967 p.
206 1917 279 1953 196
304 1915 432 1951 cellam
459 1915 535 1951 eius
561 1912 689 1964 templi
713 1915 784 1951 iam
810 1920 896 1951 tunc
921 1913 1042 1951 sorum
1070 1925 1195 1950 uersus
1219 1922 1445 1964 spectantem
1468 1931 1536 1970 ap-

84 1979 262 2030 paruisse.
303 1979 408 2013 Anno
429 1978 527 2013 1833
547 1976 655 2026 plura
678 1982 763 2013 sunt
789 1982 908 2024 eruta,
931 1975 1092 2026 inprimis
1116 1976 1237 2013 scalae
1261 1987 1284 2014 a
1308 1976 1390 2015 soro
1415 1992 1538 2018 assur-

85 2046 228 2090 gentes,
257 2038 331 2075 uid.
359 2037 481 2075 annali
507 2035 593 2074 dell’
619 2037 782 2074 instituto
808 2037 844 2074 di
869 2049 964 2074 corr.
992 2036 1092 2074 arch.
1120 2039 1220 2074 1834
1245 2050 1285 2088 p.
1307 2042 1369 2087 18,
1396 2041 1538 2079 Canina

83 2101 309 2138 descrizione
332 2099 467 2137 storica
491 2097 553 2136 del
576 2097 660 2136 soro
685 2098 734 2136 R.
753 2099 800 2149 ‘p.
816 2102 900 2136 112.
952 2098 1142 2144 Restabat,
1167 2105 1207 2136 ut
1231 2099 1280 2137 de
1303 2103 1441 2152 templo
1465 2103 1537 2142 Sa·

83 2161 182 2200 turni
216 2172 358 2198 errores
393 2161 636 2209 tollerentur,
670 2160 770 2211 quod
802 2160 939 2198 sactum
965 2166 1020 2198 est
1046 2172 1070 2197 a
1094 2161 1173 2198 uiro
1197 2161 1249 2199 ill.
1276 2161 1425 2201 Bunsen
1449 2176 1536 2202 ann.

84 2224 196 2268 1834,
221 2235 260 2273 p.
277 2225 338 2261 17.
373 2222 548 2260 bulletino
576 2221 697 2271 1835,
722 2235 761 2273 p.
776 2224 838 2267 74,
865 2223 987 2260 annal.
1014 2224 1137 2271 1836,
1165 2236 1203 2273 p.
1221 2227 1309 2260 221.
1362 2225 1444 2262 Hoc
1466 2238 1536 2276 po-

83 2291 219 2324 stremo
244 2285 326 2321 loco
352 2283 528 2322 docemur
552 2296 631 2321 rem
657 2284 704 2322 ad
728 2284 902 2322 Ouidium
928 2296 1024 2335 quae
1048 2285 1194 2335 egregie
1220 2285 1391 2336 pertinet,
1418 2287 1536 2326 Tibe-

84 2348 179 2385 rium
203 2347 338 2385 ueteris
363 2346 489 2396 templi
514 2347 689 2384 ambitum
715 2346 907 2392 dilatasse,
942 2347 992 2383 ita
1019 2352 1058 2383 ut
1082 2346 1215 2383 iustum
1241 2352 1280 2384 et
1304 2347 1535 2386 commodum

86 2409 316 2448 interuallum
341 2409 437 2446 inter
461 2408 582 2458 ipsum
606 2413 645 2445 et
661 2407 813 2445 Saturni
838 2407 968 2446 aedem
994 2408 1257 2447 absumeretur.
1298 2407 1420 2447 Possit
1437 2422 1536 2447 nunc

87 2471 250 2520 quaestio
275 2471 414 2508 institui
443 2469 492 2507 de
517 2481 578 2517 eo,
606 2480 691 2505 num
718 2469 808 2506 illud
833 2476 940 2507 uetus
967 2470 1109 2507 Camilli
1135 2471 1311 2521 templum
1336 2472 1534 2521 perstiterit

89 2530 137 2567 ad
159 2530 296 2569 Tiberii
322 2543 436 2582 usque
461 2538 642 2582 tempora,
669 2531 730 2568 uel
754 2531 888 2581 potius,
917 2543 1001 2568 cum
1025 2531 1062 2569 id
1087 2533 1277 2582 probabile
1302 2533 1450 2571 minime
1473 2534 1535 2581 sit,

90 2591 283 2631 iacueritne
300 2593 485 2631 Ciceronis
504 2592 733 2631 et.Varronis
759 2598 880 2630 aetate
905 2593 943 2630 id
960 2593 1151 2644 templum,
1176 2605 1224 2631 an
1249 2594 1432 2632 diuersum
1458 2607 1532 2632 non

89 2651 199 2692 fuerit
221 2654 267 2691 ab
293 2653 501 2705 Opimiano.
552 2654 722 2700 Quatuor
755 2661 841 2693 sunt
865 2654 1176 2706 scriptorum-loci
1201 2656 1289 2695 satis
1313 2656 1530 2697 memorabi-
