1685 2954
92 61 146 105 20
645 74 968 104 PASTORVM

0 187 43 207 ει
205 173 388 226 Semper,
419 178 573 229 agatii}
596 181 728 228 rogat,
758 186 837 215 nec
864 174 942 215 nisi
977 175 1115 216 iussus
1146 176 1248 230 agit.
1284 170 1291 179 '

0 242 73 306 uf
147 241 250 283 Pars
277 242 371 294 quia
401 253 481 282 non
507 241 676 282 ueniant
701 241 897 295 pecudes,
927 240 1002 281 sed
1034 248 1220 295 agantur,
1250 242 1301 282 ab
1330 249 1428 285 actu

0 352 2 357 ,
33 310 112 364 [A
202 309 364 349 Nomen
391 309 620 362 Agonalem
649 309 777 350 credit
804 309 955 349 habere
986 308 1104 349 diem.

147 376 250 417 Pars
276 380 395 427 putat
423 376 503 417 hoc
529 377 680 417 festum
706 376 853 430 priscis
881 377 1060 430 Agnalia
1087 377 1252 430 dictum,
1454 384 1533 420 325

204 442 299 483 Vna
327 442 383 483 sit
409 449 455 484 ut
483 445 642 498 proprio
671 443 806 486 littera
836 444 1000 496 dempta
1027 445 1130 485 loco.

147 509 216 549 An
245 509 340 562 quia
367 511 580 563 praeuisos
608 512 649 551 in
678 524 784 564 aqua
812 511 928 551 timet
957 512 1092 552 hostia
1121 513 1286 564 cultros,

204 576 244 615 A
271 577 433 629 pecoris
460 579 531 619 lux
559 584 626 619 est
651 579 732 619 ista
760 583 903 618 notata
931 575 1075 619 metu?

146 642 233 684 Fas
260 644 383 685 etiam
410 644 497 686 fieri
527 645 658 685 solitis
686 649 823 684 aetate
850 642 1024 696 priorum

203 711 379 752 Nomina
406 711 459 751 de
484 710 591 751 ludis
621 721 773 763 graeca
800 710 944 750 tulisse
973 711 1090 751 diem.
1455 717 1534 750 330

145 777 200 817 Et
228 790 362 830 pecus
391 778 582 830 antiquus
612 776 776 817 dicebat
804 777 953 830 agonia
982 790 1136 817 sermo:

202 844 396 898 Veraque
424 841 573 884 iudicio
611 849 679 884 est
714 844 855 885 ultima
892 856 1020 885 causa
1047 856 1153 885 meo·

145 909 287 964 thue
316 923 366 951 ea
395 923 483 962 non,
507 915 622 951 certa
651 907 817 962 estjita
845 923 918 951 rex
944 911 1108 963 placare
1134 923 1339 953 sacrorum

202 977 383 1018 Numina
414 976 622 1031 lanigerae
650 978 827 1032 coniuge
856 977 981 1018 debet
1009 978 1109 1018 ouis.

147 1043 329 1085 Victima
358 1056 465 1097 quae
494 1044 639 1084 dextra
666 1044 818 1085 cecidit
844 1045 1026 1097 uictrice,
1055 1052 1247 1088 uocatur:
1456 1051 1534 1088 335

199 1111 403 1152 Hostibus
431 1124 457 1152 a
485 1110 650 1152 domitis
678 1111 813 1152 hostia
840 1124 987 1152 nomen
1015 1112 1153 1154 habet.

144 1177 257 1219 Ante
284 1177 388 1219 deos
424 1177 577 1218 homini
611 1178 720 1232 quod
755 1180 972 1220 conciliare
1009 1180 1178 1233 ualeret,

201 1245 284 1303 Fa!
309 1250 397 1286 erat
424 1250 468 1286 et
497 1245 585 1298 puri
612 1245 748 1287 lucida
773 1248 881 1289 mica
909 1247 1020 1288 salis.

145 1311 337 1353 Nondum
364 1312 586 1365 pertulerat
612 1313 846 1355 lacrimatas
877 1316 1032 1355 cortice
1060 1314 1246 1369 myrrhas

199 1379 309 1422 Acta
333 1392 408 1433 per
435 1391 663 1433 aequoreas
691 1380 855 1434 hospita
882 1383 1000 1423 nauis
1027 1395 1174 1436 aquas.
1454 1383 1534 1420 340

141 1476 227 1510 322.
254 1473 409 1524 Semper
436 1486 552 1524 agone
569 1477 678 1512 1220
689 1478 735 1512 23
747 1477 808 1514 24.
837 1488 942 1526 rogas
961 1477 1041 1513 AB
1055 1472 1251 1513 GFGPA
1266 1476 1347 1512 833
1357 1475 1406 1510 44
1425 1476 1533 1524 quin-

91 1536 175 1573 que3
200 1527 251 1561 M
260 1525 292 1561 0
308 1537 392 1562 uar.
410 1537 479 1562 scr.
525 1538 631 1575 rogas
665 1538 711 1563 an
738 1527 804 1563 nisi
834 1527 981 1564 GTbr.
1027 1533 1157 1575 rogant
1183 1522 1243 1560 A.
1283 1537 1388 1574 roges
1415 1527 1485 1572 293
1511 1525 1532 1561 b

89 1585 258 1611 §tm-‚scr-
302 1587 380 1624 rog.
409 1588 479 1611 non
508 1577 572 1612 nisi
604 1577 634 1613 0
654 1588 818 1613 uar.scr.
857 1589 933 1624 rog.
961 1589 1007 1613 ne
1033 1578 1098 1612 nisi
1121 1573 1535 1620 Bffl(test.Hezns.)M

89 1628 174 1661 vres.
216 1624 330 1661 iussus
356 1631 441 1673 agat
467 1624 1026 1664 ABGEFGOEMOPHA
1039 1627 1085 1663 43
1106 1626 1195 1672 bfr.
1233 1627 1318 1661 iuss.
1346 1631 1431 1674 aget
1452 1622 1535 1662 Π8

91 1678 259 1722 quatuor.
362 1678 448 1711 323.
484 1679 590 1712 Hunc
616 1681 649 1712 et
674 1688 781 1725 prox.
808 1689 902 1715 πονε.
929 1682 1011 1726 post
1034 1678 1108 1712 326
1131 1680 1267 1727 pommt
1292 1678 1342 1711 M
1357 1675 1433 1712 alii.
1469 1688 1534 1713 ue-

90 1723 314 1761 niuntDA.
353 1725 508 1775 pecudes
528 1723 573 1764 P.
613 1734 768 1774 aguntur
779 1725 889 1764 AN.
928 1733 1038 1763 auctu
1054 1725 1116 1763 A.
1219 1725 1308 1762 325.
1334 1726 1441 1775 prisc.
1467 1738 1534 1763 an-

89 1774 188 1811 nalia
210 1772 342 1821 AEf.
386 1776 551 1824 agonalia
583 1773 709 1814 (Dma.
730 1789 786 1825 pr.
810 1780 854 1813 P.
895 1789 980 1813 ann.
1008 1777 1076 1812 dici
1101 1772 1162 1812 A.
1263 1777 1349 1812 326.
1378 1777 1534 1826 Vnaque

89 1825 135 1859 sit
186 1825 306 1873 roprio
328 1823 388 1862 A.
430 1831 468 1861 ut
490 1826 607 1874 primo
624 1825 644 1861 b
653 1840 663 1870 3
692 1828 723 1864 0
740 1838 822 1864 tear.
839 1839 909 1864 scr.
945 1828 1049 1864 litera
1069 1823 1135 1863 «1122
1236 1828 1323 1862 327.
1351 1828 1423 1863 Aut
1449 1827 1534 1877 quia

90 1871 127 1909 E
187 1871 311 1923 Ebfy
329 1887 401 1912 ma.
419 1887 488 1912 sec.
513 1875 565 1912 hs
589 1875 751 1913 undecim
778 1882 814 1913 et
839 1881 924 1914 vett.
951 1879 1057 1927 impr.
1103 1889 1198 1924 aqua
1224 1877 1323 1913 uidet
1349 1878 1431 1914 BG.

142 1928 228 1962 328.
254 1928 285 1960 A
304 1925 450 1972 pecud1s
472 1938 503 1962 s.
544 1932 598 1962 est
623 1927 703 1975 ipsa
728 1926 809 1964 libri
826 1932 968 1976 praeter
992 1926 1119 1964 BGA
1131 1926 1222 1964 Tbr
1242 1928 1265 1963 5
1283 1931 1426 1976 septem.
1454 1928 1533 1978 ipsa

90 1975 250 2011 notanda
277 1972 354 2021 ΣῘ.
394 1977 471 2024 ipsa
498 1976 601 2020 (ista)
629 1983 757 2013 uocata
789 1975 870 2015 ff‘b.
975 1979 1060 2014 329.
1084 1978 1175 2013 Pars
1202 1978 1308 2013 etiam
1333 1990 1398 2014 ms
1425 1981 1470 2014 12
1481 1982 1534 2015 22

90 2025 258 2061 232425
285 2037 430 2071 nouem;
457 2023 494 2061 E
506 2024 545 2062 Φ
560 2024 697 2063 'fuam
715 2039 785 2064 scr.
824 2029 898 2064 Fas
925 2035 979 2064 est
1005 2035 1041 2065 et
1065 2027 1142 2064 fieri
1164 2025 1250 2064 (DP
1264 2030 1300 2063 3.
1338 2023 1446 2064 'etiam
1471 2041 1532 2065 so-

92 2074 164 2111 litis
189 2075 266 2111 fieri
292 2079 327 2112 E
343 2088 435 2112 corr.
475 2076 552 2112 fieri
578 2083 633 2113 est
657 2077 722 2114 sol.
750 2077 783 2124 f.
823 2085 943 2115 aetate
968 2079 1109 2128 piorum
1137 2079 1258 2114 4041.
1361 2081 1448 2116 330.
1474 2079 1530 2115 lu-

91 2124 146 2161 dis
172 2132 276 2174 grata
300 2125 366 2162 tul.
400 2128 435 2162 'I'
458 2128 578 2163 2029.
689 2130 775 2167 331.
809 2129 860 2165 Vt
885 2129 984 2178 prius
1010 2127 1044 2165 b.
1084 2131 1160 2173 Ita,
1188 2140 1312 2178 pecus,
1340 2126 1480 2166 Dl'hs
1503 2129 1529 2165 8

92 2177 143 2210 20
167 2180 322 2224 quatuor
347 2180 381 2212 et
405 2180 490 2213 neth.
517 2178 623 2225 ἱηψν.
674 2179 772 2227 prius
805 2178 943 2228 reliqui.
989 2179 1087 2229 prius
1121 2179 1274 2229 antiquis
1299 2178 1420 2226 APy.

144 2228 229 2262 332.
255 2226 448 2275 Verbaque
477 2224 517 2263 (D
541 2240 613 2264 ma.
628 2239 683 2276 pr.
722 2235 776 2265 est
801 2242 871 2267 om.
885 2230 922 2266 A
937 2230 998 2266 43.
1101 2232 1188 2266 333.
1216 2256 1225 2265 .
1242 2256 1252 2266 .
1269 2235 1379 2278 utque
1399 2225 1446 2263 Γ.
1483 2238 1528 2264 ea

93 2286 189 2311 nunc
215 2283 313 2313 certa
339 2278 520 2326 DOps8
545 2282 691 2326 septe-m.
739 2279 886 2328 placare
912 2279 1062 2316 deorum
1093 2277 1145 2316 (D.
1189 2280 1335 2328 placare
1359 2275 1527 2314 sacerdos

94 2325 155 2360 14.
258 2328 344 2363 334.
371 2327 528 2364 Numine
552 2327 583 2374 f.
685 2330 771 2365 335.
809 2341 903 2379 quae
930 2330 1058 2380 cecidit
1083 2330 1208 2366 dextra
1235 2330 1317 2365 uict.
1341 2325 1530 2364 BGOM
1579 2367 1585 2373 ,

98 2371 256 2411 ΨΤηιε
274 2379 356 2412 820
372 2377 545 2414 undecim.
647 2381 731 2415 336.
759 2380 928 2417 Hostibus
948 2380 1100 2417 admotis
1117 2380 1206 2416 host.
1227 2382 1272 2416 E.
1308 2377 1411 2413 Host.
1425 2389 1527 2427 amo-
1551 2388 1605 2411 ste..

93 2424 137 2476 tis
159 2424 253 2461 host.
268 2428 335 2474 4)8
346 2429 418 2473 493
443 2431 479 2464 D
497 2440 576 2466 aar.
597 2441 667 2466 scr.
704 2430 806 2467 Host.
825 2443 846 2467 a
866 2431 969 2467 uictis
990 2433 1014 2467 8
1029 2442 1112 2468 uar.
1129 2441 1198 2466 scr.
1235 2427 1397 2465 edomitis
1418 2421 1526 2464 tinus.
1546 2421 1611 2494 lq.
1655 2446 1657 2451 ⁴

143 2477 230 2511 337.
257 2476 343 2512 deos
369 2477 452 2514 olim
478 2479 575 2528 quod
601 2479 631 2526 f.
681 2479 815 2516 homini
840 2493 948 2531 quam
973 2479 1034 2518 A.
1080 2479 1264 2515 consiliare
1289 2474 1381 2513 ΓΡ.
1423 2478 1527 2514 uale-
1554 2478 1572 2511 ι’

93 2525 158 2561 bat
186 2523 304 2561 BGE
327 2531 417 2562 octo.
520 2532 607 2566 338.
633 2535 670 2567 et
695 2530 818 2580 liquidi
844 2533 914 2568 luc.
932 2529 986 2569 A.
1088 2530 1171 2565 339·
1199 2526 1322 2564 Nund·
1344 2525 1392 2564 Γ·
1438 2527 1527 2565 Nou

94 2575 181 2612 dum
211 2576 257 2612 G.
306 2577 528 2625 pertulerant
552 2579 583 2625 f.
634 2581 836 2618 contulerat
860 2585 919 2619 M.
969 2583 1197 2628 lacrymatam
1223 2584 1314 2616 cort.
1342 2579 1525 2627 myrrham

95 2624 183 2671 duo,
211 2628 425 2664 Tuamor.
462 2629 549 2667 laer.
575 2630 704 2669 arbore
729 2633 789 2668 40.
826 2633 952 2669 mitras
977 2626 1189 2670 DEGFr.

1529 2668 1541 2687 ι
1647 2593 1652 2739 ἓ

436 2717 492 2735 ,1.

117 2758 216 2807 qnae
248 2739 374 2779 <aar
412 2754 429 2769 0
445 2739 491 2798 ᾖ·
