1685 2954
629 97 800 130 'FVSCVM
832 99 1022 129 SECVTVS
1413 99 1550 129 Lxxm

64 220 70 229 ι
105 205 145 237 et
169 200 194 236 7
218 198 333 249 Pagai
368 211 403 250 p.
423 199 472 236 87
496 197 544 236 E.
606 198 653 235 At
688 198 836 236 Clodius
862 201 1028 251 Aquilam
1054 200 1156 249 Kal„
1193 197 1340 249 Hyadas
1377 198 1428 237 lv
1450 199 1550 238 Non.

107 260 231 298 habet.
282 261 427 299 Scilicet
453 265 526 296 tam
554 264 640 310 apte
665 260 817 309 Aquilae
842 262 975 299 mentio
1004 264 1183 313 prioribus
1211 273 1290 299 sese
1316 259 1550 310 adiungebat,

105 335 216 373 quam
243 323 392 360 moleste
417 321 518 358 initio
542 322 675 358 mensis
712 328 813 358 ortus
840 324 1035 360 matutinus
1061 323 1187 360 sideris
1213 323 1360 360 alicuius
1386 323 1551 373 poneba-

106 390 177 422 tur.
229 384 354 422 Mense
380 382 546 419 Ianuario
572 383 762 433 posteriori
783 384 931 421 Clodius
958 391 1088 434 quater
1115 390 1309 421 notauerat
1328 383 1461 432 Lyram
1489 396 1552 420 oc-

105 445 236 490 cidere,
262 445 366 494 eique
390 444 492 493 signo
520 445 571 481 bis
598 450 746 493 postero
768 445 826 483 die
845 446 978 483 Leonis
1002 457 1167 482 occasum
1195 447 1422 496 ascripserat.
1459 444 1552 482 Oui-

105 506 184 543 dius
211 518 312 553 uero,
338 506 399 555 qui
424 519 446 542 a
471 506 539 543 XV
565 506 652 544 Kal.
681 507 727 544 ad
754 508 820 544 Vll
846 508 931 544 Kal.
961 520 1050 554 non,
1076 506 1174 556 quod
1202 513 1358 554 notaret,
1384 507 1552 554 haberet,

104 567 356 617 (quamobrem
384 568 492 604 etiam
528 573 678 618 praeter
710 575 922 605 consuetum
958 568 1005 605 de
1039 568 1139 605 seriis
1166 567 1385 617 conceptiuis
1420 568 1554 605 docere

103 628 287 676 instituit,)
313 629 436 678 elegit,
465 630 527 679 qui
552 630 588 666 in
615 629 772 666 medium
791 630 826 666 id
848 631 1003 680 spatium
1030 630 1218 677 incideret,
1245 629 1364 678 Lyrae
1385 642 1554 667 occasum

102 690 139 727 X
163 690 250 727 Kal.
277 690 388 728 Febr.
418 695 456 739 1,
483 693 572 739 653,
599 698 636 728 et
663 691 800 728 addidit
827 693 1000 742 postridie
1026 692 1209 738 Leonem,
1239 705 1274 728 u.
1303 690 1392 738 655,
1419 703 1554 740 quam-

103 753 157 790 uis
183 765 256 789 non
285 758 394 799 tunc,
431 753 495 790 sed
523 760 587 789 aut
613 753 805 802 quatriduo
832 760 941 802 aute,
979 760 1043 790 aut
1076 755 1201 803 quinto
1237 758 1321 803 post
1346 752 1405 789 die
1431 752 1553 801 Lyrae

101 813 231 851 adesse
264 814 420 863 legisset.
474 814 550 851 Cur
575 815 797 865 Delphinum
825 819 862 863 1,
889 816 965 852 457
998 815 1046 852 ad
1073 816 1109 854 V
1135 815 1188 852 Id.
1216 815 1292 852 Ian.
1319 813 1498 851 distulerit
1530 826 1554 852 a

101 874 240 923 Nonis,
275 887 344 912 nec
376 876 455 925 ipse
481 882 629 926 exputo.
681 876 861 925 Thyonae
887 882 1052 913 exortum
1078 876 1178 913 XVll
1205 875 1290 913 Kal.
1316 874 1384 913 Iul.
1412 877 1451 924 6,
1477 878 1551 913 711

102 949 177 974 non
204 949 226 973 a
254 937 404 985 Tusco,
440 937 505 974 sed
542 938 588 974 ab
624 950 689 986 eo,
726 950 833 987 quem
860 937 1090 975 Ptolemaeus
1116 951 1154 988 p.
1171 940 1219 975 88
1245 937 1279 974 D
1304 938 1490 987 sequitur:
1530 932 1551 975 ὃ

102 994 291 1049 λαμπρὸς
316 998 395 1035 τῶν
427 992 564 1036 ὖάδων
595 995 811 1047 ἐπιτέλλει,
847 1000 1041 1048 sumpsisse
1068 1000 1226 1037 uidetur.
1279 999 1430 1036 Clodius
1457 999 1553 1036 enim

102 1060 190 1097 nihil
225 1060 399 1097 eiusmodi
433 1060 557 1098 habet.
616 1061 657 1098 ln
691 1060 830 1097 heliaco
866 1073 997 1097 occasu
1034 1059 1199 1098 Pliadum
1236 1060 1285 1098 lv
1311 1060 1410 1098 Non.
1437 1061 1552 1111 April.

101 1123 141 1169 4,
170 1121 242 1158 165
269 1121 459 1159 manifesto
486 1121 639 1159 Ouidius
665 1123 864 1159 Democriti
892 1123 1004 1158 uerba
1030 1128 1174 1159 secutus
1200 1128 1276 1170 est,
1302 1134 1397 1172 quae
1422 1122 1553 1159 eodem

100 1182 161 1219 die
196 1185 358 1220 seruauit
385 1184 561 1221 Geminus
595 1197 633 1234 p.
649 1186 699 1220 69
725 1184 772 1232 B,
805 1180 1053 1234 Δημοκρίτῳ
1089 1178 1275 1227 πλειάδες
1306 1177 1553 1232 κρύπτονται

101 1240 188 1294 ἅμα
214 1238 314 1296 ἡλίῳ
343 1240 566 1293 ἀνίσχοντι,
595 1258 668 1282 non
695 1233 885 1293 Clodium,
909 1245 971 1295 qui
998 1244 1056 1281 die
1082 1243 1226 1282 demum
1252 1245 1419 1294 sequenti
1446 1257 1552 1282 occa·

100 1320 181 1344 sum
201 1307 448 1357 uespertinum
469 1307 592 1347 habet.
632 1307 672 1344 In
698 1306 752 1344 his
777 1307 892 1344 tribus
919 1312 1060 1343 tantum
1089 1319 1217 1344 reuera
1243 1306 1397 1343 discedit
1422 1319 1444 1344 a
1463 1307 1552 1345 Clo-

98 1369 161 1406 dio
186 1369 271 1406 data
297 1380 423 1419 opera.
474 1369 554 1406 Ter
580 1374 787 1420 praeterea,
814 1369 874 1406 ubi
900 1369 936 1406 in
963 1368 1022 1406 die
1048 1381 1119 1406 non
1140 1367 1308 1418 discedit,
1336 1375 1455 1407 ortum
1482 1383 1551 1420 pro

99 1443 254 1479 occasu,
291 1431 349 1468 uel
376 1442 543 1468 occasum
569 1444 638 1481 pro
667 1438 772 1480 ortu,
808 1431 867 1468 uel
895 1442 1049 1481 uespere
1074 1443 1142 1480 pro
1170 1443 1276 1468 mane
1301 1433 1449 1481 posuit,
1481 1443 1551 1482 per

100 1503 275 1529 errorem.
327 1493 459 1530 Mirum
485 1493 522 1530 id
549 1500 604 1530 est
628 1494 664 1530 in
692 1493 818 1541 Cane,
845 1500 924 1530 tam
948 1498 1034 1529 noto
1060 1491 1202 1540 sidere,
1228 1491 1328 1542 quod
1354 1492 1439 1529 oriri
1465 1491 1551 1529 dicit

99 1553 168 1590 VH
184 1553 270 1591 Kal.
291 1554 379 1592 Mai.
405 1557 443 1603 4,
455 1557 550 1592 9042
579 1557 808 1605 (moriturque
834 1556 936 1591 canis
961 1561 999 1591 et
1025 1567 1060 1591 u.
1076 1556 1175 1591 939:
1203 1566 1272 1602 quo
1297 1553 1414 1590 sidere
1437 1558 1549 1599 nnoto3

99 1616 263 1652 excusari
297 1622 418 1665 potest
443 1616 477 1653 in
509 1616 694 1665 Hyadibus
721 1617 772 1654 Vl
797 1616 896 1653 Non.
917 1617 1005 1654 Mai,
1032 1616 1072 1664 5,
1094 1616 1181 1664 165,
1210 1622 1247 1652 et
1272 1616 1309 1652 in
1338 1614 1550 1665 Ophiucho,

100 1688 208 1726 quem
231 1690 337 1714 mane
363 1690 397 1714 a.
423 1677 459 1713 d.
484 1678 535 1714 XI
553 1677 639 1716 Kal.
659 1678 727 1716 lul.
754 1690 828 1715 non
855 1678 1095 1725 occidentem,
1124 1684 1163 1714 ut
1190 1676 1354 1725 Clodius,
1380 1677 1446 1714 sed
1470 1689 1552 1713 sur-

101 1744 246 1786 gentem
272 1739 358 1775 facit
384 1741 425 1786 6,
450 1741 545 1787 733,
585 1746 622 1776 et
647 1740 684 1776 in
711 1739 921 1788 Hyadibus,
947 1753 1038 1790 quas
1065 1739 1216 1775 Clodius
1243 1750 1349 1775 mane
1375 1739 1425 1776 Vl
1450 1738 1549 1776 Non.

101 1799 205 1847 Mai„
230 1799 385 1837 Ouidius
410 1801 538 1837 eodem
565 1802 625 1837 die
652 1803 794 1850 uesperi
822 1809 945 1838 narrat
971 1802 1101 1838 exoriri
1127 1802 1166 1847 5,
1194 1802 1279 1835 163.

203 1863 260 1898 De
287 1861 339 1898 his
369 1862 541 1899 hactenus
568 1862 756 1912 disputatis
781 1862 851 1898 iam
871 1874 967 1898 nune
983 1862 1114 1909 iudica,
1141 1862 1275 1897 satisne
1301 1860 1550 1899 demonstrent

101 1924 149 1961 ad
175 1937 285 1960 unum
320 1924 543 1974 potissimum
580 1931 764 1960 auctorem
801 1923 1032 1960 referendum
1070 1935 1148 1960 esse
1177 1922 1366 1960 Ouidium.
1417 1922 1475 1959 De
1507 1923 1549 1959 iis

101 1998 205 2033 uero,
232 1998 327 2035 quae
353 1992 503 2034 restant,
530 1987 721 2036 quominus
747 1985 792 2022 de
820 1985 917 2021 omni
942 1993 1156 2035 argumento
1183 1985 1423 2021 astronomico
1450 1984 1550 2034 apud

103 2046 278 2085 Ouidium
306 2048 519 2092 dixerimus,
546 2060 617 2084 non
645 2055 730 2084 ante
757 2047 930 2094 iudicato,
956 2058 1064 2096 quam
1094 2059 1138 2082 ea
1165 2046 1307 2095 legeris,
1335 2058 1431 2096 quae
1456 2046 1551 2082 infra

101 2110 148 2147 de
174 2110 347 2146 librorum
382 2110 543 2159 quinque
578 2109 819 2159 posteriorum
847 2108 974 2145 Ouidii
1009 2107 1221 2144 condicione
1255 2109 1550 2158 disputabuntur.

100 2171 198 2208 Sunt
226 2171 320 2207 enim
349 2183 474 2208 uersus
499 2171 546 2207 de
571 2170 747 2208 sideribus
775 2171 810 2206 in
838 2169 966 2218 fastis,
994 2171 1055 2220 qui
1082 2170 1243 2219 expressi
1268 2176 1352 2206 sunt
1378 2182 1423 2207 ex
1452 2183 1552 2207 com-

101 2232 316 2269 mentariolo
342 2232 477 2280 Tusci,
503 2231 566 2269 sed
594 2244 666 2268 non
692 2244 758 2269 suo
786 2232 865 2268 loco
892 2233 963 2281 legi
990 2232 1159 2269 uidentur
1187 2241 1223 2268 et
1249 2232 1321 2268 alio
1348 2232 1432 2270 olim
1459 2244 1551 2281 per-

102 2294 300 2331 tinuerunt.
353 2294 468 2332 Plane
495 2293 681 2330 mirificum
708 2292 794 2328 illud
824 2299 899 2337 est,
927 2294 1023 2343 quod
1051 2300 1269 2343 postquam,
1296 2295 1348 2331 uti
1374 2294 1550 2343 oportuit,

101 2367 225 2392 mense
250 2355 398 2403 Martio,
424 2356 491 2392 Vll
514 2355 600 2392 Kal.
625 2355 756 2405 April„
783 2355 1048 2404 aequinoctium
1077 2367 1228 2392 uernum
1255 2357 1552 2392 commemorauit

104 2420 143 2462 3,
167 2419 261 2462 877,
297 2430 370 2467 quo
396 2416 455 2454 die
481 2417 568 2453 illud
597 2429 668 2453 non
695 2417 839 2466 quidem
867 2417 983 2453 Varro
1011 2429 1040 2453 r.
1069 2425 1158 2454 rust.
1188 2422 1223 2465 1,
1250 2420 1300 2453 28
1326 2423 1363 2454 et
1389 2417 1550 2454 ldelerus

103 2490 141 2527 p.
158 2478 246 2526 150,
271 2479 335 2516 sed
362 2485 482 2515 tamen
511 2478 661 2515 Clodius
689 2479 818 2523 habet,
845 2477 977 2515 deinde
1003 2478 1133 2516 eodem
1157 2480 1311 2529 proximi
1335 2480 1466 2518 mensis
1493 2478 1552 2518 die

103 2538 194 2577 haec
218 2539 328 2578 habet
353 2540 436 2577 inde
463 2552 485 2577 a
511 2553 547 2578 u.
569 2542 664 2578 901:

366 2604 443 2640 Sex
467 2601 527 2641 ubi
554 2615 644 2651 quac
669 2607 808 2640 restant
834 2602 928 2639 luces
952 2601 1095 2651 Aprilis
1120 2601 1270 2647 habebit,

432 2666 478 2703 In
501 2664 617 2703 medio
644 2676 750 2702 cursu
778 2669 939 2713 tempora
963 2665 1058 2702 ueris
1083 2668 1202 2709 eruum
