1685 2954
448 95 502 143 2‘,
533 95 575 142 T,
603 95 650 142 Z,
679 99 711 142 ἃ,
739 106 771 142 ο,
805 98 833 142 r,
860 103 892 141 9,
920 95 954 141 h,
981 102 1025 141 m,
1053 104 1075 134 ρ
1298 96 1490 130 cenxxxl

48 201 150 240 uelut
173 204 214 251 2,
239 201 327 241 859.
378 200 500 240 Semel
526 202 564 248 3,
593 200 667 238 515
694 211 811 251 prope
837 205 981 238 secutus
1013 211 1093 237 sum
1128 210 1221 249 eum⁸
1246 198 1284 237 in
1308 199 1489 250 scriptura

46 262 96 301 d'e
120 276 194 315 qua
219 272 303 303 ante
328 264 397 302 hoc
423 262 708 313 quinquennium
734 261 979 299 coniecturam
1005 260 1177 300 feceram.

147 329 210 364 24.
251 327 291 364 In
317 325 443 364 codice
471 325 554 361 olim
572 323 830 360 Ratisbonensi
850 322 1335 361 Sanctemmeramensi
1360 321 1487 368 n.Lx‚

45 385 240 425 Monachio
265 399 372 438 quem
398 386 523 436 accepi
548 392 585 423 et
610 398 629 422 e
653 385 740 433 dixi,
764 385 858 422 inter
883 384 972 421 alios
994 385 1286 423 membranarum
1311 385 1490 423 uetustio-

46 461 126 486 rum
155 448 341 486 fasciculos
373 447 462 485 folia
487 449 537 484 67
563 458 682 484 auers.
707 446 755 482 ad
779 448 830 484 76
856 445 1002 483 aduers.
1030 446 1263 483 continebant
1294 446 1493 496 particulas

44 509 219 548 fastorum
245 510 306 547 lib.
325 514 359 557 1,
385 522 421 546 u.
446 513 465 545 1
488 508 536 546 ad
555 509 605 545 59
627 507 863 556 dimidiatum,
890 507 951 544 lib.
969 507 1008 555 5,
1035 520 1071 544 u.
1091 508 1165 543 299
1183 507 1229 543 ad
1247 509 1334 556 734,
1361 507 1492 557 quibus

44 572 305 621 subscriptum:
343 570 426 619 finit
451 570 537 608 liber
563 570 918 620 quintum-fastorum
949 568 1074 607 Ouidii
1101 570 1277 606 Nasonis.
1307 570 1405 605 1498
1430 582 1493 606 se-

45 631 164 670 cunda
187 632 286 679 feria
308 639 392 683 post
416 633 552 681 festum
577 634 637 670 Sti
661 634 894 678 Emmerami,
922 638 1106 683 postremo
1133 637 1249 668 totum
1276 630 1339 667 lib.
1357 631 1382 666 6
1408 643 1492 668 cum

42 694 326 744 subscriptionez
363 698 461 733 1498
496 695 676 733 dominica
711 696 759 730 18
790 699 873 744 post
909 699 1063 732 octauas
1093 693 1353 742 penthecosten.
1403 693 1494 742 Ipso

43 755 102 792 die
132 756 268 794 Galixti
293 770 413 807 papae
438 762 471 794 et
495 757 672 794 martiris.
714 758 894 792 Erasmus
910 758 1033 793 Dawn
1058 767 1105 792 ex
1127 758 1294 803 Trayeyn
1318 753 1495 792 Austriae

43 830 118 855 non
149 818 297 867 iflnobili
329 819 458 868 oppido
495 816 681 856 oriundus.
735 817 774 853 ln
805 817 920 854 altero
953 816 1077 854 codice
1101 816 1426 853 Sanctemmeram.
1453 828 1492 854 n.

42 879 144 916 LV11
180 880 339 920 chartac.
373 883 433 931 qui
467 880 533 917 fol.
563 880 781 917 167—178
816 884 988 928 excerpta
1021 877 1199 914 fastorum
1234 877 1391 914 habebat
1426 876 1493 915 de-

42 942 203 991 scripta,
238 948 279 978 nt
311 949 425 992 puto,
460 954 503 979 ex
538 940 696 978 editione
722 939 844 977 Balth.
873 939 1059 990 Azoguidii
1096 941 1217 989 1471,
1251 939 1337 978 nihil
1368 940 1492 978 inueni

42 1003 141 1053 quod
170 1011 370 1042 enotarein.

94 1067 97 1070 ⁴
142 1067 225 1103 25.Ἰ
261 1065 382 1103 codex
408 1065 664 1109 Fonteinii,
690 1065 728 1101 in
756 1076 825 1113 qno
852 1064 921 1102 soli
947 1063 1041 1112 fasti
1067 1076 1089 1101 a
1114 1064 1168 1101 Io.
1189 1062 1398 1102 Schradero
1425 1063 1493 1102 de·

42 1132 207 1174 notatur,
236 1139 343 1176 quem
369 1126 394 1174 f
414 1139 598 1177 nuncupo.
650 1126 782 1175 Neque
808 1126 855 1163 de
878 1138 1109 1176 possessore,
1137 1138 1257 1176 neque
1283 1126 1330 1163 de
1355 1132 1492 1175 aetate,

40 1199 161 1237 neque
181 1189 478 1226 membranaceus
497 1201 543 1225 an
566 1189 778 1225 chartaceus
795 1189 852 1236 sit,
881 1188 966 1225 mihi
992 1189 1187 1238 quicquam
1213 1188 1388 1225 innotuit:
1416 1188 1493 1226 col·

40 1250 134 1286 latus
162 1250 380 1299 ab-egregio
406 1251 468 1287 illo
496 1252 618 1288 critico
646 1252 750 1288 solita
777 1250 960 1299 diligentia
987 1257 1054 1287 est.

139 1313 202 1349 26.
254 1312 383 1349 Codex
410 1313 624 1350 Gallicus
648 1313 916 1350 Mazarinianus
943 1312 1078 1349 Heinsii
1104 1318 1271 1362 tempore
1294 1324 1318 1362 9
1345 1318 1491 1351 notatus

37 1373 68 1410 is
94 1374 251 1422 uidetur,
278 1375 341 1425 qui
365 1376 401 1411 in
428 1376 534 1412 catal.
559 1376 644 1412 bibl.
672 1376 789 1412 Paris.
817 1387 853 1411 n.
878 1375 977 1410 7992
1003 1375 1304 1412 membranaceus
1329 1383 1368 1413 et
1392 1388 1490 1414 saec.

37 1435 108 1474 XV
133 1436 274 1473 dicitur.
326 1436 530 1487 Aliquando
558 1437 724 1474 Heinsius
750 1436 882 1473 oblitus
913 1435 1008 1484 suit,
1042 1438 1103 1486 qui
1130 1444 1241 1474 esset:
1275 1437 1305 1474 si
1331 1436 1368 1474 id
1394 1450 1492 1474 nun-

38 1510 149 1548 quam
183 1500 268 1536 satis
301 1506 401 1536 certo
436 1499 601 1536 fortassis
636 1499 781 1546 scierit,
816 1499 931 1548 possit
962 1499 1111 1547 cogitari
1138 1498 1184 1536 de
1211 1505 1282 1536 cat.
1310 1498 1425 1537 Paris.
1451 1512 1491 1537 n.

40 1560 142 1595 8240
166 1560 356 1599 chartaceo
377 1562 463 1599 olim
480 1564 569 1598 DD.
590 1559 632 1597 de
653 1560 815 1597 Bethana
840 1560 999 1597 eiusdem
1028 1560 1171 1606 aetatis,
1199 1561 1255 1597 cui
1280 1562 1358 1598 libri
1384 1561 1492 1611 primi

40 1620 178 1657 initium
205 1622 319 1660 deest.
361 1624 591 1673 Quamquam
615 1634 809 1672 perperam
834 1622 990 1659 fortasse
1015 1623 1142 1672 scripsi
1167 1623 1202 1658 in
1221 1635 1245 1671 9
1262 1623 1389 1660 deesse
1413 1624 1492 1674 pri·

40 1694 120 1719 mos
143 1686 214 1719 112
234 1696 372 1721 uersus.
410 1685 577 1722 Heinsius
604 1684 782 1733 quaedam
807 1683 925 1721 deesse
950 1697 1061 1734 usque
1087 1684 1134 1721 ad
1161 1697 1243 1721 eum
1271 1698 1414 1722 uersum
1432 1698 1492 1723 re-

40 1744 145 1794 liquit
177 1751 215 1782 et
247 1746 435 1795 aliquoties
469 1758 513 1782 eo
548 1747 666 1795 spatio
700 1746 829 1782 librum
857 1752 987 1782 testem
1022 1746 1130 1793 fecit,
1169 1753 1209 1783 ut
1245 1747 1491 1794 oblitteratae,

41 1806 140 1856 quod
166 1819 277 1857 saepe
303 1819 368 1844 usu
395 1807 508 1853 uenit,
536 1808 676 1856 primae
696 1807 851 1856 paginae
869 1806 980 1843 fuisse
999 1806 1206 1845 uideantur.
1245 1807 1322 1846 Sed
1349 1820 1372 1845 a
1396 1812 1490 1858 u.2‚

40 1870 254 1906 801—843
282 1868 391 1905 credo
419 1869 584 1905 lacunam
611 1868 722 1905 fuisse
747 1879 842 1918 quae
869 1879 940 1904 non
967 1874 1174 1905 annotatur.

140 1933 202 1968 27.
254 1930 364 1967 Liber
390 1929 572 1966 Heinsii
604 1930 715 1980 ipsius
748 1930 958 1966 chartaceus
984 1928 1008 1967 h
1033 1931 1192 1980 signatus
1217 1932 1254 1968 in
1282 1942 1356 1982 quo
1384 1930 1490 1970 deest

38 1991 167 2029 folium
193 1999 277 2043 post
302 1997 341 2040 2,
360 1994 411 2028 60
437 1998 475 2029 et
500 1991 639 2041 aliquot
663 1991 757 2030 inter
782 1993 821 2039 4,
846 1993 922 2028 796
950 1997 987 2028 et
1013 1991 1051 2040 5,
1080 1994 1151 2029 125
1178 2000 1215 2030 et
1241 2001 1324 2044 post
1348 1995 1387 2042 5,
1414 1997 1491 2032 328

11 2056 187 2103 lemnia,
222 2052 488 2104 propemodum
524 2052 610 2090 mihi
647 2052 791 2090 uidetur
826 2065 872 2091 ex
906 2053 1029 2103 primis
1067 2054 1248 2105 impressis
1287 2056 1386 2093 libris
1421 2056 1491 2094 de·-

39 2117 208 2166 scriptus.

141 2180 204 2215 28.
257 2177 398 2215 Littera
423 2190 460 2214 m
486 2177 577 2214 liber
609 2176 832 2227 indigetatur
866 2176 913 2214 de
947 2178 1046 2216 cuius
1072 2179 1197 2217 habitu
1227 2186 1378 2217 externo
1406 2178 1491 2217 nihil

39 2239 161 2278 inueni
195 2247 342 2290 praeter
374 2238 473 2289 quod
506 2240 552 2275 ab
579 2240 726 2276 Heinsio
763 2239 1003 2288 perscriptum
1038 2248 1093 2278 est
1126 2243 1162 2279 in
1195 2242 1293 2279 hunc
1319 2241 1490 2280 modumz

41 2300 154 2339 codex
179 2301 393 2339 chartaceus
408 2299 719 2349 Mazarinianus,
744 2312 790 2337 ea·
816 2303 951 2351 optimo
976 2301 1096 2340 codice
1121 2302 1333 2353 descriptus,
1358 2303 1422 2341 sed
1445 2301 1492 2341 ab

41 2362 209 2412 imperita
223 2375 335 2399 manu
354 2352 607 2412 interpolatus,
634 2362 723 2400 adeo
749 2361 901 2411 quidem,
927 2367 969 2400 ut
989 2364 1123 2413 probae
1141 2370 1343 2415 ueteresque
1366 2365 1492 2403 lectio-

0 2438 1 2455 *
41 2435 104 2461 nes
126 2424 294 2473 plurimis
318 2426 357 2461 in
392 2423 480 2462 locis
505 2436 632 2462 erasae
656 2427 753 2471 sint,
787 2429 829 2461 ut
854 2437 898 2462 ne
922 2427 1079 2474 uestigia
1106 2426 1244 2475 quidem
1269 2440 1392 2465 eorum
1420 2439 1492 2477 ap·-

42 2491 219 2534 pareant3
255 2490 360 2524 erant
394 2488 506 2523 etiam
531 2486 656 2522 hiatus
680 2486 794 2524 relicti
821 2486 966 2524 alicubi.
1020 2487 1077 2525 De
1104 2491 1293 2527 uirtutibus
1320 2490 1494 2540 uitiisque

41 2545 123 2583 libri
147 2559 233 2585 sane
259 2545 500 2584 memorabilis
526 2545 657 2584 faciam
683 2548 776 2585 infra
802 2549 869 2585 sub
897 2561 933 2585 n.
953 2550 1003 2585 39
1028 2561 1240 2599 cognoscas.

145 2609 205 2645 29.
259 2608 317 2646 De
342 2608 467 2646 codice
492 2620 574 2645 meo
601 2609 882 2658 Parisiensi,
906 2623 947 2660 p,
973 2611 1023 2647 ita
1048 2617 1200 2650 testatus
1225 2620 1281 2651 est
1305 2610 1492 2653 Heinsiusz'
1544 2596 1570 2662 vl

45 2680 86 2707 co
116 2668 185 2706 dex
210 2669 441 2709 sr-rauianus
466 2676 575 2712 notae
599 2673 723 2720 bonae,
750 2673 813 2713 sed
837 2675 1009 2713 recentior
1034 2680 1068 2713 et
1094 2674 1158 2714 sub
1184 2677 1292 2716 initia
1316 2678 1409 2715 artis
1433 2679 1493 2721 ty-
