1685 2954
581 102 750 138 QvANno
780 94 960 132 v1xssmr
1404 95 1492 127 xcv

45 209 247 247 institutum
273 217 353 245 esse
375 208 521 255 oportet
545 215 568 240 a
593 202 764 248 Tiberio,
792 202 845 238 uti
870 212 981 252 supra
1006 200 1102 249 dixi,
1130 212 1167 250 p.
1181 209 1261 246 ΣΧ,
1285 210 1367 235 cum
1393 197 1492 235 Cali-

46 271 132 322 gula
157 271 321 320 quintum
340 265 594 304 Saturnalibus
619 264 714 301 diem
742 264 915 300 adiecisse
940 263 1081 299 dicatur
1106 275 1127 298 a
1152 261 1283 298 Dione.
1335 259 1376 296 Id
1402 271 1492 297 uero

45 333 146 369 Festi
169 343 248 368 esse
268 328 550 367 additamentum
570 328 619 364 ita
639 324 901 376 supplendum:
928 336 1078 373 quorum
1099 324 1243 361 alteret
1259 322 1387 359 temus
1402 347 1411 358 .
1429 348 1438 358 .
1457 346 1491 368 .,

45 400 146 430 certe
171 405 246 430 non
275 389 455 427 euincitur
488 400 533 424 ex
559 389 630 425 alio
656 388 736 425 loco
763 399 800 436 p.
817 387 881 434 64,
899 388 949 421 34
975 385 1074 432 Vrs.,
1107 386 1168 421 ubi
1194 383 1401 422 Saturnalia
1425 383 1492 419 tri-

44 453 119 490 duo
146 454 204 502 agi
233 451 424 497 dicuntur,
453 462 548 499 quae
573 448 671 498 apud
698 448 866 484 Verrium
895 447 1007 483 uerba
1034 447 1205 483 Varronis
1230 445 1340 483 fuisse
1365 445 1494 482 uiden-

45 522 120 564 tur,
146 515 244 551 cuius
272 524 402 549 nomen
429 523 531 548 more
557 524 624 547 suo
653 510 853 560 suppressit
872 510 1015 546 Festus.
1070 508 1166 545 Sunt
1191 514 1382 556 praeterea
1408 507 1493 554 alia,

45 588 140 627 quae
167 575 234 611 sub
263 573 417 610 Tiberio
438 574 620 623 scripsisse
645 573 813 610 Verrium
840 571 999 608 indicare
1025 570 1237 607 uideantur:
1265 568 1369 615 illud,
1395 567 1496 617 quod

43 650 66 675 a
91 637 202 673 Festo
228 648 266 685 p.
285 636 324 682 4,
349 637 374 671 7
399 635 482 672 Vrs,
519 635 650 671 Mutini
676 634 792 670 Titini
818 633 989 670 sacellum
1015 633 1188 669 mansisse
1222 629 1269 668 ab
1299 632 1343 666 V.
1377 631 1417 666 G.
1446 628 1495 666 ad

41 699 285 749 principatum
304 697 463 745 Augusti
487 697 658 734 Caesaris
683 696 827 743 dicitur,
854 695 884 731 si
909 695 1000 732 haec
1024 694 1141 731 Verrii
1170 694 1247 742 ipsa
1273 691 1386 727 uerba
1412 690 1495 727 fue-

43 766 150 796 runt:
177 758 280 806 illud,
309 758 407 808 quod
437 772 477 808 p.
497 760 582 805 153,
607 758 655 794 25
682 758 825 807 legitur,
853 756 911 794 ubi
935 769 1030 794 mmc
1053 760 1106 793 est
1132 754 1238 792 aedes
1262 751 1493 797 Concordiae,

43 833 138 871 quae
160 819 327 857 dedicata
347 827 402 857 est
421 832 455 857 a.
482 821 525 856 V.
544 821 588 857 C.
607 822 682 856 762
707 819 899 856 Dolabella
920 825 958 855 et
975 818 1101 854 Silano
1128 827 1238 853 cossa
1266 814 1368 858 illud,
1395 813 1495 863 quod

43 894 90 920 ex
114 882 226 918 Festo
259 895 296 932 p.
322 882 412 929 205,
438 883 486 918 26
512 882 639 918 Muell.
672 882 804 918 collato
833 880 952 916 Gellio
979 881 1017 927 6,
1044 880 1068 915 6
1103 882 1141 914 et
1175 889 1220 913 ex
1245 875 1362 912 Paulo
1388 876 1491 912 Diae.

43 957 83 994 p.
102 947 165 992 33,
189 946 237 980 10
271 944 353 980 coll.
381 944 480 980 Geli.
509 946 571 991 16,
598 946 621 979 6
658 942 826 992 cognosci
861 941 1005 978 uidetur
1038 939 1207 976 Verrium
1235 937 1366 986 Hygini
1398 937 1496 974 libris

43 1005 93 1042 de
119 1005 300 1054 Virgilio,
327 1018 419 1055 quos
446 1005 593 1055 quando
621 1004 736 1041 editos
762 1010 886 1053 putem
913 1014 1024 1053 supra
1050 999 1247 1050 aliquando
1276 999 1365 1048 dixi,
1391 1011 1496 1036 usum

42 1067 182 1104 fuisse:
208 1066 311 1113 illud,
337 1066 437 1115 quod
456 1066 549 1102 Ateii
570 1066 758 1116 Capitonis
786 1065 898 1102 semel
925 1064 971 1102 de
997 1065 1074 1100 iure
1100 1063 1261 1112 publico,
1288 1062 1422 1111 septies
1448 1061 1497 1098 de

44 1129 231 1179 pontificio
257 1128 437 1164 sententia
464 1127 651 1177 profertur
676 1140 697 1164 a
716 1127 840 1164 Festo.
885 1127 993 1162 Hunc
1015 1125 1196 1162 homiuem
1216 1124 1346 1160 scimus
1367 1125 1499 1161 uixisse

42 1190 111 1226 sub
138 1190 316 1235 Tiberio,
353 1189 427 1226 uid.
455 1190 577 1226 Tacit.
607 1201 692 1225 ann.
720 1192 756 1233 3,
779 1188 843 1236 75,
870 1189 1001 1224 scimus
1027 1187 1211 1235 scripsisse
1244 1185 1291 1222 de
1322 1188 1402 1223 iure
1428 1186 1498 1222 hu-

42 1262 152 1288 mano
188 1257 298 1300 atque
331 1251 453 1288 diuino
490 1252 807 1287 coniectaneorum
839 1249 949 1285 libros
983 1247 1159 1284 ducentos
1195 1246 1496 1296 undesexaginta,

43 1313 142 1350 Gell.
165 1314 264 1357 14‚7
285 1320 322 1350 et
336 1315 373 1350 8.
424 1313 564 1348 Eorum
593 1313 767 1349 librorum
794 1323 867 1347 non
894 1316 948 1347 est
976 1308 1171 1345 admodum
1200 1309 1393 1346 uerisimile
1416 1309 1498 1359 pri-

41 1387 122 1412 mos
146 1381 309 1424 septem,
346 1374 405 1411 uel
439 1382 536 1411 octo·
555 1373 668 1410 fuisse
694 1373 741 1410 de
774 1374 854 1409 iure
886 1371 1093 1422 pontificio,
1128 1370 1286 1420 reliquos
1319 1370 1498 1408 ducentos

43 1436 307 1486 quinquaginta
332 1437 412 1473 sere
438 1436 484 1473 de
510 1438 588 1472 iure
614 1436 761 1486 publico
788 1441 825 1472 et
850 1435 1016 1484 priuato:
1051 1434 1168 1482 ipsum
1195 1445 1327 1483 corpus
1353 1433 1498 1483 aequali

41 1498 218 1535 librorum
245 1504 308 1535 aut
334 1498 521 1548 deinceps,
549 1505 612 1535 aut
638 1499 705 1535 sub
733 1498 908 1544 Tiberio,
937 1495 1034 1532 Gell.
1064 1500 1103 1543 2,
1129 1496 1194 1543 24,
1222 1495 1400 1532 editorum
1429 1508 1497 1532 nu·-

42 1571 143 1595 mero
169 1559 216 1596 de
241 1566 398 1610 utroque
424 1566 638 1609 argumento
666 1560 781 1609 egisse
809 1560 993 1607 conuenit,
1021 1559 1159 1607 aliquot
1185 1558 1266 1594 libri
1285 1557 1496 1608 appendicis

42 1620 124 1657 loco
157 1620 270 1658 fuisse
317 1621 507 1666 uidentur,
552 1622 638 1658 uide
674 1622 771 1658 Gell.
804 1622 842 1658 ll.
881 1621 981 1659 indd.
1041 1621 1083 1658 Si
1120 1632 1206 1669 ergo
1241 1619 1288 1656 ad
1324 1619 1498 1656 Varronis

43 1682 251 1731 exemplum
283 1684 421 1732 priores
454 1683 565 1720 libros
591 1683 638 1720 de
671 1684 748 1720 iure
777 1683 934 1720 humano
962 1683 1086 1720 Ateius
1111 1682 1253 1731 scripsit
1278 1687 1371 1718 teste
1396 1681 1494 1718 Gell.

42 1743 81 1786 4,
110 1744 172 1789 14,
198 1743 284 1792 quid
309 1752 483 1793 sequatur
508 1745 555 1781 de
581 1758 706 1782 eorum
734 1746 908 1782 librorum
936 1751 1070 1792 aetate,
1096 1745 1226 1794 quibus
1252 1743 1402 1780 Verrius
1428 1754 1496 1792 po-

44 1805 220 1841 tissimum
248 1817 331 1841 usus
359 1812 434 1850 est,
473 1807 650 1855 intelligis.
702 1808 839 1843 Verum
873 1807 964 1843 haec
999 1807 1121 1843 licebit
1153 1818 1220 1854 pro
1255 1805 1399 1840 incertis
1427 1804 1497 1840 lia-

45 1866 200 1902 beantur
225 1868 366 1914 omnia,
402 1868 433 1903 si
471 1867 580 1904 modo
607 1866 720 1915 illud,
754 1867 852 1916 quod
880 1867 1077 1903 Muellerus
1105 1879 1139 1902 u.
1166 1865 1216 1902 ill.
1246 1865 1293 1902 de
1319 1866 1449 1902 Verrio
1474 1877 1498 1903 a

43 1927 210 1963 Varrone
236 1928 394 1976 exculto,
421 1930 518 1978 quod
545 1930 689 1965 unicum
717 1936 771 1965 est
797 1935 970 1978 receptae
996 1928 1042 1964 de
1064 1928 1184 1964 Verrii
1209 1933 1328 1964 aetate
1355 1928 1498 1977 opinio-

44 1989 100 2024 nis
125 1989 375 2035 retinaculum,
402 2003 470 2040 pro
497 1998 596 2027 certo
623 2003 729 2027 nemo
755 1990 908 2040 posthac
931 1990 1089 2026 habebit.
1134 1989 1314 2025 Nimirum
1346 1989 1413 2025 nisi
1439 2001 1499 2027 me

43 2049 138 2086 fallit
164 2051 372 2088 coniectura
399 2053 434 2088 in
461 2053 636 2089 Macrobii
662 2054 722 2089 illo
749 2053 829 2088 loco
857 2051 1109 2101 corrigendum
1137 2058 1191 2088 est
1216 2053 1287 2087 ita:
1315 2050 1388 2088 Sed
1417 2053 1498 2088 Va·-

43 2111 171 2148 lerium
198 2112 371 2149 Flaccum
406 2115 498 2151 iuris
531 2114 662 2163 pontif.
694 2124 769 2163 per.
833 2115 865 2149 ls
892 2120 947 2150 est
973 2116 1020 2150 L.
1054 2114 1223 2150 Valerius
1257 2113 1294 2150 G.
1322 2112 1353 2159 f.
1382 2115 1427 2149 P.
1457 2124 1497 2150 u.

44 2172 201 2210 Flaccus
225 2171 360 2220 flamen
378 2176 588 2224 Martialis,
611 2177 674 2226 qui
701 2177 735 2212 in
762 2176 862 2212 fastis
884 2175 1098 2225 Capitolinis
1125 2175 1250 2211 consul
1279 2174 1362 2210 anni
1391 2173 1434 2210 V.
1453 2174 1500 2210 C.

41 2235 118 2270 622
147 2234 327 2284 refertur,
355 2237 438 2274 uide
463 2237 579 2286 Pighii
607 2238 727 2275 annal.
756 2242 795 2286 2,
825 2251 860 2287 p.
875 2250 938 2274 xv
964 2244 1001 2273 et
1028 2240 1066 2284 3,
1092 2250 1130 2286 p.
1147 2239 1207 2273 13.
1259 2236 1354 2272 Eum
1381 2236 1497 2272 multo

40 2296 290 2344 commodiuS‚
325 2311 434 2347 quam
461 2299 629 2335 Verrium
658 2301 834 2336 nominari
860 2302 1020 2349 potuisse
1046 2311 1068 2335 a
1095 2299 1261 2335 Varrone
1287 2297 1394 2334 docet
1419 2297 1499 2347 ipse

42 2354 101 2395 bic
124 2357 160 2393 in
188 2358 250 2394 lib.
277 2359 324 2394 de
350 2360 374 2396 l.
403 2361 427 2396 l.
455 2363 493 2407 6,
520 2364 567 2397 21
605 2363 679 2398 eius
714 2363 930 2399 auctoritate
965 2362 1030 2397 sub
1059 2361 1186 2398 Flacci
1219 2360 1363 2396 nomine
1397 2371 1497 2396 usus.

43 2415 170 2454 Donec
196 2418 306 2467 igitur
332 2420 379 2457 de
401 2422 664 2459 Verrii-aetate
690 2425 929 2460 luculentiora
956 2424 1160 2460 testimonia
1186 2421 1333 2458 aliunde
1359 2434 1497 2458 eruen-

45 2482 119 2526 tur,
143 2479 195 2527 id,
222 2481 322 2530 quod
348 2484 577 2532 quaerimus,
605 2495 650 2520 ex
676 2486 812 2522 collatis
839 2487 933 2522 iuter
959 2497 998 2521 se
1025 2485 1135 2521 Festo
1163 2491 1200 2520 et
1226 2483 1363 2520 Ouidio
1390 2484 1497 2520 inue-

46 2539 247 2587 stigandum
275 2549 342 2581 est.
392 2544 450 2581 Eo
485 2545 522 2581 in
556 2547 701 2595 negotio
734 2560 806 2583 non
843 2548 979 2596 pigebit
1014 2559 1037 2582 a
1072 2546 1257 2583 leuissimis
1291 2546 1498 2595 quibusque

46 2599 167 2638 ordiri.
217 2603 291 2640 ou.
320 2608 358 2652 l,
384 2604 456 2642 56:
493 2606 620 2652 ldib'us
648 2607 733 2644 alba
765 2610 849 2645 Ioui
881 2608 1059 2656 grandior
1091 2620 1190 2657 agna
1226 2606 1338 2644 cadit.
1388 2607 1495 2643 Paul.

44 2659 148 2698 Diae.
173 2674 210 2711 p.
225 2667 311 2714 104,-
330 2669 397 2704 17:
442 2667 562 2706 Idulis
598 2671 678 2706 ouis
712 2669 897 2708 dicebatur
937 2682 1030 2720 qnae
1057 2670 1229 2708 vomnibus
1255 2668 1383 2706 Idibus
1411 2668 1496 2721 Ioui.
