1685 2954
123 113 223 143 CLIV
636 113 641 119 “
747 118 804 146 DE
833 118 967 148 FERIIS

121 211 365 261 quiescebant,
402 224 447 249 ne
470 213 585 250 altum
615 226 682 263 pro
716 215 790 254 alio
823 218 1042 256 nominando
1074 219 1178 266 falsa
1202 220 1370 268 religiione
1394 222 1564 271 populum

120 273 336 323 adliyasrent.
389 277 468 311 Eas
502 273 619 321 ferias
651 278 686 313 si,
719 279 798 326 quis
829 279 1037 327 polluisset,
1071 281 1282 330 piaculoque
1307 281 1349 318 ob
1373 281 1466 319 hanc
1488 296 1563 320 rem

118 347 210 385 opus
234 339 336 380 esset,
363 335 520 373 hostiam
545 339 584 373 si
611 336 710 386 deo,
736 341 776 376 si
803 339 914 378 deae
937 342 1196 387 inmuolabant,
1225 344 1327 392 idque
1353 345 1406 380 na
1431 355 1477 379 ex
1498 343 1562 381 de-

118 401 212 434 creto
236 394 446 445 pontificum
472 398 698 436 obseruatum
724 412 798 438 esse
815 404 874 439 M.
903 405 1021 440 Varro
1050 403 1145 448 (licit,
1173 407 1343 453 quoniam
1369 409 1403 440 et
1427 416 1501 453 qna
1524 407 1563 443 ui

118 462 152 494 et
178 470 242 506 per
267 470 370 507 quem
394 458 539 496 deornm
565 460 757 499 dearumve
783 467 879 500 terra
905 469 1080 512 tremeret,
1110 467 1283 502 incertum
1310 470 1412 503 esset.

217 522 252 555 2.
292 519 400 556 Seru.
428 520 473 555 ad
501 533 557 569 ge.
587 525 620 566 1,
639 525 733 559 269:
782 526 883 561 Sane
918 525 1098 562 sciendum
1131 527 1324 563 secundnm
1365 530 1562 565 Varronem

115 583 243 617 contra
267 580 473 628 religionem
499 594 595 630 esse,
620 585 655 620 si
679 584 735 621 nel
761 586 952 633 irrigentur
977 590 1076 634 agri,
1108 588 1165 624 uel
1191 588 1358 625 leuentur
1383 588 1563 626 animalia

113 639 220 687 feslsis
244 641 384 678 diebus:
409 642 588 691 nymphae
611 647 704 681 enim
729 648 805 682 sine
829 646 972 695 piaculo
997 660 1069 686 non
1093 654 1245 697 possunt
1270 652 1418 686 moueri.

215 706 250 739 3.
291 703 388 740 Plut.
416 711 555 753 quaest.
583 706 654 742 Ro.
683 719 712 742 c.
733 707 818 742 105.
859 703 945 743 Λιοὶ
972 706 1058 744 τίνα
1088 707 1219 746 αἰτίαν
1247 708 1287 746 ἓν
1314 712 1403 754 ταῖς
1430 709 1560 760 δημο-

114 760 222 807 σιάις
248 759 406 813 ἑορταῖς
434 760 531 808 ἔθος
560 761 631 802 οὐκ
665 761 721 810 ἴςι
760 768 982 816 γαμεῖσθαι
1010 768 1266 818 παρθένους,
1300 768 1341 807 αἱ
1369 768 1412 808 oa}
1437 774 1561 821 χῆραι

111 825 360 875 mimenni,-
389 822 572 877 πότερον,
600 821 654 871 ὥς
681 820 702 864 ὃ
728 822 902 879 Βάῤῥων
934 825 1100 878 εἴρηκεν,
1128 827 1189 868 ὅτι
1217 827 1461 879 λυπούμεναι
1485 830 1560 881 μὲν

111 883 154 924 αἱ
181 883 378 936 παρθένοι
405 889 642 938 γαμοῦνται,
665 887 884 943 χαξρουσαι
913 888 956 928 δὲ
984 887 1025 927 αἲ
1053 894 1247 940 γυναῖκες,
1277 888 1400 943 ἑορτῇ
1430 890 1474 930 ὸὲ
1500 893 1566 932 δεῖ·

109 946 245 998 μηθὲν
271 947 546 998 λυπουμένους
578 953 725 1000 ποιεῖν,
757 950 862 1001 μηδὲ
896 948 996 1002 πρὸς
1025 947 1202 1003 ἀνάγκην
1213 969 1228 1004 ,·
1262 978 1302 983 -
1338 956 1416 992 Csr.
1443 956 1558 994 Macr.

109 1017 178 1048 sat.
208 1016 243 1057 1,
263 1011 322 1056 15,
348 1024 386 1061 p.
402 1014 490 1048 262.

208 1073 265 1110 De
290 1072 394 1120 feriis
419 1074 473 1120 iis,
499 1085 595 1123 quae
621 1073 667 1110 ad
693 1074 780 1111 deos
807 1088 878 1111 non
906 1077 1182 1125 pertinuerunt,
1211 1078 1414 1115 Varronem
1442 1080 1559 1129 egisse

108 1134 144 1171 in
171 1134 270 1172 libris
296 1147 360 1172 sex
386 1148 507 1172 rerum
535 1135 792 1182 humanarum,
820 1150 911 1186 quos
938 1138 985 1174 de
1012 1139 1236 1187 temporibus
1263 1140 1419 1189 scripsit,
1448 1154 1557 1191 opor-

108 1202 180 1234 tet:
207 1195 254 1233 de
279 1198 501 1246 imperatiuis
528 1197 814 1245 magistratuum,
841 1199 916 1236 uid.
938 1200 1051 1236 Macr.
1069 1207 1137 1236 sat.
1161 1205 1193 1244 l,
1212 1202 1271 1246 16,
1295 1213 1332 1249 p.
1349 1203 1438 1249 264,
1466 1215 1556 1251 qua-

106 1258 160 1296 les
187 1270 208 1295 a
233 1259 364 1295 Bibulo
391 1259 530 1308 collega
555 1258 708 1295 indictas
737 1260 936 1307 neglexisse
965 1262 1159 1298 Caesarem
1188 1261 1363 1297 traditur:
1391 1262 1437 1298 de
1463 1276 1556 1301 nun-

105 1319 222 1368 dinis,
261 1320 332 1357 uid.
360 1320 529 1357 Seruium
556 1321 603 1357 ad
629 1333 687 1370 ge.
717 1325 751 1365 1,
778 1323 851 1358 275
879 1329 915 1358 et
943 1322 1170 1358 Macrobinm
1197 1336 1234 1373 p.
1250 1325 1324 1358 268
1353 1323 1555 1361 Varronem

105 1381 317 1419 laudantes:
341 1381 388 1418 de
415 1381 496 1418 belli
521 1382 619 1419 feriis
647 1384 775 1420 librum
800 1383 1035 1419 humanarum
1056 1390 1259 1420 antestatur
1278 1385 1419 1422 Gellius
1442 1387 1554 1433 1‚25.

105 1441 164 1479 De
188 1442 286 1480 seriis
311 1445 420 1479 sacris
457 1454 544 1479 uero
580 1445 693 1481 multa
728 1458 772 1481 ex
799 1445 867 1481 hoc
893 1445 984 1480 libro
1015 1457 1054 1481 se
1082 1446 1292 1492 repetiuisse
1319 1447 1353 1481 in
1380 1454 1482 1484 sexto
1509 1448 1555 1485 de

103 1503 129 1542 l.
155 1504 180 1542 l.
206 1504 285 1554 ipse
317 1505 451 1541 indicat
477 1507 500 1552 ς
525 1508 594 1542 13:
631 1511 671 1542 ut
705 1508 743 1543 in
777 1508 1037 1555 antiquitatum
1073 1506 1173 1542 libris
1204 1506 1459 1545 demonstran&
1513 1507 1555 1545 In

103 1565 174 1602 hoc
199 1578 334 1614 genere
359 1567 611 1616 requirebatur
637 1569 765 1617 quibus
793 1569 1057 1616 residerentur,
1097 1580 1118 1604 a
1145 1569 1296 1616 quibus,
1331 1576 1368 1605 et
1393 1569 1554 1618 inprimis

104 1626 276 1676 quando,
312 1629 480 1677 quoniam
509 1628 555 1665 de
581 1631 691 1666 sacris
720 1631 942 1680 temporibus
969 1631 1190 1679 potissimum
1218 1631 1406 1679 agebatur.
1463 1632 1555 1668 Hinc

104 1699 184 1724 esse
211 1688 376 1737 uidetur,
411 1690 510 1739 quod
540 1703 634 1739 quae
659 1691 831 1727 feriarum
859 1691 1064 1727 discrimina
1093 1704 1114 1727 a
1141 1693 1375 1741 scriptoribus
1403 1693 1553 1730 tradun-

104 1754 179 1797 tur,
205 1749 252 1785 ad
279 1761 358 1786 eam
386 1763 549 1788 normam
575 1752 654 1789 sere
680 1752 914 1788 deliniuntur.
968 1753 1097 1788 Vtrum
1125 1753 1190 1790 diis
1217 1754 1338 1801 certis,
1365 1767 1410 1790 an
1437 1755 1553 1791 incer-

101 1811 172 1859 tis,
199 1811 324 1861 quales
349 1813 385 1848 in
411 1812 541 1860 fragm.
564 1817 583 1849 l
613 1813 836 1860 indicantur,
870 1814 1172 1862 obseruarentur‚
1209 1822 1353 1852 totusue
1379 1817 1551 1865 populus,

102 1884 151 1909 an
177 1885 262 1922 pars
288 1875 362 1910 eius
389 1875 429 1910 iis
457 1881 667 1922 teneretur,
704 1888 776 1911 non
813 1888 929 1925 aeque
955 1876 1160 1911 interfuisse
1187 1875 1349 1924 uidetur,
1382 1885 1479 1914 certe
1504 1877 1551 1915 ad

102 1935 250 1971 nomina
284 1935 455 1973 seriarum
494 1937 686 1986 generibus
721 1937 889 1986 imposita
926 1937 1009 1973 nihil
1039 1938 1209 1973 momenti
1236 1937 1372 1973 habuit.
1425 1938 1553 1988 ltaque

101 1997 258 2046 primum
284 1997 472 2035 discrimen
502 2011 523 2035 a
550 1998 680 2034 Seruio
708 1998 753 2034 ad
782 1999 872 2034 Aen.
902 2003 938 2046 l,
960 2001 1034 2035 632
1061 2000 1215 2035 traditur
1248 1999 1489 2053 leyitimarum
1515 1999 1550 2038 h.

102 2069 153 2107 e.,
182 2064 222 2095 ut
248 2071 315 2108 ego
350 2061 591 2110 interpretor,
630 2072 775 2107 earum,
805 2072 900 2109 quae
935 2069 1036 2096 more
1071 2067 1220 2110 recepto
1259 2060 1551 2110 quandocunque

99 2121 316 2169 agebantur,
341 2128 378 2158 et
403 2121 638 2165 indictarum,
665 2123 741 2157 siue
768 2121 1042 2168 imlictinarnm,
1065 2133 1170 2169 qnae,
1198 2121 1330 2168 inquit,
1357 2120 1474 2157 subito
1500 2119 1549 2157 ml

97 2193 269 2231 praesens
296 2187 434 2232 tempus
459 2183 707 2220 indicebantur
733 2184 934 2232 cuicunque
960 2182 1029 2219 deo
1058 2195 1148 2231 opus
1178 2182 1292 2217 uisum
1319 2189 1387 2217 est.
1438 2182 1546 2229 Legi-

98 2243 204 2279 timas
230 2250 293 2280 aut
319 2245 430 2280 fuisse
456 2249 594 2291 statas,
622 2252 684 2282 aut
710 2247 936 2293 conceptinas
963 2245 1079 2281 Varro
1105 2243 1210 2279 docet
1232 2243 1277 2278 (le
1305 2243 1329 2279 l.
1353 2243 1375 2279 l.
1396 2244 1434 2289 6,
1461 2244 1546 2288 §25

97 2310 136 2340 et
156 2307 205 2341 26
231 2306 399 2356 idemque
425 2308 656 2356 conceptiuas
683 2307 814 2342 dirimit
850 2306 982 2341 ibidem
1018 2306 1054 2341 iu
1091 2304 1241 2341 cumules
1271 2310 1306 2340 et
1330 2316 1401 2341 non
1430 2315 1547 2340 ιιηηα-

97 2365 161 2402 les.
202 2366 445 2416 Conceptiuas
475 2381 544 2404 non
572 2368 720 2405 annales
749 2379 819 2403 non
849 2366 1018 2402 uidentur
1045 2367 1186 2402 nouisse
1206 2365 1340 2401 Paulus
1361 2378 1397 2413 p.
1413 2368 1473 2409 62,
1500 2364 1545 2400 15

97 2433 135 2463 et
160 2426 274 2464 Macr.
305 2432 339 2475 1,
360 2431 420 2474 16,
450 2442 488 2478 p.
500 2431 595 2465 264:
628 2430 685 2465 hic
711 2435 830 2464 tamen
862 2441 942 2464 cum
970 2430 1163 2477 quotannis
1190 2430 1224 2464 in
1252 2427 1327 2463 dies
1352 2430 1465 2462 certos
1489 2426 1546 2462 uel

98 2490 208 2525 etiam
231 2490 385 2526 incertos
406 2481 522 2526 'serias
556 2491 700 2540 concipi
726 2491 849 2526 solitas
877 2489 1007 2533 tradit,
1046 2502 1177 2524 nouum
1216 2487 1396 2524 annalium
1422 2487 1545 2523 discri-

98 2561 183 2586 men
209 2550 369 2598 inducit,
398 2563 470 2587 non
500 2552 776 2601 negligendum,
801 2552 936 2601 quippe
963 2551 1134 2599 exemplis
1164 2549 1402 2586 demonstrari
1429 2559 1546 2598 aeque

100 2617 222 2660 potest
248 2623 291 2647 ac
316 2613 468 2662 reliqua.
525 2614 697 2662 Quinque
723 2619 805 2649 sunt
832 2625 981 2662 genera,
1008 2623 1160 2661 quorum
1190 2610 1456 2659 unumquoduis
1483 2616 1544 2646 aut

94 2672 307 2722 publicum,
332 2680 492 2712 autnon
519 2674 715 2724 publicum.
768 2674 825 2711 De
857 2674 1035 2710 indietiuis
1062 2673 1155 2719 dixi,
1193 2684 1260 2709 nec
1294 2671 1403 2708 credo
1437 2671 1543 2718 salso,
