1685 2954
631 87 696 115 ΛΡ.
729 86 911 116 ovmtvM
1417 86 1489 115 Lxl

47 191 239 241 gligentiae
266 189 411 238 coargui
438 185 604 233 uidetur,
641 197 736 235 quae
762 192 883 222 tamen
909 187 945 223 in
972 186 1187 234 interpretes
1213 182 1350 221 recidit.
1402 184 1488 222 Non

45 252 131 289 mihi
156 252 304 288 dubium
330 254 406 295 est,
443 248 529 297 quin
567 248 699 283 ueteris
733 247 861 297 lapidis
896 247 1139 297 fragmentum
1166 245 1363 282 Praeneste
1388 247 1488 284 initio

46 326 140 350 saec.
167 314 253 350 XVI
277 315 483 360 repertum,
521 308 824 357 quemadmodum
850 308 1013 344 homines
1038 308 1133 344 docti
1168 314 1310 344 maturo
1338 319 1486 345 censue-

45 381 144 422 runt,
170 375 217 412 ad
236 382 393 410 mensem
412 369 649 406 Februarium
677 369 851 406 fastorum
874 369 991 405 Verrii
1010 370 1130 406 Flacci
1152 370 1345 419 pertineat,
1372 381 1488 419 quan-

45 437 176 473 tumuis
203 443 394 485 perperam
421 431 456 467 in
484 444 615 468 nouem
642 431 836 468 uersiculos
863 442 884 467 a
910 430 1041 467 Fuluio
1072 429 1231 480 Vrsino,
1266 432 1326 482 qui
1351 433 1487 482 primus

45 497 168 542 edidit,
193 497 242 533 ita
267 495 510 543 descriptum:

354 554 469 592 NON
486 583 494 591 .
510 555 547 592 N
562 583 570 592 .
586 554 924 592 CONCORDLAE

354 617 409 653 IN
425 645 434 653 .
448 617 584 654 ARCE
600 646 609 654 .
623 618 806 654 FERIAE
821 646 830 654 .
841 617 912 653 EX

354 678 864 722 S.C.QVOD.E0.D1E

352 740 656 778 IMPERATOR
671 768 680 778 .
696 740 893 777 CAESAR

354 802 629 840 AVGVSTVS
644 831 653 840 .
668 801 932 840 PONTIFEX

354 863 588 900 MAXIMVS
605 891 613 900 .
627 864 662 898 T
664 864 748 901 RIB
764 892 772 900 .
788 862 1007 900 POTEST.

354 926 442 962 XXI
454 953 463 962 .
477 924 577 962 COS
590 952 600 961 .
613 924 698 960 XIII
710 952 719 961 .
732 926 763 960 A
777 952 785 961 .
801 925 1009 961 SENATV

354 985 560 1023 POPVLO
572 1013 582 1022 .
595 986 699 1028 QVE
715 1014 723 1022 .
736 986 961 1024 ROMANO
974 1014 983 1023 .
998 986 1166 1022 PATER

352 1047 568 1084 PATRIAE
582 1075 591 1084 .
604 1047 950 1084 APPELLATVS.

43 1111 215 1149 Homines
241 1109 338 1147 docti
364 1111 425 1159 qui
451 1111 488 1145 in
526 1121 608 1146 eum
645 1109 801 1159 lapidem
829 1109 1060 1146 commentati
1085 1114 1191 1155 sunt,
1228 1108 1391 1147 Norisius
1418 1109 1490 1146 Ce-

41 1179 120 1211 not.
155 1172 228 1209 Pis.
257 1176 303 1220 2,
331 1174 377 1219 8,
414 1171 623 1207 Perizonius
659 1171 849 1207 Animadu.
884 1170 965 1206 hist.
1002 1182 1033 1206 c.
1059 1172 1106 1217 7,
1140 1171 1336 1219 Fogginius
1372 1173 1492 1221 praef.

41 1248 80 1285 p.
95 1246 164 1271 ΧΠ
182 1247 253 1283 sq.,
281 1246 405 1270 omnes
429 1233 537 1270 serias
563 1232 788 1270 Concordiae
813 1234 848 1268 in
876 1243 959 1268 arce
984 1232 1163 1268 institutas
1192 1234 1316 1269 dicunt
1340 1239 1494 1282 propter

41 1297 169 1346 populi
193 1308 404 1332 consensum
432 1295 468 1330 in
495 1294 693 1331 deferendo
717 1295 868 1343 Augusti
894 1294 1118 1342 cognomine.
1170 1295 1249 1330 Hoc
1275 1301 1353 1330 erat
1378 1295 1493 1344 negli-

41 1359 186 1408 gentiae
211 1358 399 1407 postulare
427 1355 620 1403 Ouidium,
657 1357 719 1405 qui
744 1362 818 1392 tam
845 1356 982 1404 insigne
1015 1355 1176 1404 sactum,
1212 1363 1360 1406 tamque
1386 1363 1494 1394 acute

41 1420 140 1470 quod
175 1419 351 1469 applicari
383 1419 583 1468 potuisset,
621 1419 751 1454 omisit.
816 1417 927 1461 Quod
963 1418 1097 1466 ignosci
1130 1425 1251 1468 potest
1275 1418 1421 1454 Norisio
1456 1426 1494 1455 et

39 1482 230 1519 Perizouio
268 1487 482 1531 peccatum,
526 1478 702 1516 fastorum
739 1479 1058 1516 Praenestinorum
1097 1480 1225 1516 editori
1264 1481 1323 1516 uix
1358 1486 1492 1529 potest.

39 1543 229 1593 Nusquam
268 1543 362 1579 enim
400 1548 463 1578 aut
497 1542 532 1577 in
568 1538 676 1577 sastis'
706 1541 849 1589 Verrii,
893 1549 956 1578 aut
990 1542 1026 1577 in
1063 1542 1141 1578 ullis
1176 1540 1251 1578 aliis
1286 1541 1494 1578 indicuntur

46 1605 227 1642 Gar-menti
251 1603 389 1651 feriae,
416 1604 539 1640 Marti
564 1602 700 1649 feriae,
733 1603 866 1640 Annae
890 1606 1076 1644 Perennae
1100 1603 1241 1650 feriae,
1267 1603 1407 1652 Robiyo
1433 1603 1493 1651 fe-

40 1667 140 1713 riae,
182 1665 342 1703 Volcano
368 1665 506 1713 feriae,
544 1672 653 1712 caet.‚
679 1665 743 1701 sed
771 1666 927 1714 ubique:
964 1665 1080 1712 feriae
1111 1665 1306 1702 Gai-menti.
1358 1666 1494 1702 Distin-

42 1725 226 1776 guendum
244 1727 354 1774 igitur
380 1728 429 1763 ita
447 1733 521 1763 est:
549 1728 648 1764 Non.
671 1729 722 1763 N.
747 1726 966 1764 Cotwordiae
981 1729 1020 1764 in
1037 1737 1138 1763 arce:
1164 1726 1231 1764 hoc
1251 1733 1320 1774 est,
1347 1739 1495 1764 sacrum.

42 1788 96 1836 fit.
149 1789 204 1825 lta
229 1788 435 1837 saepissime
465 1787 549 1823 fasti
584 1789 781 1836 loquuntur
807 1794 918 1836 atque
952 1789 1023 1834 ita,
1057 1787 1285 1823 distinctione
1320 1789 1493 1832 adhibita,

42 1849 316 1899 intelligendum
345 1856 400 1885 est
426 1848 524 1897 quod
552 1849 587 1884 in
615 1848 683 1883 cal.
712 1848 872 1897 Capran.
900 1859 1022 1884 mense
1047 1850 1211 1896 Augusto
1234 1849 1386 1896 legitur:
1415 1851 1495 1887 Sa-

40 1912 129 1957 lum
154 1909 375 1957 sacrificium
400 1909 496 1959 publ.
548 1908 689 1945 Deinde
717 1909 816 1958 apud
842 1909 1028 1945 Verrium:
1055 1911 1184 1946 Feriae
1207 1921 1253 1946 ex
1273 1911 1314 1946 S.
1340 1910 1379 1946 G.
1402 1909 1497 1958 qnod

42 1980 126 2016 etc„
163 1971 262 2022 quod
297 1973 382 2008 item
415 1978 471 2008 est
496 1970 840 2020 frequentissimum.
896 1970 1006 2013 Quod
1033 1978 1154 2007 autern
1180 1973 1327 2008 Verrius
1354 1983 1496 2007 sacrum

42 2033 120 2070 fieri
145 2035 181 2069 in
206 2033 293 2069 fano
315 2033 542 2070 Concordiae
569 2044 614 2069 eo
641 2031 700 2068 die
727 2033 881 2082 notauit,
907 2032 1102 2069 rectissime
1127 2032 1255 2069 secisse
1281 2031 1425 2068 uidetur
1450 2044 1496 2068 ex

42 2095 276 2144 antiquioris,
309 2101 350 2131 ut
375 2107 487 2144 saepe
511 2094 627 2141 solet,
663 2093 835 2129 historiae
861 2105 971 2142 penu.
1025 2093 1140 2130 Sacra
1168 2096 1261 2131 enim
1287 2094 1324 2129 in
1352 2094 1497 2143 templis

42 2168 88 2194 eo
113 2157 172 2193 die
197 2156 316 2192 solent
351 2155 453 2203 fieri,
490 2168 562 2205 quo
598 2156 685 2191 olim
722 2154 889 2191 dedicata
915 2161 1012 2191 sunt.
1064 2155 1182 2192 Aedes
1218 2167 1306 2191 uero
1341 2155 1378 2190 in
1413 2165 1498 2191 arce

43 2217 271 2255 Concordiae
297 2217 463 2254 dedicata
490 2224 545 2254 est
570 2217 675 2254 Liuio
702 2216 883 2253 referente
909 2219 971 2261 23,
1002 2220 1050 2252 21
1079 2218 1196 2267 primo
1223 2228 1311 2253 uere
1337 2217 1422 2253 anni
1449 2216 1496 2254 V.

43 2279 88 2316 C.
115 2279 211 2315 537:
248 2278 448 2315 Casilinum
474 2284 557 2327 post
582 2278 734 2316 hiberna
757 2279 935 2328 Capuana
963 2284 1110 2328 captum
1136 2285 1305 2315 narratur
1333 2290 1414 2328 cap.
1434 2280 1498 2325 19,

41 2351 158 2376 nouos
185 2340 351 2375 consules
376 2339 431 2376 Id.
459 2339 568 2377 Mart.
597 2340 846 2388 magistratum
882 2340 1003 2377 iniisse
1029 2352 1110 2390 cap.
1131 2343 1203 2388 303
1241 2340 1329 2377 nihil
1355 2341 1408 2377 rei
1432 2353 1499 2377 su-

40 2401 175 2451 periori
201 2407 368 2450 tempore
389 2401 531 2437 Romae
564 2398 688 2450 g‘estae
724 2403 839 2450 repeti
867 2400 999 2437 docent
1025 2404 1145 2451 capita
1172 2405 1217 2438 11
1245 2408 1283 2438 et
1309 2403 1371 2439 14.
1423 2402 1499 2438 Ve-

42 2475 124 2500 rum
151 2463 213 2499 illa
239 2463 466 2499 Concordiae
492 2463 527 2499 in
555 2474 639 2498 arce
663 2462 797 2509 aedes,
833 2474 929 2512 quae
954 2462 1070 2500 Nonis
1096 2463 1304 2501 Februariis
1330 2462 1498 2500 dedicata

42 2523 201 2571 uidetur,
227 2531 311 2573 post
337 2536 471 2561 annum
502 2523 549 2561 V.
580 2524 623 2560 C.
650 2524 747 2570 544,
774 2523 856 2561 Liu.
884 2525 948 2571 26,
977 2528 1039 2570 23,
1068 2537 1245 2575 nusquam
1273 2537 1498 2561 commemo-

44 2591 167 2632 ratur,
193 2585 292 2635 quod
317 2588 451 2634 sciam,
479 2592 517 2623 et
541 2585 571 2622 si
599 2585 659 2622 uel
685 2584 906 2634 superfuerit
932 2584 1056 2623 Ouidii
1082 2594 1225 2635 aetate,
1262 2587 1349 2623 satis
1376 2592 1497 2622 tamen

45 2653 232 2684 excusatus
257 2646 315 2685 hic
341 2655 418 2697 est,
445 2648 474 2685 si
501 2646 632 2695 modo,
669 2646 768 2697 quod
798 2648 913 2696 euici,
938 2646 986 2684 ad
1010 2648 1162 2697 Augusti
1188 2659 1389 2697 cognomen
1416 2657 1491 2683 non
1514 2671 1518 2674 »
